2014 3146
275 103 380 155 310
945 102 1196 144 EUSEBII

547 216 602 237 CC(

223 253 240 275 c
398 231 523 279 XIX.
603 220 741 289 Εξῆς
775 215 824 273 6
862 213 932 274 ἂν
963 216 1076 274 εἷεν
1106 221 1163 273 οί
1189 218 1440 290 λέγοντες
1463 217 1604 291 μόνα
1627 218 1693 276 τὰ
1717 217 1874 291 πάθη

270 300 612 374 καταληπτά·
659 304 819 359 τοῦτο
863 299 913 357 6’
955 301 1111 358 εἷπον
1143 307 1279 359 ἔνιοι
1318 305 1430 358 τῶν
1462 305 1520 359 ἐκ
1558 306 1654 375 τῆς
1685 301 1879 377 Κυρή-

269 412 382 460 νης.
445 379 598 444 οὗτοι
630 384 682 442 δ’
733 388 954 458 ἠξίουν,
1001 383 1186 460 ὥσπερ
1225 382 1334 442 ὑπὸ
1367 385 1540 458 κάρου
1569 386 1882 460 πιεζόμενοί

268 496 435 543 τινος,
467 469 634 528 οὐδὲν
666 472 875 527 εἰδέναι
906 468 965 526 τὸ
996 468 1276 543 παράπαν,
1310 476 1362 527 εί
1387 469 1462 543 μή
1490 494 1571 538 τις
1601 470 1878 544 παραστάς

270 555 471 623 αὐτοὺς
512 563 666 612 παίοι
707 556 799 611 καὶ
841 552 1076 630 κεντῴη
1130 553 1409 627 καιόμενοι
1455 554 1559 627 γὰρ
1613 560 1803 627 ἔλεγον
1843 553 1875 628 ἢ
1901 575 1919 606 5

268 638 596 713 τεμνόμενοι
626 637 964 712 γνωρίζειν
945 637 1027 695 ότι
1058 638 1322 711 πάσχοιεν
1350 654 1428 695 τι
1466 637 1698 712 πότερον
1730 640 1791 696 δὲ
1821 639 1883 696 τὸ,

270 738 430 782 καῖον
462 734 546 797 εἴη
578 728 710 796 πῦρ,
742 719 775 796 ἢ
807 722 866 780 τὸ
887 725 1088 796 τέμνον
1109 729 1354 797 σίδηρος,
1387 720 1488 780 οὐκ
1507 729 1653 797 ἔχειν
1685 729 1877 782 εἰπεῖν

224 827 246 858 d
270 814 317 866 2.
351 807 477 876 τούς
511 807 579 880 δὴ
610 812 782 865 ταῦτα
813 809 1071 880 λέγοντας
1103 804 1278 874 εὐθυς
1310 807 1487 880 ἔροιτό
1516 831 1598 874 τις
1628 804 1699 864 ἂν
1732 814 1783 865 εί
1812 806 1880 881 δὴ

269 898 430 951 τοῦτο
450 897 590 965 γοῦν
617 902 803 950 ἴσασιν
827 889 1004 964 αὐτοὶ,
1038 890 1176 949 διότι
1204 891 1484 966 πάσχουσί
1496 917 1546 949 τι
1567 894 1660 949 καὶ
1683 891 1881 950 αἰσθά-

269 1001 476 1036 νονται.
546 975 619 1050 μὴ
662 975 867 1043 εἰδότες
907 1001 1009 1049 μεν
1049 977 1154 1049 γὰρ
1195 975 1317 1034 οὐδ’
1371 983 1547 1034 εἰπεῖν
1578 982 1883 1048 δυνηθεῖεν
1907 996 1946 1027 10

270 1058 340 1120 ἀν
368 1059 452 1119 ὅτι
481 1061 657 1135 μόνον
689 1071 839 1119 ἴσασι
868 1059 928 1118 τὸ
959 1060 1164 1127 πάθος
1224 1067 1274 1117 εί
1306 1058 1359 1117 6'
1394 1053 1468 1117 αὖ
1497 1069 1879 1134 γνωρίζουσιν,

271 1143 374 1204 οὐκ
403 1143 472 1203 ἂν
504 1156 588 1218 εἰη
629 1145 771 1218 μόνα
814 1170 878 1202 τα
918 1145 1074 1218 πάθη
1115 1145 1446 1218 καταληπτά.
1517 1145 1576 1202 τὸ
1607 1143 1881 1218 γάρ“ε’γι·ὂ

271 1227 531 1304 καίομαι”
565 1229 726 1304 λόγος
756 1222 827 1302 ἦν
856 1232 948 1286 καὶ
978 1229 1045 1287 οὗ
1077 1229 1272 1297 πάθος.
1325 1233 1372 1286 3.
1406 1227 1545 1286 ἀλλὰ
1575 1228 1686 1302 μὴν
1715 1228 1881 1302 ἀνάγ-

271 1340 339 1388 κη
379 1338 443 1387 γε
473 1322 597 1389 τρία
627 1318 800 1373 ταῦτα
830 1321 1315 1387 συνυφίστασθαι,
1358 1313 1419 1371 τό
1450 1338 1508 1371 τε
1538 1313 1718 1380 πάθος
1750 1312 1882 1371 αὐτὸ

271 1401 363 1457 καὶ
394 1399 454 1456 τὸ
485 1403 683 1457 ποιοῦν
713 1401 804 1456 καὶ
826 1397 885 1456 τὸ
916 1397 1144 1473 πάσχον.
1191 1395 1220 1456 6
1252 1404 1446 1456 τοίνυν
1475 1395 1882 1471 ἀντιλαμβανό-
1906 1415 1946 1447 15

271 1508 434 1556 μενος
465 1487 568 1541 τοῦ
597 1483 816 1550 πάθους
838 1482 1057 1551 πάντως
1078 1481 1395 1541 αἰσθάνοιτ’
1429 1479 1498 1541 ἂν
1525 1485 1617 1540 καὶ
1648 1487 1745 1540 τοῦ
1775 1481 1886 1539 πά-

272 1586 514 1642 σχοντος.
578 1566 644 1626 οὐ
680 1567 786 1642 γὰρ
830 1565 960 1640 δὴ”’
929 1592 1012 1625 οτι
1051 1593 1181 1642 μεν,
1217 1574 1268 1624 εί
1297 1566 1482 1641 τύχοι,
1523 1568 1913 1641 θερμαίνεται

271 1668 527 1727 γνωριεῖ,
569 1651 806 1725 πότερον
854 1651 907 1708 δ’
960 1650 1125 1719 αὐτὸς
1165 1650 1199 1725 ἢ
1241 1648 1269 1709 6
1313 1659 1542 1724 γείτων,
1593 1649 1880 1752 ἀγνοήσει

272 1739 364 1793 καὶ
395 1740 503 1794 νῦν
534 1732 566 1808 ἢ
599 1740 827 1809 πέρυσι,
860 1739 950 1793 καὶ
978 1734 1283 1809 Ἀθήνησιν
1312 1733 1345 1808 ἢ
1379 1741 1440 1793 ἐν
1471 1734 1760 1812 Αἰγύπτῳ,
1793 1737 1884 1791 καὶ

274 1824 379 1918 ζοὲν
410 1818 442 1893 ἢ
467 1822 730 1892 τεθνεως,
763 1826 841 1876 ἔτι
874 1821 934 1877 δε
958 1819 1257 1892 ανθρωπος
1282 1817 1360 1876 ὢν
1381 1815 1414 1892 ἢ
1447 1826 1620 1886 λίθος.
1673 1824 1722 1876 4.
1756 1815 1882 1876 οὐκ·
1905 1841 1947 1872 20

166 1930 255 1974 [447]
272 1929 374 1962 ουν
415 1915 617 1962 εἴσεται
650 1907 740 1961 καὶ
771 1901 874 1976 ὑφ’
916 1903 1046 1962 ὅτου
1079 1903 1300 1977 πάσχει
1344 1906 1436 1960 καὶ
1474 1902 1579 1977 γάρ
1611 1902 1884 1975 ἀλλήλους

271 1995 601 2062 γνωρίζουσι
651 1991 741 2045 καὶ
792 1988 959 2054 ὁδοὺς
1011 1992 1103 2046 καὶ
1143 1987 1326 2054 πόλεις
1369 1990 1460 2045 καὶ
1499 1987 1602 2060 τὴν
1641 1986 1880 2061 τροφήν

271 2078 329 2130 οἵ
351 2071 401 2130 τ’
438 2098 507 2131 av
550 2088 791 2146 τεχνῖται
830 2073 895 2129 τὰ
944 2076 1201 2146 ἐργαλεῖα
1231 2072 1296 2129 τά
1330 2069 1516 2130 αὐτῶν
1546 2077 1758 2144 οῑὸασι,
1792 2074 1884 2128 καὶ

271 2162 378 2214 οῖ’
357 2160 534 2231 ιατροὶ
565 2161 655 2214 καὶ
686 2159 936 2215 ναυτικοὶ
969 2162 1326 2230 σημειοῦνται
1366 2155 1431 2214 τά
1463 2160 1760 2229 μέλλοντα,
1794 2157 1884 2212 καὶ

163 2265 253 2307 (765)
272 2266 383 2299 των
412 2248 632 2315 θηρίων
661 2246 718 2299 οι
745 2265 908 2308 κυνες
941 2238 1259 2344 εὑρίσκοῖυσι
1282 2240 1409 2307 τοὺς
1440 2248 1678 2313 στίβους.
1721 2245 1769 2296 5.
1805 2247 1882 2297 ἔτι
1906 2257 1947 2289 25

271 2350 333 2398 γε
364 2325 476 2398 μὴν
499 2325 527 2383 ὁ
559 2347 791 2399 πασχων
820 2350 871 2382 τι
902 2325 1121 2392 πάντως
1151 2323 1185 2398 ἢ
1228 2325 1300 2392 ὡς
1331 2331 1540 2383 οἰκείου
1569 2321 1778 2390 τινὸς’“
1747 2349 1780 2397 η
1813 2348 1885 2390 ως

272 2408 569 2483 ἀλλοτρίου
610 2410 828 2477 πάθους
870 2409 1349 2483 ἀντιλαμβάνεται.
1412 2409 1591 2467 πόθεν
1633 2410 1736 2465 οὐν
1779 2411 1885 2476 ε’ξει

273 2496 455 2565 λέγειν
484 2517 566 2550 οτι
596 2497 755 2551 τοῦτο
787 2497 888 2567 μέν
920 2498 1069 2552 ἐστιν
1099 2490 1302 2568 ἡδονὴ,
1334 2517 1495 2551 τουτο
1531 2494 1590 2550 δε
1621 2491 1818 2561 πόνος;
1850 2487 1884 2563 ἢ

272 2576 354 2634 ὅτι
394 2576 693 2651 γευόμενος
732 2575 765 2650 ἢ
805 2575 953 2650 ὁρων
997 2576 1030 2651 ἢ
1069 2577 1292 2636 ἀκούων
1331 2577 1531 2651 πάσχοι
1571 2601 1652 2646 τι;
1694 2577 1785 2632 καὶ
1818 2579 1883 2649 τῇ

272 2686 373 2734 μεν
403 2660 626 2737 γλώσσῃ
658 2660 985 2735 γευόμενος,
1026 2676 1139 2729 τοις
1182 2661 1231 2719 6’
1268 2661 1509 2735 ὄμμασιν
1548 2657 1726 2733 ὁρῶν,
1769 2673 1883 2726 τοῖς
1908 2692 1947 2724 30

274 2744 331 2802 6'
370 2744 509 2803 ωσὶν
541 2742 790 2815 ἀκουων;
823 2742 855 2818 ἢ
884 2768 999 2813 πως
1025 2756 1211 2804 ἰσασιν
1231 2745 1313 2803 ὅτι
1336 2747 1455 2803 τοδὶ
1473 2769 1574 2818 μεν
1598 2747 1882 2816 αιρεῖσθαι

274 2830 405 2904 χρὴ,
447 2832 567 2887 τοδὶ
611 2831 671 2887 δε
716 2829 974 2902 φεύγειν;
1018 2837 1070 2888 εί
1107 2832 1169 2888 δε
1207 2831 1382 2904 μηδεν
1421 2827 1632 2886 τούτων
1672 2841 1878 2899 γνοῖεν,
