2014 3146
622 138 836 182 PRAEP.
868 139 1087 182 EVANG.
1120 141 1242 181 X1v.
1264 140 1304 184 5.
1338 141 1379 182 6.
1676 139 1780 192 267

168 253 441 327 ἀλλήλους
470 251 651 329 μάχην
673 255 702 312 ὁ
726 255 828 328 μὲν
844 253 1198 329 Ἡράκλειτον
1221 258 1312 313 καὶ
1328 262 1638 315 Στίλπωνα
1668 255 1782 331 ἅμα

170 343 261 397 καὶ
292 339 585 413 Κράτητα,
617 331 696 397 οἷν
725 336 834 398 ὑπὸ
865 342 965 413 μὲν
995 347 1321 408 Στίλπωνος
1364 343 1578 414 ἐγένετο
1609 366 1779 415 μαχη-

169 422 294 525 τὴς,
333 419 443 481 ὑπὸ
484 424 545 480 δὲ
544 423 926 527 Ἡρακλείτου
968 422 1267 499 αὐστηρὸς,
1309 424 1533 493 κυνικὸς
1579 426 1641 483 δὲ
1669 425 1779 484 ὑπὸ

168 507 477 582 Κράτητος
533 504 562 565 ὁ
606 507 656 566 δ’
697 507 1047 582 Ἀρκεσίλαος
1093 509 1451 582 Θεόφραστον
1495 520 1636 584 ἰσχει
1684 513 1779 568 καὶ

123 616 144 648 5
169 591 462 666 Κραντορα
492 595 589 650 τὸν
622 594 981 652 Πλατωνικὸν
1012 598 1103 652 καὶ
1122 594 1435 669 Διόδωρον,
1469 595 1585 652 εἶτα
1615 594 1778 670 Πύρ-

168 702 347 751 ρωνα,
390 702 470 735 ων
507 676 617 735 ὑπὸ
657 702 760 751 μεν
797 678 1116 782 Κραντορος
1157 678 1624 753 πιθανουργικὸς,
1665 678 1775 738 ὑπὸ

166 761 464 836 Διοδώρου
506 763 568 820 δε
609 762 902 836 σοφιστὴς,
949 759 1058 821 υπὸ
1103 765 1163 820 δὲ
1207 762 1514 837 Πύρρωνος
1562 767 1776 837 ἐγένετο
1801 789 1822 822 d

165 844 517 912 παντοδαπὸς
557 849 648 904 καὶ
692 856 808 919 ἴτης
849 850 941 904 καὶ
983 846 1166 905 οὐδέν.
1241 852 1320 905 13.
1355 844 1387 904 ὃ
1427 850 1518 904 καὶ
1562 851 1775 920 ἐλέγετο

165 935 292 1005 περὶ
323 928 496 988 αὐτοῦ
526 929 804 1007 ᾆδόμενόν
842 955 894 989 τι
935 937 1063 998 ἔπος
1106 931 1440 1006 παράγωγον
1478 934 1568 989 καὶ
1607 933 1768 1007 ὑβρι-
1797 953 1889 996 [426]

106 1040 143 1071 ιο
166 1014 381 1090 στικὸν,

305 1105 494 1175 πρόσθε
520 1107 762 1175 Πλάτων,
801 1104 986 1161 ὅπιθεν
1013 1105 1262 1178 Πύρρων,
1301 1109 1474 1175 μέσσος
1504 1109 1774 1178 Διόδωρος.

172 1233 360 1301 Τίμων
391 1228 451 1285 δὲ
481 1230 572 1285 καὶ
603 1225 710 1285 ὑπὸ
744 1227 1085 1302 όΜενεδήμου
1115 1227 1176 1285 τὸ
1211 1226 1483 1301 ἐριστικόν
1513 1246 1650 1301 φησι
1682 1237 1775 1286 λα-

165 1310 336 1384 βόντα
368 1315 769 1387 ἐξαρτυθῆυαι,
804 1321 958 1385 εἴπερ
988 1337 1051 1385 γε
1083 1312 1152 1386 δή
1182 1331 1320 1385 φησι
1350 1315 1478 1385 περὶ
1508 1311 1684 1371 αὐτοῦ

305 1423 364 1488 τῇ
390 1419 479 1484 μὲν
506 1420 631 1503 ἔχων
657 1417 988 1503 Μενεδήμου
993 1414 1087 1470 ὑπὸ
1115 1421 1355 1481 στέρνοισι
1355 1418 1635 1502 μόλυβδον

102 1504 142 1536 15
306 1491 536 1540 θεύσεται
554 1484 630 1555 ,ἧ
658 1490 912 1557 Πύρρωνα
938 1484 991 1540 τό
1017 1494 1118 1541 πᾶν
1145 1491 1317 1558 κρέας,
1346 1483 1378 1554 ἦ
1408 1487 1677 1553 Διόδωρον.

169 1611 248 1665 14.
292 1621 412 1674 ταις
452 1632 555 1666 ουν
594 1607 919 1682 Διοδώρου,
963 1611 1312 1666 διαλεκτικου
1349 1606 1539 1679 ὄντος,
1580 1616 1878 1666 aestro-‹⁷30›

165 1698 374 1764 λογίαις
403 1691 532 1760 τούς
555 1692 850 1766 λογισμούς
880 1692 1007 1761 τούς
1030 1693 1338 1767 Πύρρωνος
1361 1695 1453 1750 καὶ
1475 1691 1535 1750 τὸ
1559 1712 1776 1751 σκεπτι-

164 1775 262 1834 κόν
293 1779 630 1846 καταπλέξας
663 1776 994 1851 διεκόσμησε
1024 1776 1192 1851 λόγου
1225 1776 1498 1850 δεινότητι
1526 1783 1591 1852 τῇ
1623 1777 1776 1836 Πλοῖ-

164 1885 335 1927 τωνος
377 1860 678 1936 φλήναφόν
716 1887 840 1920 τινα
879 1864 1435 1936 κατεστωμυλμένον,
1480 1864 1571 1920 καὶ
1622 1868 1775 1935 ἔλεγε

99 1969 142 2001 20
166 1947 255 2003 καὶ
297 1943 582 2020 ἀντέλεγε,
623 1950 715 2004 καὶ
753 1953 1198 2020 μετεκυλινδεῑτο
1239 1944 1508 2006 κάκεῖθεν
1547 1946 1775 2006 κάντεῦ-

164 2041 302 2102 θεν,
337 2033 714 2105 ἑκατέρωθεν,
756 2030 971 2090 ὁπόθεν
1010 2033 1191 2106 τύχοι,
1231 2030 1628 2105 παλινάγρετος
1681 2034 1774 2088 καὶ

165 2113 458 2189 δύσκριτος
508 2118 600 2172 καὶ
651 2115 988 2189 παλίμβολός
1040 2141 1100 2174 τε
1138 2114 1251 2189 ἅμα
1300 2119 1394 2173 καὶ
1444 2139 1774 2190 παρακεκιν·

166 2202 533 2272 δυνευμένος,
565 2197 734 2258 οὐδέν
765 2224 823 2258 τε
854 2200 1035 2273 εἰδὼς,
1070 2199 1143 2266 ὡς
1167 2198 1335 2266 αὐτὸς
1361 2205 1486 2272 ἔφη,
1518 2213 1773 2271 γενναῖος

166 2281 269 2340 ὤν·
339 2281 454 2340 sivo}
499 2305 614 2349 πως
656 2286 936 2356 ἐξέβαινεν
977 2281 1162 2357 ὅμοιος
1211 2297 1327 2350 τοῖς
1381 2282 1619 2356 εἰδόσιν,
1664 2280 1774 2342 ὑπὸ

100 2394 143 2426 25
167 2373 536 2441 σκιαγραφίας
556 2370 668 2425 τῶν
690 2366 872 2440 λόγων
888 2367 1236 2435 παντοδαπὸς
1261 2365 1770 2442 πεφαντασμένος.”

294 2462 368 2511 VI.
421 2457 532 2510 Τοῦ
561 2476 620 2510 τε
641 2450 936 2527 Ὁμηρικοῦ
969 2458 1245 2510 Τυδείδου
1273 2451 1556 2527 ὁποτέροις
1584 2459 1772 2526 μετείη
1799 2473 1819 2504 b

165 2534 571 2609 ἀγνοουμένου,
616 2534 744 2593 ούτε
797 2542 847 2594 εἰ
891 2540 1110 2612 Τρωσὶν
1161 2536 1368 2611 ὁμιλέοι
1419 2535 1548 2595 οὔτε
1593 2543 1643 2595 εί
1681 2539 1774 2594 καὶ

161 2618 421 2694 Ἀχαιοις,
469 2618 636 2677 οὐδεν
675 2613 838 2702 ᾖττον
864 2618 1209 2694 Ἀρκεσίλαος
1249 2619 1516 2695 ἠγνοεῖτο.
1577 2621 1637 2679 τὸ
1667 2621 1773 2696 γὰρ

168 2708 265 2762 ἕνα
295 2729 353 2762 τε
377 2703 543 2777 λόγον
566 2707 656 2762 καὶ
687 2704 889 2763 ταυτόν
919 2703 1042 2763 ποτ’
1079 2712 1257 2764 εἰπεῖν
1286 2704 1389 2764 οὐκ
1421 2709 1554 2779 ἐνῆν
1586 2709 1645 2762 ἐν
1670 2703 1774 2762 αύ-

102 2812 145 2846 30
167 2813 269 2866 τω,
312 2785 449 2847 ούδέ
483 2813 545 2862 γε
575 2787 733 2862 ἠξίου
772 2787 975 2864 ἀνδρὸς
1021 2791 1169 2849 εἷναί
1205 2814 1291 2848 πω
1333 2789 1391 2848 τό
1433 2793 1647 2848 τοιοῦτο
1680 2794 1773 2846 δε-

169 2875 286 2941 ξιοῦ
315 2872 588 2947 οὐδαμῶς.
653 2871 956 2947 ὠνομάζετο
987 2867 1091 2932 οὗν
