2014 3146
541 111 753 154 PRAEP.
783 112 1003 156 EVANG.
1032 113 1135 154 XII.
1169 115 1236 154 31.
1268 115 1336 153 32.
1652 110 1752 163 123

266 232 315 284 2.
349 229 460 284 Καὶ
503 230 563 283 ἐν
602 251 678 303 τῳ
717 228 945 305 πέμπτῳ
999 228 1060 284 δε
1110 233 1205 300 τῆς
1249 234 1538 296 Πολιτείας
1590 225 1752 302 ὅμοια

138 309 356 378 τούτοις
385 309 588 385 γράφει
617 309 750 369 τάδε
781 314 960 384 λέγων

259 394 492 453 “Οἶσθά
531 420 581 452 τι
612 387 715 453 οὖν
753 392 853 453 ὑπ’
890 378 1651 470 ἀνθρώπων.μελετώμενον,
1690 399 1751 455 ἐν

141 505 184 558 ῳ
215 478 281 538 οὐ
321 478 502 538 πάντα
541 484 717 537 ταῦτα
755 478 815 538 τὸ
855 505 968 538 των
998 479 1226 556 ἀνδρῶν
1264 484 1424 553 γένος
1458 480 1750 554 διαφερόν-

89 589 116 622 5
138 588 244 632 τως
276 570 388 639 ἔχει
418 561 542 638 ἢτὸ
572 568 684 622 τῶν
707 569 1019 670 γυναιμκῶνς
1051 562 1085 638 ἢ
1116 568 1545 639 μακρολογῶμεν
1567 565 1670 638 τήν
1691 589 1751 623 τε

135 647 452 723 υφαντικὴν
492 651 744 722 λέγοντες
793 652 885 707 καὶ
944 649 1046 722 τὴν
1094 675 1207 707 των
1253 649 1521 708 ποπάνων
1559 674 1618 707 τε
1657 652 1749 707 καὶ

137 732 436 808 ἑψημάτων
474 740 814 807 θεραπείαν,
858 737 918 791 ἐν
959 731 1041 801 οἷς
1075 733 1144 807 δή
1185 758 1237 791 τι
1281 739 1437 792 δοκεῖ
1462 732 1522 790 τὸ
1553 758 1748 806 γυναι-

136 832 290 875 κεῖον
311 821 471 890 γένος
498 818 658 891 εἶναι,
691 842 759 875 ου
783 820 875 875 καὶ
904 817 1443 890 καταγελαστότατόν
1463 821 1577 875 ἐστι
1609 818 1747 891 πάμ-

136 910 280 960 πολυ
319 898 664 976 ἡττώμενον;
715 907 762 960 3.
803 900 1010 975 Ἀληθῆ
1051 908 1186 975 ἔφη,
1237 905 1441 975 λέγεις,
1482 901 1566 959 ὅτι
1605 902 1746 959 πολὺ
1773 914 1794 946 d

68 1012 115 1044 ιο
137 1001 417 1060 κρατεῖται
461 991 522 1045 ἐν
562 984 800 1060 ἅπασιν,
846 983 920 1054 ὡς
962 993 1092 1054 ἔπος
1125 994 1331 1059 εἰπεῖν,
1371 987 1431 1044 τὸ
1462 990 1620 1060 γένος
1651 992 1750 1045 τοῦ

134 1073 354 1144 γένους·
400 1085 664 1144 γυναῖκες
693 1075 881 1147 μέντοι
911 1074 1110 1129 πολλαὶ
1133 1074 1355 1130 πολλων
1372 1069 1599 1145 ανδρῶν
1628 1078 1750 1144 βελ-

133 1163 286 1223 τίους
319 1162 396 1224 εἰς
427 1156 631 1214 πολλά
672 1155 733 1215 τὸ
758 1157 819 1214 δε
835 1153 968 1214 όλον
999 1163 1108 1230 ἔχει
1140 1181 1213 1224 ως
1237 1155 1307 1214 σύ
1323 1159 1516 1229 λέγεις.
1564 1154 1751 1215 Οὐδεν

134 1238 243 1314 άρα
275 1243 453 1313 ἐστὶν,
487 1234 528 1299 ὠ
559 1247 717 1314 φίλε,
763 1240 1102 1315 ἐπιτήδευμα
1132 1246 1245 1298 τῶν
1274 1240 1437 1299 πόλιν
1469 1240 1751 1299 διοικούν-

133 1350 246 1383 των
276 1325 539 1398 γυναικός
582 1325 722 1384 διότι
765 1326 939 1399 γυνὴ,
981 1322 1112 1383 οὐδ’
1145 1323 1379 1400 ἀνδρὸς,
1415 1324 1555 1383 διότι
1586 1323 1747 1398 ἀνὴρ,

14 1413 18 1417 ’
67 1433 112 1466 15
135 1406 258 1467 ἀλλ’
302 1406 504 1483 ὁμοίως
548 1413 948 1485 διεσπαρμέναι
979 1416 1042 1468 αἱ
1068 1409 1267 1483 φύσεις
1299 1413 1360 1467 ἐν
1390 1406 1600 1483 ἀμφοῖν
1629 1425 1751 1468 τοῖν

134 1493 324 1570 ζῴοιν,
357 1497 448 1551 καὶ
481 1494 706 1553 πάντων
735 1496 840 1569 μὲν
869 1497 1080 1569 μετέχει
1121 1494 1264 1567 γυνὴ
1298 1494 1750 1568 ἐπιτηδευμάτων

135 1577 273 1635 κατὰ
301 1577 506 1651 φύσιν,
548 1579 776 1637 πάντων
822 1581 882 1637 δὲ
912 1577 1054 1652 ἀνὴρ
1072 1624 1086 1651 ,
1135 1581 1223 1636 ἐπὶ
1253 1583 1388 1636 πᾶσι
1422 1579 1482 1636 δὲ
1512 1576 1750 1637 ἀσθενέ-

133 1681 331 1737 στερον
374 1663 519 1736 γυνὴ
559 1662 779 1738 ἀνδρός.
853 1668 903 1721 4.
938 1663 1104 1722 Πάνυ
1134 1686 1213 1736 γε.
1263 1660 1345 1721 ''H
1368 1656 1471 1720 οὖν
1509 1660 1746 1736 ἀνδράσι

133 1746 314 1805 πάντα
353 1747 759 1822 προστάξομεν,
809 1751 1035 1821 γυναικὶ
1087 1749 1150 1805 δὲ
1193 1746 1391 1818 οὐδέν;
1447 1751 1560 1805 Καὶ
1600 1754 1746 1818 πῶς,

65 1830 274 1890 2οἈλλ’
313 1839 426 1890 ἔστι
449 1831 574 1905 γὰρ,
606 1833 777 1907 οἶμαι,
811 1832 884 1901 ὡς
915 1832 1186 1907 φήσομεν,
1219 1834 1311 1890 καὶ
1334 1832 1478 1906 γυνὴ
1512 1832 1748 1906 ἰατρικὴ,

135 1913 169 1989 ἡ
203 1915 251 1974 δ’
290 1913 387 1989 οὗ,
413 1920 504 1974 καὶ
536 1916 803 1993 μουσικὴ,
837 1916 870 1991 ἡ
905 1916 955 1974 δ’
993 1915 1234 1991 ἄμουσος
1264 1916 1453 1990 φύσει.
1512 1924 1584 1975 Τί
1607 1915 1747 1990 μήν;

134 2003 247 2059 Καὶ
291 2001 637 2075 γυμναστικὴ
679 2004 740 2060 δὲ
783 2001 890 2077 ἄρα
928 2001 1060 2060 οὐδὲ·
1098 2001 1396 2075 πολεμικὴ,
1440 1998 1474 2074 ἡ
1517 2002 1578 2058 δὲ
1610 1999 1750 2058 ἀπό-

134 2093 296 2159 λεμος
326 2089 418 2143 καὶ
448 2084 516 2144 οὐ
546 2085 1054 2161 φιλογυμναστική;
1100 2087 1268 2159 Οἶμαι
1299 2093 1488 2158 ἔγωγε.
1557 2091 1629 2143 Τί
1655 2088 1722 2142 δέ
1733 2113 1747 2154 ;

134 2169 438 2243 φιλόσοφός
477 2195 536 2229 τε
576 2174 670 2228 καὶ
709 2170 1039 2245 μισόσοφος;
1094 2172 1185 2226 καὶ
1226 2169 1561 2242 θυμοειδὴς,
1613 2165 1647 2241 ἡ
1689 2169 1859 2226 (stum)

65 2276 112 2308 25
134 2251 377 2326 ἅθυμός;
393 2253 547 2312 ’Ἐστι
571 2258 665 2312 καὶ
687 2260 873 2312 ταῦτα.
929 2260 976 2311 ἶ).
994 2251 1187 2311 ’Ἐστιν
1211 2251 1318 2327 ἄρα
1341 2256 1433 2310 καὶ
1465 2252 1747 2327 φυλακικὴ

134 2334 309 2409 γυνὴ,
352 2333 386 2410 ἡ
420 2335 474 2393 δ’
507 2336 601 2395 οὔ·
648 2335 682 2411 ἢ
713 2337 781 2396 οὐ
811 2337 1075 2410 τοιαύτην
1106 2339 1198 2394 καὶ
1238 2342 1350 2395 τῶν
1380 2335 1606 2411 ἀνδρῶν
1635 2343 1748 2395 τῶν

135 2424 465 2493 φυλακικῶν
506 2420 682 2495 φύσιν
723 2421 1114 2496 ἐξελεξάμεθα;
1170 2421 1433 2495 τοιαύτην
1483 2423 1585 2496 μὲν
1625 2413 1743 2479 οὖν.

135 2510 181 2562 6.
216 2507 328 2564 Καὶ
368 2506 630 2578 γυναικὸς
672 2504 779 2580 ἄρα
818 2509 910 2564 καὶ
955 2504 1159 2578 ἀνδρὸς
1197 2502 1231 2579 ἡ
1277 2503 1417 2580 αὕτη
1457 2506 1627 2579 φύσις
1669 2512 1748 2572 εἰς

135 2589 396 2663 φυλακὴν
426 2590 657 2664 πόλεως,
691 2591 836 2664 πλὴν
866 2589 978 2669 ὅσῳ
1003 2589 1400 2666 ἀσθενεστέρα,
1432 2587 1467 2664 ἡ
1502 2591 1563 2648 δὲ
1596 2597 1748 2664 ἰσχυ-

67 2695 113 2729 30
137 2677 332 2748 ροτέρα
365 2678 493 2732 ε’στί.
559 2682 840 2734 Φαίνεται.
902 2677 1013 2733 Καὶ
1044 2690 1306 2748 γυναῖκες
1337 2674 1444 2749 ἄρα
1474 2679 1537 2732 αἶ
1564 2678 1748 2733 τοιαῦ-

248 2871 274 2910 3
308 2863 475 2910 Οἶσθά
497 2883 540 2910 τι
562 2865 636 2923 -—]
671 2868 804 2910 Plato
827 2870 938 2922 Rep.
961 2883 1004 2922 p.
1024 2870 1123 2910 455.
