2014 3146
649 103 861 144 PRAEP.
893 103 1113 146 EVANG.
1147 103 1227 145 XI.
1263 105 1326 144 10.
1720 103 1790 155 23

178 218 562 294 πρεσβύτερον
575 217 702 276 οὔτε
718 217 990 288 νεώτερον
1004 217 1270 293 προσήκει
1287 224 1546 291 γίνεσθαι
1564 215 1656 275 διὰ
1668 218 1790 293 χρό-
1809 243 1898 284 (525)

178 329 297 377 νον,
316 302 451 361 οὐδὲ
470 308 735 376 γενέσθαι
757 304 906 375 ποτὲ,
928 301 1062 360 οὐδὲ
1082 305 1372 375 γεγονέναι
1393 305 1520 375 νῦν,
1542 299 1660 360 οὐδ’
1682 309 1789 360 εἰσ-

181 392 344 454 αῦθις
376 394 605 445 ἔσεσθαι
634 385 693 444 τὸ
724 386 1015 462 παράπαν,
1050 384 1176 445 οὐδ’
1208 384 1310 444 ὅσα
1340 389 1556 460 γένεσις
1585 401 1698 454 τοῖς
1732 392 1792 446 ἐν

180 470 442 546 αἰσθήσει
481 473 805 546 φερομένοις
842 476 1156 545 προσῆψεν,
1196 468 1335 528 ἄλλα
1366 469 1569 546 χρόνου
1599 475 1790 543 ταῦτα,

133 579 158 612 5
181 561 356 633 αἰῶνα
379 559 722 630 μιμουμένου
746 559 838 613 καὶ
863 554 982 613 κατ’
1011 555 1254 662 ἀριθμὸν
1278 558 1679 629 κυκλουμένου,
1704 559 1790 629 γέ·

180 664 348 714 γονεν
388 646 525 714 εἰᾞδη
586 643 678 697 καὶ
718 640 854 714 πρὸς
882 639 1095 705 τούτοις
1126 646 1205 696 ἔτι
1235 663 1301 696 τα
1331 638 1543 697 τοιαδε·
1604 639 1664 697 τὸ
1704 664 1793 712 γε·

182 725 344 798 γονὸς
376 725 518 782 εἶναι
555 722 810 797 γεγονὸς,
853 727 943 781 καὶ
973 722 1034 780 τό
1065 721 1397 796 γιγνόμενον
1429 724 1571 780 εἶναι
1609 723 1793 796 γιγνό-

179 826 373 882 μενον
435 816 513 865 ἔτι
543 832 601 866 τε
631 806 689 864 τὸ
721 806 1096 881 γενησόμενον
1127 806 1271 865 εἶναι
1302 805 1716 888 γενησόμενονῖ

310 898 356 951 8.
399 895 511 950 Καὶ
553 897 647 949 ι’να
686 916 748 964 γε
789 891 862 966 μή
893 917 973 959 τις
1005 890 1146 965 ἡμᾶς
1177 890 1622 965 παρερμηνεύειν
1653 890 1793 964 ἡγή-

117 1001 159 1032 ιο
183 995 344 1049 σηται
381 1000 477 1045 τας
515 981 613 1034 τοῦ
653 975 965 1074 φιλοσόφου
1003 975 1222 1049 φωνὰς,
1263 974 1619 1049 ὑπομνήμασι
1658 974 1794 1050 χρή-
1819 999 1837 1029 ι,

181 1081 344 1134 σομαι
383 1064 562 1118 τῶνδε
601 1063 714 1118 τῶν
755 1060 936 1133 λόγων
983 1060 1087 1134 τὴν
1137 1059 1392 1117 διανοιαν
1446 1063 1789 1132 ἐκφαίνουσι.

180 1151 404 1212 πλείους
443 1146 545 1218 μὲν
583 1136 688 1202 οὖν
729 1152 806 1212 εἰς
836 1145 939 1218 τὴν
968 1144 1182 1202 τούτων
1213 1143 1614 1217 ἐπιβεβλήκασι
1644 1154 1794 1201 θεω-

182 1237 330 1301 ρίαν,
371 1231 490 1302 ἐμοὶ
523 1232 572 1286 δ’
612 1232 828 1303 ἐξαρκεῖ
856 1233 1032 1287 τανῦν
1061 1226 1266 1301 ἀνδρὸς
1299 1231 1604 1303 ἐπιφανοῦς
1635 1237 1795 1286 Νου-

181 1319 384 1386 μηνίου
422 1316 521 1370 τοῦ
553 1319 952 1387 Πυθαγορείου
991 1316 1351 1388 παραθέσθαι
1393 1315 1590 1381 λέξεις,
1637 1310 1701 1380 ἃς
1735 1316 1795 1370 ἐν

117 1419 161 1452 15
182 1400 260 1473 τῷ
309 1399 453 1470 Περὶ
509 1395 766 1471 τάγαθοῦ
817 1398 1058 1474 δευτέρῳ
1110 1395 1496 1471 συγγράμματι
1550 1389 1665 1453 οἶδέ
1718 1418 1794 1469 πη

183 1483 441 1549 διέξεισιν

308 1576 366 1625 Χ.
403 1561 590 1640 “Φέρε
630 1557 737 1622 οὖν
765 1563 867 1637 ὅση
901 1562 1135 1638 δυναμις
1168 1562 1438 1637 ἐγγυτατα
1467 1561 1604 1637 πρὸς
1634 1562 1694 1620 τὸ
1725 1559 1791 1620 ὂν
1828 1597 1845 1620 c

182 1646 550 1755 ἆναγώμεθα,
593 1652 685 1706 καὶ
725 1651 1000 1723 λέγωμεν,
1039 1648 1099 1706 τὸ
1131 1644 1199 1707 ὃν
1228 1646 1358 1705 οὔτε
1387 1670 1518 1706 ποτε
1557 1649 1628 1720 ἡν
1668 1671 1795 1705 ουτε
1814 1671 1906 1715 [309]

183 1734 312 1790 ποτε
342 1732 416 1806 μὴ
448 1736 698 1807 γένηται,
740 1732 858 1790 ἀλλ’
890 1739 1039 1791 ἐστιν
1062 1729 1148 1790 ἀεὶ
1180 1735 1242 1791 ἐν
1270 1731 1453 1834 χρόνῳ
1486 1728 1794 1808 ὡρισμένῳ,

114 1841 162 1872 20
183 1841 258 1894 τῳ
290 1820 546 1876 ἐνεστωτι
574 1816 743 1895 μόνῳ.
819 1822 867 1875 2.
900 1820 1099 1875 τοῦτον
1128 1841 1230 1891 μεν
1259 1841 1364 1874 ουν
1393 1816 1492 1874 τὸν
1523 1820 1796 1874 ἐνεστῶτα

185 1911 240 1958 εἴ
275 1926 355 1968 τις
396 1905 579 1959 ἐθέλει
616 1901 918 1959 ἀνακαλειν
950 1906 1155 1974 αἰῶνα,
1197 1899 1350 1973 κάγώ
1382 1899 1793 1974 συμβούλομαι

183 1983 281 2043 τὸν
313 1987 372 2043 δε
405 1985 759 2060 παρελθόντα
789 1985 990 2061 χρόνον
1021 1995 1243 2043 οἴεσθαι
1273 1985 1375 2060 χρὴ
1417 1984 1559 2058 ἡμᾶς
1602 1990 1792 2042 διαπε-

184 2069 430 2143 φευγότα
480 2069 588 2144 ἤδη
639 2074 1075 2143 διαπεφευγεναι
1125 2067 1570 2143 ἀποδεδρακέναι
1619 2091 1678 2125 τε
1719 2074 1796 2134 εἰς

184 2153 243 2211 τὸ
287 2154 431 2212 εἶναι
474 2158 691 2228 μηκέτι·
752 2179 781 2211 ο
812 2178 870 2212 τε
901 2156 974 2211 αὐ
1013 2157 1233 2227 μέλλων
1265 2155 1379 2210 ἐστὶ
1409 2177 1511 2225 μεν
1551 2151 1845 2223 οὐδέπω,ᾱ

116 2260 164 2292 25
188 2242 577 2311 ἐπαγγέλλεται
620 2240 680 2295 δε
720 2236 834 2305 οἷός
871 2261 932 2294 τε
972 2245 1202 2295 ἔσεσθαι
1239 2235 1394 2309 ἥξειν
1435 2241 1511 2303 εἰς
1541 2233 1601 2292 τὸ
1636 2235 1793 2293 εἶναι.

184 2326 232 2378 3.
266 2321 370 2378 οὐκ
400 2314 504 2379 οὖν
536 2321 680 2387 εἰκός
712 2326 862 2378 ἐστιν
893 2324 982 2378 ἑνί
1017 2345 1080 2393 γε
1119 2319 1304 2397 τρόπῳ
1345 2326 1589 2393 νομίζειν
1628 2319 1688 2376 τὸ
1733 2316 1797 2376 ὃν

186 2402 307 2476 ἤτοι
347 2397 420 2478 μὴ
462 2404 633 2477 εἶναι,
673 2401 707 2477 ἢ
747 2408 965 2478 μηκέτι,
1008 2401 1041 2478 ἢ
1081 2408 1326 2479 μηδέπω.
1389 2403 1462 2471 ὡς
1492 2402 1692 2461 τούτου
1734 2426 1798 2476 γε

187 2485 360 2554 οὕτως
409 2491 740 2562 λεγομένου,
794 2495 855 2546 ἓν
897 2496 1116 2561 γίνεταί
1153 2514 1206 2546 τι
1253 2491 1313 2546 ἐν
1352 2493 1430 2565 τῷ
1470 2487 1615 2565 λόγῳ
1657 2489 1797 2560 μέγα

186 2570 494 2645 ἀδύνατον,
537 2573 682 2630 εἷναί
710 2597 768 2630 τε
797 2570 937 2646 ὁμοῦ
966 2573 1169 2631 ταυτὸν
1199 2576 1292 2630 καὶ
1321 2573 1395 2646 μὴ
1427 2572 1586 2629 εἶναι.
1664 2575 1711 2628 4.
1748 2577 1799 2629 εἰ

119 2677 167 2710 30
191 2656 252 2713 δε
291 2655 465 2723 οὕτως
505 2664 647 2730 ἔχει,
686 2661 857 2732 σχολῇ
894 2655 947 2730 γ’
984 2682 1055 2715 αν
1095 2656 1228 2715 αλλο
1266 2681 1318 2714 τι
1359 2666 1503 2716 ειναι
1545 2653 1793 2727 δυναιτο,

188 2746 286 2796 τοῦ
314 2739 471 2808 ὄντος
502 2740 678 2799 αὐτου
706 2740 780 2814 μὴ
809 2766 967 2809 οντος
997 2741 1134 2799 κατὰ
1170 2739 1304 2798 αὐτὸ
1344 2741 1404 2798 τὸ
1442 2738 1647 2798 ον.τό
1689 2763 1793 2810 γαρ

189 2847 256 2880 ον
279 2822 466 2883 ἀΐδιόν
489 2849 548 2883 τε
571 2824 801 2898 βέβαιόν
822 2849 882 2883 τε
913 2829 1091 2898 ἐστὶν,
1123 2824 1208 2882 ἀει
1241 2849 1377 2883 κατα
1406 2823 1627 2898 ταυτὸν,
1659 2820 1795 2881 ουδε
