2014 3146
615 129 827 170 PRAEP.
860 128 1079 171 EVANG.
1122 129 1204 168 XI.
1239 130 1307 169 37.
1701 127 1767 178 75

153 246 329 320 αὐτῆς
360 252 563 317 οἰκεῖν,
607 247 700 302 καὶ
743 244 840 302 τὸν
878 243 1015 315 ἀέρα
1045 242 1288 316 οὐρανὸν
1318 251 1537 314 καλεῖν,
1571 241 1644 309 ὡς
1676 243 1767 300 διὰ

154 330 355 389 τούτου
401 329 648 404 οὐρανοῦ
696 328 853 395 ὄντος
902 328 969 386 τά
1013 326 1188 401 ἄστρα
1227 332 1528 402 χωροῦντα.
1605 327 1665 384 τὸ
1708 330 1768 385 δὲ

159 416 303 473 εἶναι
352 411 556 471 ταύτὸν
613 411 709 470 ὑπ’
767 411 1063 480 ἀσθενείας
1115 414 1205 469 καὶ
1268 415 1613 486 βραδυτῆτος
1667 409 1767 485 οὐχ

158 506 310 566 οἵους
339 523 399 556 τε
431 499 574 556 εἶναι
603 497 744 571 ἡμᾶς
776 501 1086 565 διεξελθεῖν
1118 495 1203 553 ἐπ’
1242 503 1471 570 ἔσχατον
1500 496 1596 553 τὸν
1613 493 1766 570 ἀέρα,

103 607 134 639 z>
160 586 277 641 ἐπεὶ
312 593 368 640 εἴ
389 608 469 650 τις
501 581 674 640 αὐτοῦ
707 579 794 639 ἐπ’
827 579 970 655 ἄκρα
1001 586 1185 653 ἔλθοι,
1231 577 1265 653 ἢ
1306 579 1508 653 πτηνὸς
1538 580 1769 656 γενόμε-

157 692 251 734 νος
283 665 600 739 ἀνάπτοιτο,
632 671 882 723 κατιδεῖν
915 663 983 737 δὴ
1022 664 1415 737 ἀνακύψαντα,
1459 663 1645 738 ὥσπερ
1680 668 1770 722 ε’ν-

155 751 301 809 θάδε
331 757 389 810 οἱ
415 755 476 809 ἐκ
503 754 599 823 τῆς
629 749 906 822 θαλάττης
933 748 1126 822 ἰχθύες
1157 748 1568 816 ἀνακύπτοντες
1598 748 1768 823 ὁρῶσι

155 835 221 893 τά
253 834 489 907 ἐνθάδε,
531 832 706 901 οὕτως
745 832 815 891 ἄν
851 858 977 891 τινα
1007 835 1099 890 καὶ
1130 832 1195 889 τὰ
1229 837 1343 890 ἐκεῖ
1371 838 1643 890 κατιδεῖν·
1678 837 1770 890 καὶ

157 926 208 978 εἰ
245 918 279 992 ἡ
319 918 487 992 φύσις
527 917 692 990 ἱκανὴ
732 928 816 990 εἴη
856 916 1156 991 ἀνέχεσθαι
1186 919 1512 991 θεωροῦσα,
1559 921 1771 989 γνῶναι

85 1032 132 1063 10
155 1002 225 1061 ἂν
254 1001 338 1061 ὅτι
371 1002 579 1070 ἐκεῖνός
612 1006 762 1061 ἐστιν
789 1002 818 1059 ὅ
849 1001 1075 1076 ἀληθῶς
1106 1000 1341 1076 οὐρανὸς
1365 1004 1456 1058 καὶ
1485 1001 1542 1058 τὸ
1569 999 1772 1074 ἀληθι-

153 1088 256 1146 νὸν
295 1091 414 1161 φῶς
452 1090 546 1145 καὶ
587 1083 621 1160 ἡ
665 1084 737 1154 ὥς
778 1084 1003 1159 ἀληθῶς
1042 1089 1128 1158 γῆ.
1222 1091 1267 1144 7.
1315 1082 1417 1158 ἥδε
1456 1086 1559 1158 μὲν
1598 1085 1702 1159 γάρ
1734 1085 1879 1159 fimes»

152 1177 223 1246 γῆ
265 1175 358 1230 καὶ
398 1178 457 1229 οὗ
497 1178 649 1230 λίθοι
680 1174 773 1228 καὶ
803 1176 909 1237 πᾶς
939 1170 968 1228 ὁ
1000 1169 1164 1238 τόπος
1194 1167 1222 1227 ὃ
1257 1169 1464 1228 ἐνθάδε
1496 1176 1773 1244 διεφθαρ-

154 1259 295 1330 μένα
326 1258 440 1314 έστὶ
471 1259 564 1313 καὶ
605 1257 1100 1330 καταβεβρωμένα,
1146 1253 1330 1328 ὥσπερ
1373 1253 1439 1311 τὰ
1470 1258 1531 1311 ἐν
1572 1258 1638 1328 τῇ
1662 1265 1772 1312 θα-

155 1340 321 1415 λάττῃ
360 1338 471 1397 ὑπὸ
512 1344 608 1413 τῆς
648 1338 847 1413 ἅλμης·
893 1341 986 1396 καὶ
1018 1337 1147 1396 οὔτε
1177 1337 1377 1411 φύεται
1418 1336 1572 1406 ἄξιον
1602 1338 1771 1411 λόγου

85 1450 132 1482 15
155 1423 325 1482 οὐδεν
357 1428 417 1482 έν
455 1427 523 1499 τῇ
559 1423 809 1497 θαλάττῃ
851 1421 980 1480 οὕτε
1015 1426 1253 1494 τέλειον,
1296 1447 1370 1489 ως
1411 1429 1540 1488 ἔπος
1573 1429 1770 1494 εἰπεῖν,

154 1507 323 1567 οὐδέν
356 1512 498 1580 ἐστι,
531 1507 803 1583 σήραγγες
829 1509 888 1564 δε
911 1509 1003 1564 καὶ
1035 1505 1209 1580 άμμος
1240 1509 1331 1564 καὶ
1363 1505 1532 1580 πηλὸς
1564 1504 1771 1580 ἀμήχα-

154 1617 248 1659 νος
291 1595 383 1650 καὶ
423 1592 692 1667 βόρβοροί
727 1602 896 1663 εἰσιν,
947 1590 1089 1649 όπου
1129 1616 1200 1648 αν
1238 1593 1329 1648 καὶ
1372 1615 1405 1663 η
1448 1595 1516 1663 γῆ
1562 1593 1626 1665 ᾐ,
1680 1594 1771 1648 καὶ

154 1675 291 1751 πρὸς
320 1677 387 1734 τὰ
417 1676 546 1751 παρ’
591 1673 730 1750 ἡμῖν
769 1676 908 1734 καλα
949 1682 1242 1748 κρίνεσθαι
1282 1672 1406 1734 οὐδ’
1458 1674 1772 1733 ὁπωστιοῦν

155 1760 293 1830 ἀξια.
384 1767 430 1819 8.
481 1766 664 1820 ἐκεῖνα
706 1762 768 1818 δε
808 1754 881 1818 αὖ
919 1783 1034 1818 των
1075 1763 1206 1835 παρ’
1245 1759 1380 1834 ημῖν
1419 1757 1563 1817 πολὺ
1594 1757 1664 1817 ἂν
1696 1767 1772 1817 ἔτι

83 1872 133 1903 20
159 1855 354 1904 πλεῖον
382 1854 586 1919 φανείη
619 1847 922 1921 διαφέρειν.
993 1852 1045 1903 εἰ
1071 1869 1176 1920 γαρ
1211 1844 1279 1917 δὴ
1310 1847 1401 1902 και
1433 1852 1774 1917 μυθολογεῖν

155 1930 344 2003 καλὸν,
376 1928 530 1999 ἀξιον
559 1931 812 2002 ἀκοῦσαι,
845 1932 888 1986 ὦ
919 1937 1153 2003 Σιμμία,
1186 1927 1276 1987 οἷα
1305 1927 1566 2003 τυγχάνει
1590 1953 1656 1986 τα
1683 1931 1770 1986 ἐπὶ
1802 1951 1822 1982 b

155 2020 252 2086 τῆς
303 2019 402 2087 γῆς
441 2037 551 2073 υπο
592 2019 667 2091 τῷ
708 2012 937 2092 ουρανςό
977 2013 1128 2072 ὄντα.
1197 2012 1362 2071 ’Λλλα
1403 2013 1541 2087 μὴν,
1595 2019 1701 2086 ἔφη
1743 2009 1770 2070 ὁ

158 2106 429 2172 Σιμμίας,
473 2124 514 2156 ω
559 2075 884 2172 Σωκρατες,
926 2097 1084 2173 ημεῖς
1123 2121 1187 2170 γε
1225 2096 1425 2155 τούτου
1454 2101 1553 2154 τοῦ
1583 2096 1772 2169 μύθου

156 2179 383 2286 ῆδέως
362 2182 432 2240 ἀν
462 2182 816 2256 ἀκούσαιμεν.
907 2188 954 2239 9.
1002 2185 1238 2253 Λέγεται
1278 2188 1500 2251 τοίνυν,
1545 2188 1680 2252 ἔφη,
1730 2181 1771 2237 ὠ

86 2292 135 2323 25
161 2269 370 2341 εταῖρε,
410 2271 630 2341 πρῶτον
669 2269 772 2340 μὲν
812 2267 954 2324 εἶναι
994 2264 1218 2337 τοιαύτη
1258 2261 1293 2336 ἡ
1335 2268 1407 2337 γῆ
1437 2262 1574 2338 αὐτὴ
1609 2270 1771 2335 ἰδεῖν,

161 2360 364 2416 εἴτις
423 2350 648 2408 ἀνωθεν
710 2353 921 2426 θεῷτο,
992 2367 1176 2422 ωσπερ
1241 2373 1298 2405 αι
1361 2348 1772 2406 δωδεκάσκυτοι

157 2446 421 2508 σφαῖραι,
462 2441 713 2533 ποικίλη,
757 2452 1003 2534 χρωμασι
1046 2435 1431 2506 διειλημμένη,
1474 2458 1554 2491 ων
1584 2436 1676 2490 καὶ
1706 2432 1773 2489 τὰ

160 2516 367 2575 ἐνθάδε
393 2518 535 2575 εἶναι
559 2542 817 2591 χρωματα
841 2516 1025 2591 ω’σπερ
1052 2523 1336 2590 δειγματα,
1368 2515 1449 2584 οἷς
1474 2517 1543 2590 δὴ
1568 2542 1619 2575 οι
1642 2542 1772 2591 γρα-

158 2616 283 2673 φεῖς
313 2618 719 2677 καταχρωνται·
769 2605 885 2660 ἐκεῖ
923 2606 985 2659 δὲ
1015 2605 1200 2660 πᾶσαν
1230 2601 1330 2675 τὴν
1360 2605 1467 2674 γῆν
1499 2605 1559 2659 ἐκ
1588 2600 1775 2659 τοιού-

92 2710 136 2743 30
158 2709 271 2742 των
303 2687 476 2757 εἶναι,
517 2689 608 2743 καὶ
648 2685 790 2744 πολυ
835 2693 914 2743 ἔτι
947 2690 1006 2744 ἐκ
1037 2687 1433 2759 λαμπροτέρων
1464 2688 1555 2743 καὶ
1588 2696 1773 2743 καθα-

160 2771 418 2844 ρωτέρων
449 2731 482 2844 ῆ
513 2770 740 2828 τούτων.
818 2775 898 2827 10.
944 2769 1047 2844 τὴν
1077 2772 1179 2844 μὲν
1208 2768 1313 2842 γάρ
1346 2766 1592 2842 ἁλουργῆ
1628 2771 1769 2827 εἶναι
1792 2801 1809 2822 c

159 2853 493 2927 θαυμαστὴν
522 2855 582 2912 τὸ
613 2854 834 2926 κάλλος,
865 2853 968 2927 τὴν
1002 2856 1061 2911 δὲ
1092 2859 1410 2928 χρυσοειδῆ,
1442 2853 1544 2926 τὴν
1576 2854 1637 2910 δὲ
1669 2851 1771 2924 ὅση
