2014 3146
277 109 379 161 398
961 109 1208 151 EUSEBII

276 231 387 283 τῶν
417 223 636 299 ἄστρων
666 223 838 298 φύσιν
868 221 1191 284 άπετέλουν.
1262 229 1312 282 5.
1346 226 1407 284 τὸ
1438 228 1499 284 δὲ
1529 230 1744 300 πλῆθος
1773 231 1885 285 τῶν

275 309 757 382 ἀναθυμιωμένων
796 309 1067 383 σωμάτων
1117 311 1415 384 ἐπέπληττε
1463 309 1558 370 τὸν
1605 311 1740 386 ἀέρα
1791 315 1883 369 καὶ

275 396 472 451 τοῦτον
504 395 768 466 ἐξέθλιβε.
823 393 1308 467 πνευματούμενος
1341 396 1401 452 δὲ
1426 387 1585 462 οὗτος
1615 397 1751 454 κατὰ
1781 395 1884 469 τὴν

234 512 249 533 e
275 483 495 550 κίνησιν
543 480 636 534 καὶ
686 477 1119 552 περιλαμβάνων
1168 477 1234 536 τὰ
1285 477 1458 551 ἄστρα
1503 485 1883 554 συμπεριῆγεν

275 558 444 634 αὐτὰ,
476 564 569 618 καὶ
598 561 701 634 τὴν
741 567 848 619 νῦν
878 556 1189 669 περιφοράη
1221 562 1408 622 αὐτῶν
1437 571 1713 638 μετέωρον
1746 564 1882 665 ε’φύ-
1926 586 1945 618 5

274 653 445 704 λαττε.
522 643 751 704 κάπειτα
784 650 843 704 ἐκ
881 671 984 720 μεν
1016 671 1127 705 των
1155 644 1611 717 ὑποκαθιζόντων
1643 648 1882 722 ἐγενήθη

275 729 306 802 ἡ
348 736 450 802 γῆ,
499 734 557 787 ἐκ
599 732 661 788 δε
699 734 811 788 τῶν
849 735 1329 805 μετεωριζομένων
1383 731 1411 788 ὁ
1442 730 1706 807 οὐρανὸς,
1749 754 1882 805 πυρ,

271 812 393 888 αήρ.
438 819 486 872 6.
520 819 725 887 πολλῆς
749 816 808 872 δε
837 813 975 888 ὕλης
1007 822 1085 873 ἔτι
1115 819 1573 892 περιειλημμένης
1605 821 1665 874 ἐν
1694 820 1762 892 τῇ
1790 841 1881 890 γη,

272 902 659 972 πυκνουμένης
703 900 762 956 δε
802 898 1004 974 ταύτης
1043 924 1180 957 κατα
1218 925 1312 968 τας
1343 899 1450 958 απὸ
1480 925 1592 960 των
1632 902 1885 975 πνευμά-

272 1007 384 1041 των
414 983 624 1056 πληγὰς
655 986 747 1040 καὶ
777 982 872 1051 τὰς
912 983 1018 1042 ἀπὸ
1049 991 1161 1042 τῶν
1192 982 1439 1059 ἀστέρων
1470 983 1673 1060 αὔρας,
1709 1004 1879 1060 προσ-
1905 1010 1945 1042 10

274 1073 541 1139 εθλίβετοξ
570 1073 676 1135 πᾶς
706 1066 734 1125 ὁ
766 1068 1099 1143 μικρομερὴς
1141 1069 1510 1143 σχηματισμὸς
1548 1069 1750 1142 ταύτης
1790 1073 1883 1127 καὶ

271 1151 372 1222 τὴν
401 1144 582 1225 ’ὑγράν
611 1151 784 1224 φύσιν
818 1155 1028 1224 ἐγέννα.
1093 1157 1138 1208 7.
1173 1157 1474 1227 ῥευστικῶς
1509 1150 1561 1210 δ’
1594 1153 1732 1227 αὕτη
1765 1159 1881 1211 δια-

272 1237 494 1308 κειμένη
535 1239 864 1310 κατεφέρετο
916 1235 1052 1311 πρὸς
1093 1236 1221 1304 τοὺς
1271 1245 1492 1304 κοίλους
1542 1237 1743 1305 τόπους
1789 1240 1882 1295 καὶ

273 1323 618 1393 δυναμένους
667 1324 918 1395 χωρῆσαί
961 1346 1020 1379 τε
1060 1324 1152 1378 καὶ
1201 1324 1406 1390 στέξαι·
1464 1319 1498 1394 ἢ
1540 1321 1671 1380 καθ’
1719 1323 1879 1380 ἑαυτὸ

223 1427 242 1458 11
269 1404 328 1460 τὸ
378 1401 532 1478 ὕδωρ
575 1403 828 1464 ὑποστὰν
871 1409 1143 1464 ἐκοίλαινε
1183 1405 1309 1475 τούς
1350 1403 1750 1480 ὑποκειμένους
1790 1406 1880 1464 τό-
1903 1430 1943 1462 15

269 1487 461 1555 πους.”

397 1578 443 1629 8.
485 1572 722 1646 Τοιαύτη
763 1578 856 1631 καὶ
894 1574 928 1647 ἡ
970 1573 1283 1648 θαυμάσιος
1315 1573 1500 1633 αὐτῶν
1529 1582 1877 1648 κοσμογονία.

270 1663 546 1729 συνῆπται
572 1659 634 1715 δὲ
652 1657 865 1727 τούτοις
887 1657 1025 1732 ἄλλη
1047 1684 1127 1727 τις
1149 1665 1378 1732 πλείστη
1399 1666 1718 1734 λογομαχία,
1742 1683 1879 1718 παν-

268 1749 436 1798 τοίων
465 1746 592 1815 πέρι
633 1742 957 1816 προτάσεων
987 1742 1391 1817 ἀπορησάντων
1447 1750 1499 1801 εἰ
1535 1742 1636 1818 χρὴ
1677 1742 1736 1801 τὸ
1767 1747 1878 1800 πᾶν

269 1828 331 1881 ἓν
364 1820 397 1897 ἢ
429 1825 604 1882 πολλοὶ
632 1825 921 1899 ἡγεῖσθαι·
970 1830 1062 1884 καὶ
1095 1834 1143 1884 εἰ
1174 1830 1272 1885 ἕνα
1301 1825 1398 1884 τὸν
1420 1826 1626 1901 κόσμον
1655 1823 1690 1899 ἢ
1722 1834 1872 1885 πλεί-
1899 1851 1940 1883 20

268 1926 387 1975 ους·
444 1912 536 1966 καὶ
579 1919 686 1967 εἴτε
728 1915 968 1984 ἔμψυχος
1009 1903 1168 1978 οὗτος
1209 1913 1302 1968 καὶ
1343 1918 1578 1987 προνοίᾳ
1617 1910 1878 1984 τυγχάνει

266 1996 408 2050 θεοῦ
441 1993 843 2067 διοικούμενος,
877 2005 985 2053 εἴτε
1006 1998 1098 2052 καὶ
1127 1993 1414 2052 τάναντία·
1463 1998 1554 2052 καὶ
1578 2001 1629 2053 εί
1656 1993 1876 2069 ἄφθαρ-

266 2100 355 2143 τος
386 2074 420 2149 ἢ
450 2078 700 2153 φθαρτός
719 2095 729 2104 ·
777 2082 869 2136 καὶ
900 2079 1080 2138 πόθεν
1119 2082 1401 2155 τρέφεται·
1451 2082 1542 2137 καὶ
1574 2079 1681 2137 ἀπὸ
1712 2087 1876 2137 ποίου

270 2158 464 2233 ἤρξατο
508 2161 536 2219 ὁ
576 2163 709 2230 θεὸς
739 2178 1120 2237 κοσμοποιεῖν·
1177 2171 1307 2238 περί
1334 2187 1393 2221 τε
1422 2169 1518 2237 τῆς
1546 2163 1748 2232 τάξεως
1778 2167 1877 2222 τοῦ

266 2245 497 2319 κόσμου·
548 2250 636 2304 καὶ
670 2255 751 2314 τίς
781 2247 815 2320 ἡ
848 2254 997 2305 αἰτία
1027 2252 1127 2306 τοῦ
1158 2247 1328 2305 αὐτὸν
1361 2251 1710 2320 ἐγκλιθῆναι·
1745 2254 1878 2323 περί
1894 2269 1936 2301 25

264 2352 323 2385 τε
365 2337 464 2387 τοῦ
506 2332 657 2398 ἐκτὸς
695 2335 791 2404 τῆς
830 2337 929 2390 τοῦ
959 2331 1170 2406 κόσμου
1201 2338 1581 2407 περιφερείας·
1627 2336 1720 2389 καὶ
1749 2338 1874 2390 τίνα

157 2437 243 2478 (841)
265 2411 331 2469 τοὶ
364 2414 514 2481 δεξιὰ
555 2418 646 2472 καὶ
677 2416 743 2473 τὰ
775 2414 1036 2491 ἀριστερὰ
1065 2420 1164 2474 τοῦ
1193 2416 1403 2490 κόσμου
1433 2418 1595 2490 μέρη·
1658 2424 1788 2490 περί
1814 2440 1873 2474 τε

265 2497 533 2570 οὐρανοῦ·
593 2502 684 2556 καὶ
714 2500 850 2574 πρὸς
891 2498 1062 2558 ἅπασι
1093 2499 1304 2568 τούτοις
1344 2507 1476 2575 περί
1500 2526 1559 2559 τε
1592 2499 1872 2573 δαιμόνων

264 2583 356 2638 καὶ
385 2578 610 2654 ἥρω’ων·
667 2592 800 2658 περί
823 2609 884 2642 τε
912 2583 1050 2658 ὕλης
1081 2587 1172 2642 καὶ
1211 2588 1338 2658 περὶ
1381 2590 1574 2642 ἰδεῶν·
1620 2587 1747 2657 περὶ
1776 2587 1872 2655 τῆς

262 2671 360 2722 τοῦ
400 2667 605 2733 παντὸς
644 2667 869 2736 τάξεως·
929 2676 1007 2727 ἔτι
1047 2669 1158 2742 μὴν
1198 2672 1324 2743 περὶ
1364 2674 1460 2742 τῆς
1499 2674 1612 2726 τῶν
1650 2667 1870 2742 ἄστρων
1892 2690 1932 2724 30

263 2753 438 2823 φοράς
478 2774 536 2808 τε
577 2753 669 2808 καὶ
714 2753 1007 2825 κινήσεως·
1064 2757 1156 2810 καὶ
1208 2752 1343 2828 πρὸς
1394 2752 1606 2820 τούτοις
1657 2748 1869 2810 ὁπόθεν

263 2841 591 2907 φωτίζονται
641 2840 698 2893 οἱ
741 2834 989 2911 ἀστέρες·
1054 2840 1145 2894 καὶ
1186 2841 1313 2912 περὶ
1361 2840 1472 2895 τῶν
1511 2839 1868 2910 καλουμένων
