2014 3146
636 115 847 156 PRAEP.
879 114 1099 156 EVANG.
1143 115 1246 156 XII.
1286 116 1354 155 51.
1701 114 1799 166 151

194 234 256 289 έν
294 243 406 297 τοῖς
449 228 600 306 ζώοις
640 233 738 302 γῆς
777 233 873 302 τῆς
915 229 1121 289 ἐνθάδε
1160 231 1252 287 καὶ
1282 234 1378 303 τῆς
1412 232 1471 288 ἐν
1507 233 1582 308 τῷ
1615 233 1800 304 παντὶ,

192 317 285 372 καὶ
315 317 428 371 τῶν
457 311 643 371 ἄλλων
675 312 743 386 δὴ
774 311 922 371 ὅσων
951 313 1209 388 ἠρώτησα
1239 313 1430 387 ὀλίγον
1462 320 1800 389 ἔμπροσθεν,

193 396 366 465 οὕτως
398 397 685 474 ἀποκρινῇ.

327 489 421 549 Τίς
450 482 555 556 γὰρ
586 479 1018 557 ἀποκρινόμενος
1059 481 1236 550 ἄλλως
1266 481 1539 556 ὑγιαίνων
1570 481 1641 541 ἅν
1671 506 1803 541 ποτε

146 590 170 632 ξ»
192 573 423 640 φανείη;

318 655 401 708 43.
451 649 668 724 Σχεδὸν
709 648 835 708 οὐδ’
879 649 1152 708 ὁστισοῦν.
1210 649 1348 707 ἄλλα
1388 650 1447 708 τὸ
1478 650 1612 724 μετὰ
1642 654 1801 710 τοῦτο

194 737 316 807 ἑξῆς
358 738 510 792 ἕπου.
585 733 766 791 πάντα
797 734 902 807 γὰρ
933 738 1105 792 ταῦτα
1136 733 1292 807 ἡμεῖς
1332 733 1399 790 τοὶ
1431 738 1537 792 νῦν
1579 735 1646 807 δὴ
1679 744 1803 809 λεχ-

190 821 364 876 θέντα
404 811 493 892 ἆρ’
539 817 643 876 οὐκ
675 824 754 885 εἰς
786 824 846 876 ἓν
877 825 1213 892 συγκείμενα
1257 817 1470 886 ἰδόντες
1514 819 1800 893 ἐπωνομά-

192 921 366 976 σαμεν
396 905 582 976 σώμας

127 1011 169 1042 10
328 994 398 1045 Τί
421 986 560 1061 μήν;

328 1070 541 1129 Ταύτὸν
583 1071 652 1143 δὴ
691 1071 827 1144 λάβε
866 1074 957 1129 καὶ
988 1073 1114 1144 περὶ
1145 1074 1311 1129 τοῦδε
1358 1069 1425 1129 ὃν
1465 1070 1671 1145 κόσμον
1711 1076 1802 1130 λε’-

191 1171 387 1228 γομεν·
436 1154 527 1213 διὰ
556 1153 653 1213 τὸν
684 1153 855 1214 αὐτὸν
884 1154 989 1228 γὰρ
1019 1154 1226 1230 τρόπον
1265 1151 1336 1214 ἂν
1368 1164 1454 1230 εἰή
1485 1178 1594 1214 που
1626 1161 1800 1230 σῶμα,

192 1238 470 1298 σύνθετον
498 1235 564 1297 ὂν
595 1244 655 1297 ἐκ
683 1244 796 1298 τῶν
826 1237 1025 1297 αὐτῶν.

312 1323 617 1398 Ὀρθότατα
649 1326 840 1397 λέγεις.

126 1433 167 1465 15
317 1413 399 1466 44.
448 1407 699 1482 Πότερον
728 1400 832 1466 οὖν
864 1411 922 1465 ἐκ
952 1407 1151 1466 τούτου
1179 1411 1279 1465 τοῦ
1302 1406 1548 1482 σώματος
1579 1406 1718 1474 ὅλως
1741 1407 1802 1466 τὸ

191 1491 320 1565 παρ’
357 1489 492 1566 ἡμῖν
522 1497 697 1566 σῶμα,
729 1488 763 1565 ἢ
796 1495 855 1550 ἐκ
884 1497 983 1550 τοῦ
1014 1489 1147 1566 παρ’
1189 1491 1323 1565 ἡμῖν
1353 1497 1514 1551 τοῦτο
1543 1496 1808 1565 τρέφεταί

190 1599 250 1632 τε
290 1579 383 1633 καὶ
422 1575 525 1634 ὅσα
555 1582 664 1634 νῦν
697 1577 766 1648 δὴ
806 1579 933 1650 περὶ
976 1574 1163 1634 αὐτῶν
1195 1581 1491 1650 ἐπείπομεν
1523 1580 1717 1650 εἴληφέ
1743 1600 1803 1634 τε

190 1662 282 1717 καὶ
315 1668 453 1734 ε”χει;

317 1747 429 1803 Καὶ
467 1742 630 1803 τοῦθ’
676 1748 892 1819 ἕτερον,
927 1737 969 1801 ὦ
1001 1743 1315 1818 Σώκρατες,
1347 1742 1450 1802 οὐκ
1480 1743 1634 1812 ἄξιον
1666 1748 1802 1817 ἐρω-

125 1852 169 1883 20
192 1827 414 1902 τήσεως.

327 1920 396 1970 Τί
424 1916 512 1983 δέ;
545 1905 579 1970 ἆ
611 1912 707 1971 όδε
738 1938 840 1986 τρα
871 1911 1024 1981 ἄξιον
1056 1908 1458 1986 ἐρωτήσεως;
1433 1937 1467 1986 η
1492 1916 1607 1981 πῶς
1633 1916 1799 1984 ἐρεις;

317 2001 401 2056 45.
450 2000 593 2070 Λέγε
620 1996 680 2055 τὸ
710 2012 885 2056 ποῖον.

328 2081 397 2138 Τὸ
448 2080 578 2154 παρ’
631 2081 765 2155 ἧμιν
814 2086 970 2155 σώμα
1028 2073 1117 2154 ἀρ’
1184 2078 1250 2138 οὐ
1311 2078 1497 2154 ψυχὴν
1550 2079 1800 2153 φήσομεν

195 2172 366 2238 ἔχειν;

128 2271 172 2302 25
323 2252 514 2320 Δῆλον
543 2248 625 2306 ὅτι
655 2247 920 2321 φήσομεν.

320 2331 533 2404 Πόθεν,
567 2324 611 2388 ὦ
639 2339 767 2404 φίλε
798 2331 1120 2406 Πρώταρχε,
1153 2324 1345 2404 λαβὸν,
1379 2340 1534 2404 εἴπερ
1557 2328 1630 2404 μὴ
1655 2330 1715 2388 τό
1739 2354 1800 2404 γε

193 2418 292 2472 τοῦ
332 2414 536 2483 παντὸς
580 2419 736 2489 σῶμα
777 2422 1025 2490 ἔμψυχον
1061 2411 1127 2473 ὂν
1170 2414 1461 2489 ἐτύγχανε,
1514 2414 1686 2473 ταύτά
1738 2439 1800 2488 γε

196 2506 322 2573 ἔχον
350 2498 526 2577 τούτῳ
558 2502 650 2557 καὶ
681 2506 759 2557 ἔτι
789 2499 967 2572 πάντη
998 2507 1289 2571 καλλίονα;

322 2589 513 2656 Δῆλον
545 2580 616 2651 ώς
647 2581 968 2657 οὐδαμόθεν
998 2582 1259 2657 ἄλλοθεν,
1293 2577 1333 2641 ὦ
1366 2583 1674 2658 Σώκρατες.

130 2690 173 2722 30
321 2673 404 2725 46.
458 2665 539 2726 Οὐ
570 2667 675 2741 γάρ
714 2690 823 2726 που
857 2671 1130 2742 δοκοῦμέν
1158 2693 1254 2741 γε,
1288 2660 1332 2724 ὦ
1361 2668 1692 2741 Πρώταρχε,
1735 2667 1800 2724 τὰ

195 2753 423 2826 τέτταρα
465 2755 679 2824 ἐκεῖνα,
732 2754 902 2825 πέρας
943 2755 1035 2810 καὶ
1075 2751 1304 2827 ἄπειρον
1345 2755 1436 2809 καὶ
1480 2751 1669 2809 κοινὸν
1708 2754 1800 2808 καὶ

195 2833 254 2891 τὸ
284 2840 378 2907 τῆς
409 2841 586 2903 αἰτίας
616 2838 866 2908 γένοςέν
895 2834 1065 2894 ἅπασι
1095 2839 1354 2910 τέταρτον
1385 2835 1532 2908 ἐνὸν,
1564 2832 1705 2892 τοῦτ’
1740 2838 1800 2892 ἐν

1832 2357 1918 2395 dg
