2014 3146
544 143 757 186 PRAEP.
799 143 1021 185 EVANG.
1066 143 1186 184 ΧΠ.
1219 145 1287 183 24.
1319 144 1388 185 25.
1674 113 1793 195 323

167 256 275 315 ὑπὸ
315 262 427 315 τῶν
467 256 755 331 κυμάτων,
797 256 862 315 τά
904 258 965 315 δὲ
1006 254 1118 315 ὑπὸ
1159 261 1254 331 τῆς
1294 257 1569 316 συντόνου
1602 257 1776 332 ῥύμης

171 347 560 415 διασπείρεται.
649 347 697 399 5.
755 339 928 408 οὕτως
969 339 1038 399 ἀν
1090 338 1310 416 ἁρμόζοι
1356 344 1539 414 λέγειν
1588 340 1774 410 αὐτοῖς

166 429 257 484 καὶ
288 425 384 493 τάς
414 425 670 499 ἀτόμους,
700 425 873 500 ἀργὰς
902 425 1175 500 μενούσας
1206 429 1296 483 καὶ
1328 425 1777 500 ἀχειροποιήτους

167 513 259 567 καὶ
298 508 632 586 ἀχρήστους,
677 515 795 584 εἰκῆ
837 514 1125 584 φέρεσθαι.
1201 507 1491 585 ὁράτωσαν
1535 512 1638 586 γὰρ
1681 511 1776 578 τάς

122 619 141 651 5
166 592 438 663 ἀθεάτους
471 599 672 653 ἐκεῖνοι
721 598 813 652 καὶ
851 594 945 661 τὰς
988 594 1257 667 ἀνοήτους
1299 602 1632 668 νοείτωσαν,
1674 594 1776 670 οὐχ

162 678 363 753 ὁμοίως
396 684 620 756 ἐκείνω,
663 677 724 747 ὃς
763 681 1100 752 φανερωθὲν
1140 682 1319 756 ἑαυτῷ
1350 684 1508 738 τοῦτο
1539 676 1647 738 ὑπὸ
1678 685 1778 738 τοῦ

164 767 303 822 θεοῦ
341 762 478 838 πρὸς
508 757 680 820 αὐτὸν
708 762 968 836 ὁμολογεῖ
1002 759 1097 820 “rb
1127 761 1536 837 ἀκατέργαστόν
1568 784 1670 822 σου
1702 775 1774 823 εἵ-

165 854 338 906 ὃοσαν
377 853 432 905 οἱ
469 845 760 921 ὀφθαλμοί
794 872 917 921 μου.
927 845 958 866 ”
1051 853 1097 904 6.
1146 847 1279 905 ὅταν
1323 849 1383 904 δε
1414 850 1505 904 καὶ
1536 846 1570 904 ἅ
1601 868 1774 921 φασιν

163 936 216 1000 ἐξ
248 931 468 1006 ἀτόμων
497 930 795 1006 ὑφάσματα
825 937 1086 1004 γίνεσθαι
1117 930 1182 988 τά
1207 930 1452 1005 εὐήτρια,
1478 930 1650 990 ταῦθ’
1671 931 1769 989 ὑπ’

97 1042 138 1074 10
162 1014 348 1075 αὐτων
386 1013 611 1090 ἀσόφως
652 1018 744 1073 καὶ
796 1014 1150 1088 ἀναισθήτως
1197 1013 1630 1090 αυτουργεΐσθαι
1682 1020 1773 1075 λε’-

161 1122 318 1174 γωσι,
360 1107 442 1168 τίς
481 1099 727 1169 ἀνέξεται
766 1099 862 1168 τάς
893 1098 1126 1174 ἀτόμους
1158 1098 1379 1159 ἀκούων
1411 1104 1656 1175 ε’ρίθους,
1693 1127 1772 1160 ων

162 1188 252 1243 καὶ
292 1210 320 1243 ο
362 1184 603 1260 ἀράχνης
646 1187 759 1243 ἐστὶ
802 1204 1115 1259 σοφωτερος
1156 1209 1519 1259 χειροτεχνων
1561 1189 1612 1255 ἐξ
1646 1190 1771 1244 ἑαυ-

161 1273 287 1341 τοῦς
374 1281 514 1331 XXV.
591 1275 635 1328 7.
683 1267 718 1342 ἢ
758 1268 854 1328 τὸν
895 1273 1071 1343 μέγαν
1118 1273 1314 1328 τοῦτον
1362 1269 1518 1328 οἶκον
1568 1271 1664 1328 τὸν
1716 1276 1769 1340 ἐξ

159 1353 402 1428 οὐρανοῦ
432 1357 523 1412 καὶ
556 1361 654 1428 γῆς
686 1358 1032 1426 συνεστῶτα,
1077 1356 1168 1411 καὶ
1202 1353 1292 1411 διά
1322 1353 1382 1411 τὸ
1412 1357 1646 1428 μέγεθος
1679 1359 1771 1413 καὶ

97 1462 135 1494 15
159 1445 372 1512 πλῆθος
410 1442 506 1512 τῆς
548 1441 977 1512 ἐπιφαινομένης
1009 1436 1159 1515 αύτῷ
1196 1447 1395 1512 σοφίας
1427 1438 1770 1513 καλούμενον

159 1523 384 1597 κόσμον,
415 1523 525 1581 υπὸ
555 1548 667 1582 των
698 1523 804 1582 σὺν
834 1520 1026 1581 οὐδενὶ
1067 1522 1254 1600 κόσμω
1285 1526 1609 1597 φερομένων
1639 1523 1769 1581 ἀτό-

1798 372 1815 395 C

1795 1287 1817 1319 d

158 1632 279 1680 μων
328 1611 704 1682 κεκοσμῆσθαι
754 1610 846 1665 καὶ
886 1610 1173 1680 γεγονέναι
1212 1606 1419 1681 κόσμον
1470 1605 1882 1683 ἀκοσμίαν;(π5)

158 1698 202 1749 8.
253 1699 370 1759 πῶς
404 1693 464 1750 δε
503 1691 747 1765 κινήσεις
786 1695 878 1750 καὶ
918 1691 1084 1759 ὁδους
1118 1690 1413 1758 εὐτάκτους
1447 1695 1499 1761 ἐξ
1530 1690 1767 1751 ἀτάκτου

157 1775 503 1849 προάγεσθαι
554 1783 755 1850 φορᾶς;
830 1780 946 1843 πῶς
989 1778 1049 1834 δὲ
1093 1776 1196 1849 τὴν
1235 1775 1616 1851 παναρμόνιον
1655 1782 1767 1835 τῶν

94 1884 134 1916 2ο
158 1857 441 1934 οὐρανίων
470 1868 694 1935 χορείαν
726 1864 779 1930 ἐξ
811 1857 1077 1935 ἀμούσων
1108 1863 1199 1918 καὶ
1232 1859 1598 1935 ἀναρμόστων
1629 1882 1766 1920 συν-

157 1943 316 2020 ᾴδειν
345 1943 666 2018 ὀργάνων;”

284 2035 331 2087 9.
374 2026 404 2047 “
420 2036 557 2088 Τίνα
601 2031 663 2087 δὲ
704 2029 935 2105 τρόπον,
975 2035 1102 2103 μιᾶς
1134 2028 1302 2103 οὔσης
1347 2032 1438 2087 καὶ
1469 2028 1638 2103 τῆςαύ
1670 2036 1766 2103 τῆς

155 2111 389 2171 ἀπασῶν
432 2111 624 2180 οὐσίας
674 2117 766 2171 καὶ
813 2118 909 2186 τῆς
958 2113 1128 2186 αὐτῆς
1178 2113 1473 2187 ἀφθάρτου
1523 2113 1764 2216 φύσεως,

156 2197 300 2271 πλὴν
330 2200 441 2254 τῶν
470 2202 745 2271 μεγεθῶν,
778 2196 850 2265 ὡς
880 2216 1036 2271 φασι,
1080 2200 1171 2254 καὶ
1212 2221 1325 2255 των
1356 2197 1667 2271 σχημάτων,
1699 2199 1765 2256 τὰ

92 2303 132 2335 25
155 2285 258 2354 μέν
290 2284 402 2339 ἐστι
431 2292 562 2339 θεῖα
593 2284 685 2339 καὶ
715 2279 959 2355 ἀκήρατα
990 2284 1082 2338 καὶ
1112 2280 1330 2355 αἰωνια,
1364 2306 1436 2348 ως
1468 2279 1624 2339 αὐτοὶ
1654 2282 1766 2356 φή·-

156 2384 312 2424 σαιεν
341 2363 442 2437 ἀν,
475 2385 726 2439 σωματα,
772 2363 805 2438 ἢ
845 2366 1172 2440 μακραίωνά
1201 2390 1264 2438 γε
1295 2366 1431 2424 κατὰ
1461 2366 1557 2424 τὸν
1588 2364 1762 2435 οὕτως

153 2448 531 2523 ὀνομάσαντα,
574 2449 886 2523 φαινόμενά
924 2474 983 2508 τε
1030 2452 1121 2507 καὶ
1170 2447 1382 2524 ἀφανῆ
1451 2451 1761 2524 φαινόμενα

154 2535 255 2607 μὲν
296 2531 446 2607 ἥλιος
486 2537 578 2591 καὶ
618 2533 822 2607 σελήνη
863 2537 955 2592 καὶ
995 2531 1220 2609 ἀστέρες
1261 2542 1330 2608 γῆ
1373 2559 1431 2592 τε
1462 2538 1550 2592 καὶ
1583 2535 1758 2610 ὕδωρ,

154 2615 341 2692 ἀφανῆ
386 2621 447 2676 δὲ
487 2625 618 2676 θεοί
650 2642 710 2676 τε
749 2621 841 2676 καὶ
884 2624 1140 2692 δαίμονες
1186 2622 1276 2676 καὶ
1321 2626 1519 2694 ψυχαί;
1588 2623 1761 2678 ταῦτα

91 2725 132 2759 30
155 2703 258 2778 γὰρ
298 2702 430 2762 οὐδε
471 2706 731 2769 θέλοντες
770 2701 1039 2777 ὑπάρχειν
1078 2701 1432 2778 ἀρνήσασθαι
1473 2702 1757 2762 δύνανται

161 2793 238 2844 10.
285 2786 350 2845 τὰ
384 2789 443 2845 δε
472 2786 891 2862 μακροβιώτατα
932 2787 1039 2865 ζωά
1076 2812 1135 2845 τε
1177 2791 1267 2846 καὶ
1299 2787 1471 2862 φυτά·
1520 2793 1626 2864 ζῷα
1656 2812 1759 2861 μεν

157 2876 217 2929 ἐν
247 2895 304 2928 τε
334 2870 567 2946 ὄρνισιν,
602 2896 672 2938 ως
704 2892 896 2945 φασιν,
927 2870 1075 2930 ἀετοὶ
1106 2871 1334 2946 κόρακές
1364 2896 1422 2930 τε
1453 2875 1542 2929 καὶ
1573 2879 1760 2944 φοίνι-

1391 2966 1455 3016 21
1473 2966 1501 2995 '¹¹‘

1787 2474 1808 2506 b
