2014 3146
634 134 846 176 PRAEP.
876 134 1095 178 EVANG
1128 134 1254 178 XIII
1289 137 1354 178 13.
1675 133 1778 184 217

310 246 590 297 ε’κτέτακεν·
633 239 786 312 ὀρέων
814 245 866 296 δὲ
891 245 1050 311 τρέμει
1077 243 1220 310 βασις
1248 246 1421 295 ἔνδοθι
1449 247 1623 328 θυμῷ,

309 312 424 367 οὐδὲ
449 316 618 384 φέρειν
645 291 851 366 δύναται
880 313 1120 382 κρατερὸν
1145 317 1307 397 μένος.
1349 315 1443 365 ἔστι
1476 315 1528 366 δὲ
1553 313 1714 382 ποῖντη

312 382 460 448 αὐτὸς
487 386 793 475 ἐπουράνιος,
822 386 905 436 καὶ
934 386 1011 436 ἐπὶ
1038 386 1188 470 χθονι
1212 381 1374 436 πάντα
1401 389 1617 469 τελευτᾷ,

307 452 468 541 ᾇρχὴν
494 452 639 519 αὐτὸς
667 459 788 539 έχων
815 457 899 507 καὶ
924 457 1070 521 μέσον
1096 451 1188 522 ἠδὲ
1215 455 1463 521 τελευτήν.

124 544 144 577 5
308 524 466 589 ἄλλως
492 522 550 579 οὗ
577 523 786 592 θεμιτόν
811 543 862 578 σε
888 529 1068 594 λέγειν·
1111 528 1296 594 τρομέω
1326 527 1378 577 δέ
1401 547 1455 593 γε
1485 533 1600 595 γυῖα
1795 553 1892 595 (686)

309 599 361 649 έν
388 598 502 669 νόῳ.
567 599 614 661 ἐξ
639 594 830 649 υπατου
857 600 1063 664 κραίνει,

167 705 259 760 καὶ
289 727 354 760 τοι
388 705 475 760 ἐπὶ
506 701 732 768 τούτοις.
792 701 881 758 διὰ
911 699 1016 775 γὰρ
1039 699 1254 758 τούτων
1285 699 1567 773 δεδήλωκε
1597 700 1778 759 πάντα

792 784 804 803 N
846 783 877 805 <C
902 781 927 802 (ἱ

169 790 352 845 ἐκεῖνα
393 786 458 844 τὰ
499 810 810 860 προφητικα
896 809 955 850 ος
1000 785 1096 843 ἐὰν
1137 784 1328 858 ἆνοίξη
1367 783 1464 842 τὸν
1515 783 1775 889 οὐρανὸν,

167 870 366 946 τρόμος
398 869 654 943 λήψεται
703 873 795 927 καὶ
826 866 932 926 ἀπὸ
964 873 1066 927 σοῦ
1094 867 1196 973 ὅρη
1226 867 1538 942 τακήσεται,
1572 868 1645 936 ὥς
1669 867 1775 927 ἀπὸ

108 978 148 1010 ιο
170 954 470 1030 προσώπου
501 953 674 1030 πυρὸς
702 952 923 1026 τήκεται
946 952 1164 1028 κηρός.”
1217 957 1308 1011 καὶ
1339 978 1404 1010 τα
1440 952 1530 1011 δια
1546 952 1776 1012 Ησαίου

156 1036 185 1060 “
202 1066 285 1107 τις
318 1043 580 1143 ἐμέτρησε
610 1038 706 1096 τὸν
746 1037 990 1114 οὐρανὸν
1032 1042 1292 1113 σπιθαμῇ
1331 1042 1424 1096 καὶ
1461 1042 1647 1096 πᾶσαν
1675 1037 1777 1113 τὴν

164 1129 270 1198 γῆν
302 1121 530 1197 deaut?
1525 1189 1529 1193 .
1802 1139 1823 1171 b

293 1214 374 1268 52.
421 1207 653 1266 Παλιν
635 1206 769 1265 όταν
801 1216 926 1281 εἰπη

305 1315 506 1400 αἰθέρος
532 1308 610 1381 ἠδ
636 1311 820 1377 Ἀΐδου,
848 1312 1052 1380 πόντου,
1078 1318 1221 1381 γαίης
1246 1335 1295 1365 τε
1319 1314 1546 1399 τύραννε,

100 1398 141 1432 15
307 1382 363 1448 ὃς
388 1389 621 1471 βρονταῖς
646 1388 790 1446 σείεις
814 1382 1023 1454 βριαρόν
1053 1383 1207 1451 δόμον
1236 1383 1544 1452 Οὐλύμποιο,

308 1453 568 1525 δαίμονες
557 1455 614 1507 dv
640 1458 933 1538 φρίσσουσι,
950 1461 1086 1507 θεῶν
1114 1455 1165 1507 δε
1193 1456 1414 1507 δέδοικεν
1440 1461 1621 1523 ομιλος,
1795 1467 1889 1509 [4021

309 1526 345 1595 ᾧ
379 1533 576 1594 Μοῖραι
601 1529 879 1591 πείθονται,
907 1519 1181 1595 ἆμείλικτοί
1202 1547 1293 1590 περ
1321 1527 1510 1578 ἐοῦσαι·

307 1579 511 1663 οἶφθιτε,
538 1617 882 1687 μητροπατωρ,
910 1596 969 1648 οὐ
996 1600 1148 1666 θυμῷ
1172 1618 1334 1649 παντα
1361 1600 1611 1664 δονεῖται,

308 1665 361 1730 ὃς
387 1675 541 1730 κινεῖς
566 1664 793 1733 ἀνέμους,
820 1668 1054 1751 νεφέλῃσί
1075 1688 1126 1718 τε
1151 1689 1314 1719 παντα
1339 1665 1616 1733 καλύπτεις,
1808 1688 1825 1710 c

103 1759 143 1791 20
307 1742 582 1804 πρηστῆρσι
608 1741 783 1804 σχίζων
808 1733 999 1789 πλατυν
1024 1734 1336 1803 αἰθέρα.σή
1364 1740 1452 1805 μὲν
1480 1740 1531 1790 έν
1557 1758 1752 1804 αστροις

308 1809 439 1871 ταξις
463 1806 842 1861 αναλλακτοισιν
869 1807 1228 1875 ε’φημοσύναισι
1247 1811 1508 1877 τρέχουσα·

307 1883 378 1950 σῷ
405 1880 457 1931 δὲ
483 1877 656 1972 θρόνῳ
683 1877 918 1947 πυρόεντι
941 1883 1242 1945 παρεστᾶσιν
1248 1878 1577 1964 πολύμοχθοι

306 1933 521 2034 ἄγγελοι,
550 1948 649 2002 οἷσι
676 1951 856 2017 μέμηλε
882 1954 1076 2036 βροτοῖς
1103 1946 1166 2011 ὡς
1191 1971 1354 2002 παντα
1379 1956 1599 2007 τελεῖται.

310 2016 400 2072 σὸν
426 2021 515 2087 μὲν
543 2023 628 2104 εἀρ
659 2018 836 2087 λα’μπει
861 2023 975 2072 νέον
1001 2018 1180 2073 ανθεσι
1205 2022 1552 2088 πορφυρέοισι·
1799 2032 1823 2064 d

103 2116 145 2149 25
310 2085 393 2152 σὸς
418 2111 619 2157 χειμων,
647 2098 922 2176 ψυχραῖσιν
949 2089 1272 2159 ἐπερχόμενος
1297 2092 1596 2156 νεφέλαισιν,

306 2175 393 2222 σας
418 2181 534 2213 ποτε
559 2155 829 2230 βακχευτας
854 2162 1076 2229 Βρόμιος
1103 2157 1388 2227 διένειμεν’
1366 2182 1580 2228 οπωρας.

165 2266 250 2318 53.
320 2262 436 2320 εἶτα
478 2266 755 2339 ἐπιφέρει,
809 2269 985 2339 ρητῶς
1038 2287 1456 2340 παντοκρατορα
1493 2262 1777 2338 ὀνομαζων

165 2345 262 2404 τὸν
292 2347 429 2404 θεὸν

307 2449 545 2519 αφθιτον,
570 2449 845 2519 αθανατον,
874 2450 1026 2521 ρητὸν
1052 2454 1208 2520 μόνον
1234 2453 1578 2507 αθανοῖτοισιν.

101 2544 143 2576 30
307 2523 439 2588 ελθὲ,
468 2525 659 2609 μέγιστε
686 2530 818 2576 θεῶν
844 2546 1058 2588 παντων,
1087 2529 1317 2612 κρατερῇ
1325 2542 1418 2577 συν
1444 2547 1655 2596 αναγκῃ,

308 2589 534 2660 φρικτὸς,
561 2590 818 2660 αήττητος,
845 2596 1011 2664 μέγας,
1039 2592 1271 2661 αφθιτος,
1294 2592 1351 2649 dv
1377 2597 1541 2661 στέφει
1566 2593 1738 2663 αἰθήρ.

1638 2697 1715 2717 *n

168 2696 259 2753 δια
289 2722 392 2770 μεν
421 2689 525 2755 οὖν
554 2702 653 2756 τοῦ
683 2723 1046 2774 μητροπατωρ
1069 2696 1135 2757 οὐ
1158 2699 1330 2774 μόνον
1361 2700 1460 2773 τὴν
1493 2703 1551 2757 ἐκ
1580 2724 1654 2773 μη
1685 2724 1772 2756 ον·
1793 2720 1885 2761 (687)

165 2803 278 2838 των
316 2783 539 2854 γένεσιν
580 2781 882 2856 ἐμήνυσεν,
927 2786 1199 2842 ἐνδέδωκε
1252 2785 1312 2841 δε
1363 2781 1614 2859 ἀφορμὰς
1662 2798 1774 2849 τοῖς

165 2863 260 2931 τὰς
290 2865 566 2940 προβολὰς
592 2866 876 2940 εἰσάγουσι
898 2866 1034 2942 τάχα
1065 2871 1158 2925 καὶ
1187 2866 1426 2941 σύζυγον
1449 2872 1646 2941 νοῆσαι
1675 2870 1770 2924 τοί
