2014 3146
242 85 372 163 '200
939 110 1189 152 EUSEBH

397 231 475 284 15.
513 226 811 285 Ἐντεῦθεν
853 221 907 281 δ’
962 229 1020 282 οἷ
1054 249 1158 299 μεν
1196 227 1434 283 Στωικοὶ
1474 223 1534 283 τὸ
1584 227 1736 292 τέλος
1777 230 1874 300 τῆς

264 317 595 385 φιλοσοφίας
626 310 686 368 τὸ
717 308 1042 376 ἀκολούθως
1072 315 1139 383 τῇ
1170 308 1338 382 φύσει
1369 314 1466 383 ζῆν
1497 309 1809 385 εἰρήκασιν,
1842 307 1873 369 5

265 395 506 452 Πλάτων
537 395 598 452 δὲ
627 391 893 469 ὁμοίωσιν
922 397 1068 470 θεῷ,
1113 417 1185 461 ως
1218 398 1279 452 ἐν
1307 398 1382 470 τῷ
1425 398 1668 471 δευτέρῳ
1699 417 1873 469 παρε-

265 478 545 552 στήσαμεν
585 490 938 552 Στρωματεϊ,
992 476 1192 550 Ζήνων
1242 503 1302 536 τε
1353 475 1382 535 5
1422 478 1672 546 Στωϊκὸς
1723 478 1873 554 παρὰ

264 562 567 630 Πλάτωνος
611 561 828 636 λαβών,
875 559 903 620 5
951 563 1013 619 δὲ
1043 559 1151 619 ἀπὸ
1181 565 1277 635 τῆς
1323 561 1612 637 βαρβάρου
1643 571 1870 637 φιλοσο-
1893 589 1915 621 5

263 655 424 720 φίας,
466 647 594 715 τοὺς
640 645 890 721 ἀγαθοῦς
934 646 1143 715 πάντας
1183 646 1439 721 ἀλλήλων
1481 648 1624 705 εἶναι
1674 654 1874 722 φίλους

264 735 427 805 λέγει.
490 734 627 806 φησὶ
668 733 772 807 γὰρ
814 735 874 790 ἐν
911 735 990 809 τῷ
1032 737 1262 810 Φαίδρςο
1303 731 1606 807 Σωκράτης
1659 728 1731 799 ὥς
1771 729 1874 806 οὐχ

153 841 243 883 (672)
265 821 515 890 εἵμαρται
545 816 716 875 κακὸν
744 820 895 894 κακῷ
925 822 1092 890 φίλον
1125 817 1294 891 εἶναι,
1327 814 1449 875 οὐδ’
1486 814 1707 890 ἀγαθὸν
1736 814 1875 889 ἀγα-

263 907 352 978 θῷ
383 900 457 975 μὴ
487 907 670 975 φίλον.

395 991 473 1042 16.
507 983 644 1059 ὅπερ
685 982 790 1042 κάν
829 989 904 1063 τῷ
945 984 1151 1044 Λύσιδι
1193 983 1484 1054 ἀπέδειξεν
1526 988 1756 1058 ἱκαναῖς,
1799 983 1871 1052 ὡς
1895 1011 1940 1044 ιο

264 1073 325 1127 ἐν
356 1066 545 1146 ἀδικία
575 1073 668 1127 καὶ
691 1076 931 1147 πονηρία
961 1069 1064 1128 οὐκ
1087 1069 1158 1128 ἅν
1181 1094 1312 1129 ποτε
1336 1077 1548 1142 σωθείη
1573 1075 1747 1144 φιλία.
1780 1071 1874 1127 καὶ

263 1152 292 1211 5
317 1153 615 1228 Ἀθηναῖος
647 1156 798 1222 ξένος
828 1153 1030 1228 ὁμοίως
1061 1157 1198 1228 φησὶ

383 1235 637 1313 “Πρᾶξιν
670 1239 810 1295 εἶναι
841 1245 1014 1312 φίλην
1038 1241 1128 1297 καὶ
1161 1236 1481 1297 ἀκόλουθον
1503 1242 1622 1316 θεῷ
1651 1241 1744 1296 καὶ
1775 1241 1873 1296 ε’να

262 1322 430 1395 λόγον
461 1329 698 1424 ἔχουσαν
728 1320 979 1398 ἀρχαῖον,
1011 1321 1144 1382 ὅταν
1167 1322 1227 1381 τὸ
1249 1349 1353 1398 μεν
1382 1322 1572 1398 όμοιον
1594 1348 1670 1381 τω
1700 1319 1872 1401 ὁμοίω

260 1414 464 1485 μετρίω
488 1406 606 1465 ὄντι
630 1414 797 1481 φίλον
819 1409 873 1481 ἦ,
898 1407 965 1465 τά
993 1407 1098 1466 δέ’
1076 1408 1284 1483 άμετρα
1307 1407 1437 1466 οὔτε
1459 1422 1573 1475 τοῖς
1598 1407 1869 1482 ἀμέτροις,
1894 1432 1937 1465 15

260 1489 388 1549 οὔτε
417 1506 531 1559 τοῖς
565 1495 878 1596 ἐμμέτροις,
923 1489 951 1550 5
985 1494 1045 1550 δε
1075 1491 1208 1561 θεὸς
1239 1490 1375 1567 ἡμῖν
1405 1491 1632 1551 πάντων
1661 1491 1872 1567 χρημά-

260 1600 374 1634 των
404 1579 604 1651 μέτρον
635 1572 706 1634 ἀν
738 1587 836 1650 εἴη

391 1666 471 1718 17.
506 1662 644 1720 Εἶτα
675 1658 888 1734 ὑποβὰς
922 1661 1110 1735 ἐπάγει
1140 1661 1383 1719 Πλάτων

212 1769 235 1801 b
379 1741 538 1812 “Hdg
568 1744 672 1820 γάρ
706 1746 772 1819 δὴ
805 1743 1014 1819 ἀγαθὸς
1055 1745 1255 1823 ἀγαθῷ
1283 1743 1496 1820 ὅμοιος,
1539 1745 1676 1802 κατὰ
1706 1748 1869 1803 τοῦτο

263 1829 325 1885 δὲ
366 1832 457 1886 καὶ
497 1834 613 1906 θεῷ
657 1829 845 1896 ἐοικώς
890 1829 1087 1908 ἀγαθῷ
1128 1854 1187 1888 τε
1226 1832 1392 1888 παντὶ
1431 1836 1592 1903 φίλος
1634 1825 1867 1905 ὑπάρχει
1890 1853 1936 1887 20

258 1914 350 1970 καὶ
382 1910 553 1990 θεῷ.”

380 1996 658 2056 Ἐνταῦθα
700 1997 996 2072 γενόμενος
1039 1997 1299 2057 κάκείνου
1342 1996 1734 2072 ἀνεμνήσθην·
1778 2000 1867 2056 ἐπὶ

257 2085 399 2139 τέλει
429 2080 534 2156 γάρ
565 2085 664 2140 τοῦ
702 2089 934 2156 Τιμαίου
966 2085 1111 2156 λέγει

378 2163 408 2186 “
425 2169 515 2242 Τῷ
536 2170 960 2245 κατανοουμένω
985 2167 1045 2225 τὸ
1062 2171 1372 2226 κατανοοῦν
1398 2170 1719 2241 ἐξομοιῶσαι
1744 2173 1867 2225 δεῖν

258 2248 395 2307 κατά
426 2249 527 2324 τήν
558 2248 796 2325 ἀρχαίαν
827 2251 1032 2325 φύσιν,
1064 2249 1411 2326 ὁμοιώσαντα
1445 2252 1506 2309 δὲ
1535 2253 1689 2318 τέλος
1720 2258 1866 2325 ἔχειν
1888 2281 1933 2316 25

256 2338 356 2391 τοῦ
387 2340 752 2405 προτεθέντος
794 2333 1115 2411 ἀνθρώποις
1154 2333 1263 2394 ὑπὸ
1292 2340 1447 2394 θεῶν
1477 2335 1706 2410 ἀρίστου
1737 2342 1865 2409 βίου

257 2418 393 2492 πρός
423 2443 482 2476 τε
511 2417 607 2476 τὸν
638 2420 885 2494 παρόντα
916 2423 1008 2478 καὶ
1038 2420 1135 2478 τὸν
1167 2427 1353 2479 ἔπειτα
1387 2417 1643 2495 χρόνον.”

389 2507 468 2560 18.
503 2506 614 2560 Καὶ
644 2503 779 2577 μετά
809 2507 1017 2579 βραχέα
1049 2507 1287 2578 ἐπιλέγει

373 2698 395 2737 7
426 2689 488 2744 ὥς
513 2710 599 2750 ουχ
619 2695 695 2751 ——]
720 2697 854 2739 Plato
875 2698 1070 2740 Phaedr.
1094 2713 1138 2752 p.
1163 2700 1258 2741 255.

345 2755 396 2793 10
428 2747 686 2807 Λύσιδι]·ρ
693 2755 826 2797 214.

345 2811 396 2849 13
431 2807 616 2860 Πρᾶξιν
640 2789 767 2851 εἶναι
788 2808 859 2876 ——]
895 2810 1031 2850 Plato
1053 2811 1166 2864 Leg.
1190 2813 1230 2854 4
1263 2824 1308 2863 p.
1332 2812 1424 2851 716.

340 2866 395 2905 24
431 2864 508 2917 Τῷ
529 2861 896 2920 κατανοουμένῳ
917 2863 991 2920 -]
1025 2867 1162 2908 Plato
1186 2867 1300 2907 Tim.
1323 2879 1368 2919 p.
1393 2867 1460 2908 90.
