2014 3146
236 108 335 161 158
903 106 1152 148 EUsEssn

358 229 442 281 20.
492 225 782 296 Μηδαμῶς
805 220 972 290 δόξαν
994 219 1255 294 τοιαύτην
1278 223 1404 294 περὶ
1433 224 1603 293 θεῶν,
1630 212 1674 278 ῶ
1696 223 1836 294 ξένε,

232 306 657 380 ἀποδεχώμεθα·
705 303 922 378 οὐδαμῆ
963 305 1066 379 γὰρ
1107 303 1234 363 οὕτε
1272 301 1427 363 ὅσιον
1467 303 1582 363 οὔτ’
1630 302 1836 378 ἀληθὲς

232 386 291 449 τὸ
326 389 596 463 διανόημα
629 387 974 463 διανοοίμεθ’
1007 387 1093 447 ἄν.

358 478 653 548 Δοκοῠμεν
697 476 761 531 δέ
794 498 886 547 μοι
924 477 1032 531 νῦν
1074 471 1181 546 ἤδη
1224 474 1315 529 καὶ
1356 471 1565 545 μεγάλα
1604 481 1836 548 μετρίως

185 581 205 612 d
231 562 536 632 διειλέχθαι
563 562 639 636 τῶ
670 564 929 634 φιλαιτίῳ
959 561 1054 630 τῆς
1085 556 1340 631 ἀμελείας
1371 560 1496 633 πέρι
1525 561 1691 614 θεῶν.
1879 595 1900 628 5

118 1085 206 1128 [372]

113 1667 252 1714 (634JL

357 650 488 701 Ναί.

365 730 455 804 Τῷ
483 750 547 800 γε
577 725 866 798 βιάζεσθαι
896 740 1009 792 τοῖς
1042 724 1222 798 λόγοις
1252 724 1543 798 ὁμολογεῖν
1573 721 1742 783 αὐτὸν
1764 727 1838 798 μὴ

229 812 413 883 λέγειν
442 808 644 884 ορθῶς.
723 814 956 887 ἐπῳδῶν
986 835 1049 882 γε
1079 808 1189 884 μὴν
1219 815 1593 883 προσδεῖσθαί
1619 834 1711 883 μοι
1744 814 1838 866 δο-

230 909 320 954 κεῖ
346 894 549 969 μύθων
581 901 658 952 ε’τι
689 901 871 953 τινῶν.

355 985 566 1048 Ποίων,
599 981 641 1035 ὠ
672 976 878 1052 άγαθέ;
1858 1009 1900 1042 10

355 1069 439 1121 21.
512 1069 807 1136 Πείσωμεν
846 1065 941 1120 τὸν
982 1069 1212 1121 νεανίαν
1253 1076 1365 1128 τοῖς
1408 1060 1588 1134 λόγοις
1649 1057 1722 1129 ῶς
1762 1065 1838 1139 τῷ

227 1150 327 1204 τοῦ
376 1146 581 1213 παντὸς
634 1150 1043 1224 ἐπιμελουμένω
1098 1147 1233 1219 πρὸς
1270 1144 1372 1218 τὴν
1425 1154 1703 1219 σωτηρίαν
1742 1149 1834 1203 καὶ

227 1228 429 1339 αρετὴν
467 1235 566 1290 τοῦ
602 1229 736 1289 όλου
776 1230 938 1289 πάντ’
989 1234 1102 1289 ἐστὶ
1144 1232 1580 1304 συντεταγμένα,
1624 1254 1703 1287 ων
1743 1233 1836 1287 καὶ

225 1314 284 1372 τὸ
324 1319 487 1391 μέρος
529 1322 606 1383 είς
647 1315 886 1389 δύναμιν
928 1318 1159 1373 ἕκαστον
1198 1315 1256 1373 τὸ
1309 1318 1591 1387 προσῆκον
1640 1312 1836 1388 πάσχει

225 1402 317 1457 καὶ
347 1415 507 1458 ποιεῖ.
583 1400 799 1468 τούτοις
843 1402 908 1457 δέ
944 1406 1086 1458 εἰσιν
1125 1398 1384 1474 ἄρχοντες
1429 1403 1832 1474 προστεταγμέ-
1856 1429 1898 1462 15

225 1509 312 1542 νοι
343 1483 589 1551 ἑκάστοις
622 1487 710 1542 ἐπὶ
739 1485 799 1542 τὸ
831 1484 1195 1558 σμικρότατον
1225 1481 1311 1541 ἀεὶ
1350 1483 1535 1557 πάθης
1574 1486 1667 1540 καὶ
1696 1482 1833 1558 πρά-

225 1572 378 1641 ξεως,
412 1576 488 1636 εἰς
518 1568 788 1644 μερισμὸν
817 1568 914 1627 τὸν
945 1575 1174 1643 ε”σχατον
1203 1572 1356 1635 τέλος
1387 1565 1833 1669 ἀπειργασμένοι

227 1657 308 1710 92.
359 1654 438 1711 ῶν
470 1659 530 1711 εν
561 1656 650 1710 καὶ
682 1651 741 1710 τὸ
773 1651 899 1726 σὸν,
945 1654 986 1710 ὠ
1018 1656 1247 1726 σχέτλιε,
1279 1651 1474 1726 μόριον
1506 1659 1583 1753 &fg
1622 1650 1682 1709 τὸ
1721 1656 1834 1711 πᾶν

225 1740 495 1804 ξυντείνει
525 1740 746 1809 βλέπον·
762 1735 876 1810 ἀεὶ,
919 1743 1117 1812 καίπερ
1148 1736 1495 1811 πάνσμικρον
1523 1734 1603 1793 ὅν.
1680 1738 1741 1793 σε
1773 1738 1834 1794 δε

224 1827 426 1893 λέληθε
467 1823 594 1895 περὶ
644 1824 807 1878 τοῦτο
857 1818 991 1878 αὐτὸ
1041 1817 1116 1887 ῶς
1156 1823 1369 1893 γένεσις
1410 1824 1572 1877 ἕνεκα
1615 1822 1831 1878 ἐκείνου
1853 1850 1895 1884 20

222 1910 434 1976 γίνεται
464 1908 631 1977 πᾶσα,
663 1902 811 1971 ὅπως
841 1897 875 1979 ᾐ
906 1908 983 1981 τῶ
1011 1909 1108 1962 τοῦ
1139 1906 1342 1972 παντὸς
1373 1910 1479 1981 βίῳ
1504 1902 1831 2009 ὑπάρχουσα

224 1985 507 2062 εὐδαίμων
536 1986 716 2060 οὐσία,
747 1987 848 2062 οὐχ
874 1992 1035 2046 ε’νεκα
1058 1992 1162 2046 σοῦ
1183 1992 1463 2062 γινομένη,
1491 1987 1562 2045 σύ
1589 1985 1641 2044 δ’
1669 1991 1832 2047 ε’νεκα

225 2076 454 2130 ἐκείνου.
518 2075 622 2140 πᾶς
652 2071 756 2147 γὰρ
801 2071 982 2147 ἰατρὸς
1024 2075 1116 2130 καὶ
1149 2076 1254 2139 πᾶς
1286 2080 1536 2146 ἔντεχνος
1569 2077 1830 2145 δημιουρ-

223 2154 315 2228 γὸς
377 2155 582 2223 παντὸς
632 2158 735 2230 μὲν
792 2160 953 2215 ἕνεκα
993 2156 1172 2215 πάντα
1226 2157 1531 2230 ἐργάζεται,
1585 2157 1720 2230 πρὸς
1769 2155 1828 2213 τὸ

223 2246 378 2314 κοινῇ
422 2246 724 2308 ξυντείνων
766 2246 1077 2314 βέλτιστον,
1123 2244 1286 2314 μέρος
1334 2239 1445 2314 μὴν
1494 2245 1655 2298 ἕνεκα
1695 2237 1828 2298 ὅλου
1850 2267 1892 2301 25

223 2327 314 2380 καὶ
345 2322 467 2397 οὐχὶ
498 2324 629 2382 ὅλον
658 2327 857 2399 μέρους
892 2330 1053 2383 ἕνεκα
1084 2323 1455 2399 ἀπεργάζεται.
1531 2328 1614 2381 23.
1664 2322 1734 2381 σύ
1768 2326 1829 2381 δὲ

222 2406 548 2480 ἀγανακτεῖς
588 2408 806 2481 ἀγνοῶν
836 2407 943 2482 ὅπη
973 2410 1034 2467 τὸ
1065 2412 1191 2482 περὶ
1226 2411 1287 2467 σὲ
1310 2408 1534 2483 ἄριστον
1563 2414 1639 2484 τῶ
1662 2411 1830 2466 παντὶ

221 2495 511 2565 ξυμβαίνει
542 2495 632 2549 καὶ
664 2496 751 2550 σοὶ
782 2494 919 2551 κατὰ
950 2493 1190 2567 δύναμιν
1219 2492 1319 2566 τὴν
1343 2497 1436 2566 τῆς
1460 2496 1647 2564 κοινῆς
1677 2495 1827 2564 γενέ-

222 2593 374 2641 σεως.
454 2578 568 2632 ἐπεὶ
612 2577 673 2633 δὲ
713 2575 799 2633 ἀεὶ
840 2576 988 2650 ψυχὴ
1030 2580 1438 2651 συντεταγμένη
1463 2575 1678 2647 ,στόματι
1707 2576 1827 2632 τοτὲ

220 2660 322 2731 μὲν
352 2657 519 2735 ἄλλῳ,
551 2661 670 2717 τοτὲ
702 2659 752 2717 δ’
790 2659 966 2737 ἄλλῳ,
1013 2660 1343 2734 μεταβάλλει
1373 2665 1635 2725 παντοίας
1664 2681 1822 2732 μετα·
1846 2682 1887 2717 30

220 2743 414 2815 βολὰς,
458 2743 529 2800 δι’
579 2743 783 2816 ἑαυτὴν
822 2741 856 2817 ἢ
897 2744 969 2801 δι’
1019 2748 1211 2819 ἑτέραν
1242 2745 1454 2818 ψυχὴν,
1494 2741 1661 2800 οὐδὲν
1690 2739 1822 2800 ἄλλο

221 2833 383 2901 ἔργον
443 2830 521 2904 τῶ
569 2831 835 2901 πεττευτῇ
883 2834 1124 2886 λείπεται
1169 2827 1314 2901 πλὴν
1353 2829 1706 2901 μετατιθέναι
1763 2825 1822 2884 τό
