2014 3146
556 135 769 176 PRAEP.
802 135 1026 178 EVANG.
1056 136 1176 178 XIV.
1209 138 1252 177 3.
1602 135 1704 186 277

99 255 337 323 βεβαίως
368 248 906 323 καταλαμβάνεσθαι.
964 242 1035 322 ἦν
1058 254 1196 323 γοῦν
1220 250 1422 324 λῃστὴς
1453 253 1545 308 καὶ
1575 250 1706 323 γόης

99 354 425 408 σοφωτερος.
504 339 549 392 7.
608 334 949 408 παραλαβών
988 359 1094 407 γαρ
1134 332 1340 408 ἀληθεῖ
1374 334 1534 408 μὲν
1515 334 1707 408 όμοιον

99 423 322 491 ψεῦδος,
347 422 723 493 καταληπτικῆ
746 421 807 477 δὲ
830 426 1110 495 φαντασία
1134 420 1481 493 καταληπτὸν
1497 416 1706 493 ὅμοιον,

99 506 190 560 καὶ
220 500 446 604 ἀγαγών
478 510 556 570 εἰς
586 503 681 570 τὰς
712 514 852 575 ισας,
886 501 990 561 οὐκ
1021 514 1209 562 εἴασεν
1247 502 1375 562 οὔτε
1409 501 1468 561 τὸ
1500 501 1706 576 ἄληθες

53 610 75 644 5
100 588 241 645 εἶναι
270 586 398 645 οὔτε
427 588 487 645 τὸ
518 591 742 661 ψευδος,
775 586 808 660 ἢ
831 587 898 646 οὐ
922 593 1132 660 μᾶλλον
1161 587 1220 646 τὸ
1252 593 1439 661 ε’τερον
1468 592 1567 645 τοῦ
1598 591 1705 645 ἑτέ-

98 697 218 745 ρου,
251 669 284 745 ἢ
308 675 519 745 μαλλον
548 670 656 730 ἀπὸ
685 677 785 730 τοῦ
815 676 1076 730 πιθανοῦ.
1136 678 1182 730 8.
1217 674 1287 746 ἡν
1317 675 1420 733 οὐν
1449 671 1705 745 ὀνείρατα
1734 690 1754 722 b

95 755 220 813 αντὶ
249 756 580 830 ὀνειράτων,
624 756 714 814 δια
755 757 814 814 τὸ
853 756 1043 830 ὁμοίας
1083 764 1392 829 φαντασίας
1433 754 1704 829 αληθεσιν
1720 773 1814 817 [431]

94 841 237 899 εἶναι
266 866 361 908 τας
392 848 639 913 ψευδεῖς,
673 865 745 907 ως
775 839 883 897 απὸ
920 837 1034 898 ωού
1063 847 1295 916 κηρίνου
1326 840 1462 914 πρὸς
1485 838 1544 897 τὸ
1569 839 1703 912 αλη-

97 924 262 983 θινόν
307 924 432 982 ὦόν.
500 931 548 983 9.
596 929 931 998 συνέβαινεν
969 918 1072 982 οὗν
1113 949 1179 982 τα
1218 950 1358 982 κακα
1389 927 1481 981 καὶ
1513 931 1700 982 πλείω

34 1031 74 1061 10
97 1012 188 1067 καὶ
229 1013 416 1082 μέντοι
459 1015 636 1082 λέγων
666 1006 694 1067 6
726 1008 1055 1083 Καρνεαδης
1096 1008 1442 1083 ἐψυχαγώγει
1482 1012 1574 1065 καὶ
1605 1007 1706 1080 ἠν-

99 1100 471 1166 δραποδίζετο.
540 1087 611 1167 ἦν
643 1094 704 1151 δὲ
735 1097 985 1152 κλέπτων
1024 1095 1126 1167 μὲν
1164 1091 1400 1166 ἀφανὴς,
1437 1093 1706 1167 φαινόμε-

97 1203 190 1244 νος
222 1179 283 1235 δὲ
313 1179 533 1253 λῃστὴς,
568 1182 744 1253 αἱρῶν
773 1182 865 1236 καὶ
890 1177 1035 1255 δόλῳ
1060 1181 1149 1235 καὶ
1175 1185 1271 1254 βία
1293 1179 1421 1245 τοὺς
1445 1180 1536 1235 καὶ
1556 1175 1707 1234 πάνυ

98 1261 316 1336 σφόδρα
338 1266 908 1371 παρεσκευασμένους.
944 1268 1023 1320 10.
1051 1267 1200 1321 πᾶσα
1216 1269 1357 1335 γοῦν
1377 1261 1709 1372 Καρνεάδου

99 1346 317 1405 διανοια
357 1351 513 1405 ἐνίκα
554 1350 647 1405 καὶ
688 1345 922 1421 ουδεμία
958 1343 1187 1421 ἡτισοῦν
1225 1345 1430 1420 ἄλλως,
1466 1349 1583 1404 ἐπεὶ
1615 1348 1708 1403 καὶ

34 1453 76 1484 15
100 1429 181 1498 οἷς
205 1434 604 1506 προσεπολέμει
627 1426 770 1506 ἦσαν
795 1439 974 1490 εἰπεῖν
1002 1429 1426 1507 αδυνατώτεροι.
1479 1436 1560 1486 11.
1586 1429 1705 1488 Ἀν-
1742 1465 1760 1487 e

97 1523 356 1589 τίπατρος
403 1520 542 1589 γοῦν
580 1513 608 1574 6
653 1515 772 1574 κατ’
818 1515 991 1574 αυτὸν
1029 1515 1324 1589 γενόμενος
1374 1523 1567 1620 ἔμελλε
1606 1539 1710 1588 μεν

98 1599 345 1673 ἀγωνιᾶν
374 1625 426 1657 τι
455 1625 721 1707 γραφειν,
763 1599 898 1673 πρὸς
932 1597 989 1657 δ’
1022 1602 1124 1658 οὐν
1154 1625 1282 1668 τους
1314 1599 1421 1657 απὸ
1452 1598 1710 1675 Καρνεα-

102 1690 203 1742 δου
234 1681 369 1742 καθ’
403 1681 614 1759 ἡμέραν
636 1682 1088 1758 αποφερομένους
1113 1683 1310 1758 λόγους
1350 1683 1553 1742 οὔποτε
1587 1688 1708 1756 ἐδη-

99 1776 413 1842 μοσίευσεν,
446 1767 548 1827 οὐκ
581 1773 640 1827 ἐν
671 1784 790 1837 ταῖς
825 1775 1160 1843 διατριβαῖς,
1193 1768 1295 1827 οὐκ
1321 1773 1381 1827 έν
1408 1784 1522 1835 τοῖς
1553 1791 1711 1842 περι-
1738 1825 1744 1830 .

35 1874 76 1906 20
99 1853 308 1926 πατοις,
341 1851 475 1912 οὐδὲ
508 1855 681 1925 εἶπεν,
713 1852 844 1912 οὐδὲ
877 1858 1201 1928 ἐφθέγξατο,
1234 1850 1360 1911 οὐδ’
1394 1850 1602 1927 ἤκουσέ
1628 1877 1710 1920 τις

100 1935 301 2011 αυτοῦ,
334 1940 541 2012 φασὶν,
576 1936 709 1997 οὐδε
739 1942 870 2011 γρῦ
934 1963 1279 2013 αντιγραφας
1320 1940 1382 1996 δε
1426 1942 1711 1996 ἐπανετεί-

100 2047 223 2080 νετο
255 2025 347 2080 καὶ
376 2029 588 2095 γωνίαν
618 2022 807 2095 λαβών
837 2029 1028 2096 βιβλία
1059 2024 1316 2086 κατέλιπε
1353 2021 1567 2098 γραψας
1596 2034 1710 2087 τοις

101 2103 355 2179 ὕστερον,
387 2105 516 2164 οὕτε
546 2110 652 2165 νῦν
685 2106 997 2181 δυνάμενα,
1039 2109 1131 2164 καὶ
1174 2105 1296 2164 τότε
1325 2109 1395 2180 ἠν
1425 2103 1709 2163 ἀδυνατώ-

43 2211 53 2221 ·
102 2214 232 2261 τερα
262 2189 397 2262 πρὸς
428 2190 603 2260 οὕτως
633 2189 813 2265 ἄνδρα
841 2187 1162 2265 υπέρμεγαν
1192 2194 1439 2263 φανέντα
1486 2191 1579 2247 καὶ
1610 2213 1709 2246 κα-

36 2303 78 2335 25
102 2273 406 2342 ταδόξαντα
438 2274 581 2332 εἶναι
609 2288 724 2341 τοῖς
753 2276 874 2334 τότε
897 2272 1216 2349 ἀνθρώποις
1238 2275 1334 2333 τὸν
1357 2272 1706 2346 Καρνεάδην.
1733 2296 1756 2328 d

104 2363 183 2415 12.
231 2356 376 2432 ὅμως
409 2359 498 2430 δὲ,
533 2365 708 2416 καίτοι
749 2353 943 2426 καύτὸς
981 2355 1093 2416 ὑπὸ
1123 2361 1220 2431 τῆς
1262 2362 1517 2430 Στωϊκῆς
1548 2366 1707 2432 φιλο-

102 2448 309 2509 νεικίας
342 2449 419 2510 εἰς
449 2442 509 2500 τὸ
511 2442 787 2543 φανερὸν
817 2446 1033 2515 κυκῶν,
1076 2442 1212 2517 πρός
1254 2468 1318 2516 γε
1347 2443 1476 2510 τούς
1508 2445 1710 2500 ἑαυτοῦ

102 2530 353 2599 ἑταίρους
385 2524 460 2584 δι’
494 2525 823 2601 απορρήτων
854 2488 1122 2600 ωμολόγει
1152 2551 1210 2584 τε
1233 2531 1323 2585 καὶ
1347 2525 1594 2602 ἠλήθευε
1615 2529 1710 2584 καὶ

100 2608 435 2684 απεφαίνετο
466 2636 500 2667 α
531 2636 636 2669 καν
666 2610 828 2679 αλλος
859 2615 971 2669 τῶν
1002 2611 1407 2686 ἐπιτυχόντων]

39 2722 80 2754 30
109 2695 119 2705 ⁹
233 2701 313 2752 13.
363 2695 501 2753 Εἶτα
533 2699 653 2768 ἑξῆς
683 2714 821 2769 φησι

223 2775 593 2853 “Καρνεοὶδου
646 2781 705 2837 δὲ
754 2786 965 2852 γίνεται
1008 2779 1282 2854 γνώριμος
1324 2782 1566 2852 Μέντωρ
1608 2779 1710 2852 μὲν

105 2866 351 2937 πρῶτον,
383 2862 450 2921 οὐ
481 2864 590 2937 μὴν
623 2862 899 2938 διάδοχος·
967 2862 1081 2922 ἀλλ’
1124 2871 1202 2922 ἔτι
1243 2868 1348 2934 ζων
1379 2861 1709 2939 Καρνεάδης
