2014 3146
275 110 381 162 344
960 109 1206 151 EUSEBII

277 229 367 284 καὶ
392 222 567 291 οὕτως
591 224 866 300 ἀρθεῖσαν
890 229 949 282 ἐκ
979 229 1078 298 γῆς
1100 223 1447 282 ἀναπτέσθαι
1471 224 1605 298 πρὸς
1619 224 1715 283 τὸν
1737 223 1880 298 ὑψη-

277 311 374 367 λὸν
405 307 598 382 πάγον.
676 312 776 376 ἕως
823 306 879 366 δ’
929 307 1189 383 ἑκάτερον
1236 310 1323 365 ἐπὶ
1367 312 1462 382 τῆς
1498 315 1702 376 οἰκείας
1731 312 1884 383 μένει

274 393 501 466 τάξεως,
541 390 643 450 οὐκ
676 399 757 451 ἔνι
789 399 1052 451 κοινωνία
1094 406 1208 459 τοῖς
1238 395 1337 465 γῆς
1379 391 1514 468 πρὸς
1543 392 1609 451 τὰ
1639 391 1884 468 οὐρανοῦ

275 474 620 551 θρέμματαῩ

231 624 248 646 c
406 594 452 647 6.
487 591 598 647 Καὶ
629 588 756 663 μεθ’
795 593 952 662 ἕτερα
985 592 1221 662 ἐπιλέγει
1906 617 1928 648 5

395 684 426 707 “
441 686 667 746 Τούτων
696 694 889 745 τοίνυν
919 684 1093 755 οὕτως
1127 686 1391 761 ἐχόντων,
1423 689 1514 744 καὶ
1539 689 1886 761 πειρωμένου

273 776 370 830 τοῦ
403 771 703 840 Πλάτωνος
745 775 928 830 ἕλκειν
966 771 1060 839 τὰς
1091 775 1203 830 τεᾶν
1234 774 1379 830 νέων
1419 769 1599 845 ψυχὰς
1630 769 1745 829 ἅνω
1777 795 1886 829 που

274 855 409 931 πρὸς
440 855 499 914 τὸ
530 867 722 929 θεῖον,
756 859 848 914 καὶ
877 860 1074 915 τοῦτον
1103 857 1200 914 τὸν
1238 855 1444 931 τρόπον
1475 859 1884 929 προσοικειοῦν-

273 966 364 1009 τος
395 965 497 1014 μεν
526 944 594 1015 τῇ
625 938 791 1015 ἀρετῇ
824 944 917 999 καὶ
947 945 1022 1018 τῷ
1054 945 1230 1019 καλῷ,
1262 944 1373 998 τῶν
1405 941 1465 997 ὃε
1496 939 1680 998 ἄλλων
1711 939 1885 998 ἁπάν-

273 1050 387 1083 των
438 1024 842 1094 ἀναπείθοντος
894 1022 1302 1100 ὑπερφρονεῖν,
1355 1022 1574 1099 φράσον
1624 1021 1786 1098 ἡμῖν,
1843 1049 1884 1082 co
1909 1046 1951 1078 10

274 1111 699 1185 Περιπατητικε,
733 1113 849 1176 πῶς
881 1109 1184 1178 ἐκδιδάξεις
1214 1113 1416 1180 ταῦτα;
1449 1112 1564 1176 πῶς
1593 1105 1886 1183 ὁδηγήσεις

277 1191 366 1251 ἐπ’
412 1191 551 1251 αὐτοὶ
591 1193 717 1261 τούς
760 1192 1213 1267 φιλοπλάτωνας;
1257 1199 1302 1251 7.
1337 1196 1447 1251 ποῦ
1485 1212 1571 1251 σοι
1609 1196 1705 1266 τῆς
1735 1197 1888 1267 αἰρέ-

275 1298 414 1346 σεως
455 1283 721 1336 τοσοῦτον
761 1277 902 1347 ὕψος
942 1277 1123 1352 λόγων
1164 1278 1302 1336 ὥστε
1345 1278 1405 1335 τὸ
1445 1280 1556 1336 τῶν
1591 1277 1886 1336 Ἀλωαδῶν

230 1393 250 1424 d
274 1361 532 1436 φρόνημα
562 1361 874 1435 κτήσασθαι
898 1365 989 1420 καὶ
1016 1362 1119 1436 τὴν
1140 1369 1217 1430 εἰς
1247 1361 1490 1436 οὐρανὸν
1520 1358 1654 1421 ὁδὸν
1685 1370 1884 1437 ζητεῖν,

273 1445 343 1521 ἣν
376 1450 576 1506 ἐκεῖνοι
605 1471 707 1521 μεν
740 1446 911 1506 ὤοντο
952 1444 1099 1523 ὀρῶν
1129 1444 1395 1506 ἀναθέσει
1428 1445 1710 1505 δύνασθαι
1739 1453 1884 1520 γίνε-
1908 1467 1951 1501 15

275 1543 431 1604 σθαι,
462 1530 522 1589 τὸ
557 1530 615 1588 δ’
641 1530 728 1606 ἄρ’
765 1525 836 1604 ἦν
859 1531 1150 1633 ἀφαιρέσει
1171 1534 1283 1589 τῶν
1307 1530 1686 1606 ἀνθρωπίνων
1717 1551 1885 1589 σπου-

278 1615 574 1689 δασμάτων
613 1614 936 1690 γινόμενον,
983 1615 1055 1685 τός
1095 1634 1232 1691 φησι
1271 1614 1540 1686 Πλάτων;
1583 1621 1629 1673 8.
1664 1622 1745 1682 τίς
1783 1608 1886 1673 οὖν

274 1700 307 1772 ἡ
341 1700 490 1776 παρὰ
522 1707 623 1758 σοῦ
666 1700 801 1773 πρὸς
840 1707 1013 1758 ταῦτα
1042 1715 1155 1768 τοῖς
1185 1702 1331 1768 νέοις
1361 1699 1628 1773 βοήθεια·
1616 1746 1630 1770 ,
1662 1703 1753 1757 καὶ
1783 1699 1886 1757 πό-

274 1795 380 1841 θεν
411 1809 491 1852 τις
523 1781 550 1841 ὁ
582 1789 677 1856 τῆς
709 1782 905 1857 ἀρετῆς
949 1783 1366 1857 συναγωνιστὴς
1399 1783 1584 1856 λόγος;
1619 1788 1678 1841 ἐκ
1709 1769 1884 1841 ποίων

274 1867 611 1942 γραμμάτων
634 1867 1068 1942 Ἀριστοτέλους;
1115 1875 1263 1935 τίνος
1302 1872 1414 1925 τῶν
1458 1865 1554 1925 ἀπ’
1590 1865 1790 1937 αὕτοῦ;
1825 1871 1883 1924 ἐκ
1906 1891 1947 1923 20

275 1959 453 2010 ποίων
475 1956 730 2027 γραφῶν;
767 1957 968 2027 δίδωμι
991 1952 1095 2028 γάρ
1121 1971 1206 2011 σοι
1230 1949 1334 2011 κᾶν
1357 1950 1670 2021 ψεύδεσθαι
1693 1955 1883 2027 θέλῃς,

273 2035 445 2109 μόνον
476 2062 527 2094 τι
559 2036 831 2095 νεανικόν.
905 2036 1044 2095 ἀλλὰ
1083 2037 1188 2110 γὰρ
1219 2035 1336 2095 οὔτ’
1375 2043 1513 2110 ἔχεις
1555 2042 1732 2094 εἰπεῖν
1763 2033 1880 2094 οὔτ’

274 2116 343 2177 ἂν
376 2124 662 2196 ἐπιτρέψαι
693 2140 778 2179 σοι
809 2125 920 2179 τῶν
951 2121 1241 2195 ἡγεμόνων
1269 2124 1364 2194 τῆς
1389 2123 1650 2195 αἱρέσεως
1681 2117 1882 2188 οὐδείς.

273 2210 319 2261 9.
370 2210 431 2262 αἱ
468 2210 607 2278 γοῦν
642 2202 1048 2278 Ἀριστοτέλους
1099 2209 1226 2280 περὶ
1276 2212 1448 2263 ταῦτα
1499 2219 1882 2279 πραγματεῖαι,

271 2287 586 2363 Εὐδήμειοί
610 2314 669 2348 τε
699 2292 787 2348 καὶ
822 2289 1181 2365 Νικομάχειοι
1211 2292 1303 2348 καὶ
1333 2288 1616 2363 [Μεγάλων
1640 2287 1884 2347 Ἠθικῶν
1905 2310 1948 2343 25

275 2372 739 2448 ἐπιγραφόμεναι,
772 2373 970 2450 μικρόν
999 2399 1050 2432 τι
1081 2378 1172 2432 καὶ
1202 2373 1465 2432 ταπεινὸν
1504 2376 1595 2432 καὶ
1630 2377 1882 2447 δημώδες

272 2459 398 2531 περὶ
429 2461 525 2530 τῆς
555 2455 751 2533 ἀρετῆς
782 2463 1082 2533 φρονοῦσι,
1123 2462 1215 2516 καὶ
1245 2461 1510 2517 τοσοῦτον
1538 2455 1672 2516 ὅσον
1702 2456 1773 2515 ἄν
1801 2482 1882 2524 τις

272 2543 363 2598 καὶ
399 2541 619 2615 ἰδιώτης
660 2546 751 2600 καὶ
790 2541 1122 2610 ἀπαίδευτος
1153 2546 1245 2601 καὶ
1283 2541 1568 2618 μειράκιον
1598 2545 1691 2599 καὶ
1719 2540 1878 2614 γυνή.

167 2624 332 2687 (796)τό
363 2627 465 2699 μὲν
494 2624 597 2701 γάρ
633 2625 902 2701 διάδημα,
946 2624 1019 2695 ὦς
1053 2634 1259 2699 εἰπεῖν,
1301 2630 1392 2685 καὶ
1425 2625 1484 2685 τὸ
1516 2632 1792 2701 σκῆπτρον
1821 2622 1882 2682 τὸ

389 2863 440 2902 17
474 2855 693 2916 Πλάτων]
728 2863 925 2904 Phaedr.
950 2877 992 2916 p.
1017 2866 1111 2905 249.
