2014 3146
601 119 814 160 PRAEP.
846 118 1065 161 EVANG
1098 119 1177 159 XI.
1211 120 1281 160 38.
1691 118 1755 169 77

152 233 540 309 ἐλειτούργουν
570 230 748 310 αὐτῶ,
788 236 881 290 καὶ
913 240 1083 307 χίλιαι
1123 233 1365 307 χιλιάδες
1397 233 1759 307 παρειστήκε-

151 339 258 378 σαν
299 326 618 393 ἔμπροσθεν
659 316 897 390 αὐτοῦ,’
957 317 1268 376 ἐπάκουσον
1317 322 1414 375 τοῦ
1457 316 1756 385 Πλάτωνος

149 407 245 476 τῆς
275 409 437 468 θείας
467 408 728 509 κρίσεως,
771 404 862 459 καὶ
905 395 973 474 δὴ
1016 405 1107 459 καὶ
1147 406 1244 459 τοῦ
1276 406 1524 475 ποταμοῦ
1553 401 1759 476 ὀνομα-

151 490 238 546 στὶ
269 490 650 560 μεμνημένου,
684 485 888 553 πολλάς
919 511 977 544 τε
1008 486 1178 559 μονὰς
1208 490 1320 543 τῶν
1353 485 1602 559 εὐσεβων
1636 492 1758 543 διοι-

82 596 106 629 5
150 570 358 646 φόρους
399 594 458 627 τε
495 575 607 628 τῶν
649 574 942 642 ὃυσσεβων
983 577 1244 645 τιμωρίας
1287 570 1600 644 συμφώνως
1644 586 1757 637 τοῖς

143 654 417 729 Εβραίων
456 651 877 728 υπογράφοντος
923 653 1118 726 λόγοις.
1188 659 1236 711 2.
1284 657 1422 727 φησὶ
1464 654 1515 711 δ’
1553 655 1657 712 οὐν
1699 659 1759 712 ἐν

149 744 227 817 τῷ
257 742 398 812 Περὶ
430 743 610 812 ψυχῆς
639 737 772 796 τάδε

268 819 299 842 “
315 829 508 894 Τρίτος
551 824 611 879 δὲ
652 820 890 895 ποταμὸς
931 821 1142 879 τούτων
1183 820 1319 879 κατὰ
1359 825 1528 895 μέσον
1561 822 1759 894 ἐκβάλ-

149 917 259 980 λει,
292 910 384 964 καὶ
416 906 578 979 ἐγγὺς
609 910 703 979 τῆς
736 911 964 979 ἐκβολῆς
998 909 1246 963 ἐκπίπτει
1279 912 1354 972 εἰς
1384 907 1556 964 τόπον
1586 908 1760 979 μέγαν

84 1016 126 1047 10
150 994 284 1065 πυρὶ
316 995 501 1068 πολλῷ
533 989 856 1064 καιόμενον,
898 993 990 1047 καὶ
1031 997 1233 1063 λίμνην
1275 1006 1426 1048 ποιεῖ
1460 998 1623 1063 μείζω
1664 995 1759 1063 τῆς

72 1117 79 1124 -
149 1074 278 1150 παρ’
313 1074 451 1149 ἡμῖν
480 1075 778 1148 θαλάττης,
811 1078 1045 1144 ζέουσαν
1073 1074 1276 1142 ὕδατος
1307 1077 1399 1131 καὶ
1431 1080 1634 1146 πηλοῦ·
1670 1079 1760 1132 ἐν-

149 1165 353 1218 τεῦθεν
387 1161 446 1216 δὲ
477 1173 648 1232 χωρεῖ
675 1158 862 1236 κύκλῳ
892 1157 1126 1232 θολερὸς
1158 1162 1249 1216 καὶ
1281 1158 1570 1232 πηλώὸης,
1603 1182 1760 1234 περι-

151 1243 490 1317 ελιττόμενος
537 1247 602 1301 δέ
647 1267 710 1315 γε
751 1247 817 1317 τῇ
857 1247 927 1318 γῇ
977 1241 1181 1300 ἄλλοσέ
1214 1267 1273 1300 τε
1311 1242 1626 1316 ἀφικνεῖται
1667 1247 1760 1301 καὶ
1787 1269 1808 1300 d

149 1326 279 1400 παρ’
319 1334 516 1401 ἔσχατα
546 1331 641 1399 τῆς
660 1325 1077 1401 Ἀχερουσιάδος
1108 1335 1322 1400 λίμνης,
1354 1326 1420 1384 οὐ
1451 1327 1759 1430 συμμιγνύ

86 1434 126 1467 15
149 1436 311 1486 μενος
342 1416 417 1488 τῷ
457 1411 651 1469 ύὸατι·
699 1417 1069 1484 περιελιχθεις
1103 1412 1164 1468 δε
1203 1410 1466 1478 πολλάκις
1507 1410 1615 1468 ὑπὸ
1659 1415 1760 1484 γῆς

151 1471 410 1569 ἐμβάλλέι
440 1498 728 1567 κατωτέρω
758 1499 857 1552 τοῦ
896 1494 1198 1569 Ταρτάρου.
1247 1501 1294 1551 3.
1329 1497 1490 1562 οὗτος
1524 1494 1576 1552 δ’
1609 1499 1760 1552 ἐστὶν

147 1579 214 1638 ὃν
246 1579 642 1653 ἐπονομάζουσι
673 1581 1204 1652 Πυριφλεγέθοντα,
1246 1571 1313 1636 οὗ
1353 1582 1444 1636 καὶ
1475 1584 1532 1636 οι
1559 1579 1760 1680 ρύακες

148 1663 553 1737 ἀποσπάσματα
585 1661 971 1737 αναφυσῶσιν,
1003 1687 1145 1721 οπου
1177 1689 1246 1720 αν
1276 1662 1482 1737 τύχωσι
1516 1669 1612 1736 τῆς
1642 1668 1756 1736 γῆς.

149 1747 347 1806 τούτου
381 1749 442 1805 δὲ
473 1740 544 1821 αὖ
574 1746 907 1822 καταντικρὺ
936 1744 964 1805 ὁ
995 1750 1248 1822 τέταρτος
1281 1751 1530 1805 ἐκπίπτει
1562 1754 1638 1814 εἰς
1669 1747 1761 1805 τό-

86 1858 127 1890 ‘20
151 1857 258 1891 πον
288 1838 507 1906 πρῶτον
539 1831 727 1890 δεινόν
748 1857 806 1890 τε
831 1834 929 1890 καὶ
961 1829 1174 1905 ἄγριον,
1202 1829 1273 1899 ὡς
1305 1833 1538 1905 λέγεται,
1571 1836 1759 1906 χρῶμα

153 1919 214 1974 δὲ
254 1923 448 1990 ἔχοντα
490 1915 621 1975 ὅλον
659 1915 780 1974 οἷον
818 1918 846 1973 ὁ
879 1915 1114 1989 κυανὸς,
1156 1914 1221 1974 ὃν
1263 1915 1331 1988 δὴ
1365 1916 1760 1990 ἐπονομάζουσι

152 2000 425 2072 Στύγιον,
458 2003 550 2057 καὶ
579 2001 681 2073 τὴν
721 2008 922 2075 λίμνην
952 1999 1022 2074 ἣν
1053 2014 1203 2058 ποιεῖ
1230 1999 1258 2057 ὁ
1291 1999 1530 2074 ποταμὸς
1564 2000 1759 2073 ἐμβάλ-

151 2094 265 2142 λων
288 2085 494 2157 Στύγα.
542 2083 570 2142 ὁ
597 2084 650 2142 δ’
689 2084 942 2158 ἐμπεσών
968 2089 1214 2142 ἐνταῦθα
1247 2086 1336 2141 καὶ
1367 2084 1552 2150 δεινὰς
1587 2083 1759 2142 δυνά-

152 2192 270 2243 μεις
301 2169 488 2240 λαβὼν
521 2172 580 2226 ἐν
609 2175 684 2246 τῷ
714 2166 897 2241 ὕδατι,
917 2168 1014 2234 δὺς
1045 2166 1182 2225 κατα
1213 2172 1307 2239 τῆς
1337 2170 1456 2239 γῆς,
1489 2176 1759 2242 περιελιτ-

88 2276 128 2308 25
151 2253 379 2325 τόμενος
443 2266 612 2326 χωρεῖ
674 2255 935 2318 ἐναντίως
994 2254 1071 2327 τῷ
1121 2253 1608 2324 Πυριφλεγέθοντι
1668 2253 1759 2309 καὶ

151 2335 369 2410 ἀπαντᾷ
400 2338 459 2392 ἐν
487 2339 555 2410 τῇ
576 2335 902 2410 Ἀχερουσία
932 2341 1098 2409 λίμνῃ
1123 2338 1175 2403 ἐξ
1203 2339 1472 2408 ἐναντίας,
1507 2339 1598 2393 καὶ
1628 2335 1761 2393 οὐδὲ
1781 2359 1871 2400 (568)

153 2418 212 2477 τὸ
244 2418 441 2476 τούτου
471 2418 626 2493 ὕδωρ
658 2415 846 2476 οὐδενὶ
878 2425 1157 2492 μίγνυται,
1182 2418 1319 2476 ἄλλα
1343 2423 1434 2477 καὶ
1468 2412 1627 2487 οὗτος
1658 2421 1762 2477 κύ-

154 2511 266 2579 κλῳ
299 2500 614 2577 περιελθών
647 2501 903 2575 ἐμβάλλει
946 2509 1022 2569 εἰς
1056 2503 1151 2562 τὸν
1182 2502 1467 2578 Τάρταρον
1499 2509 1760 2570 ἐναντίως

153 2592 228 2664 τῷ
269 2589 779 2660 Πυριφλεγέθοντι·
836 2585 1008 2660 ὄνομα
1051 2589 1111 2644 δὲ
1150 2588 1329 2665 τούτῳ
1372 2590 1549 2661 ἐστὶν,
1595 2587 1667 2655 ὡς
1708 2593 1765 2645 οἱ

92 2694 132 2726 30
155 2674 373 2744 ποιηταὶ
415 2674 666 2743 λέγουσι,
699 2670 976 2738 Κωκυτός.
1053 2676 1101 2728 4.
1142 2671 1354 2730 τούτων
1395 2674 1456 2729 δὲ
1486 2670 1628 2730 οὕτω
1661 2696 1758 2730 πε-

270 2865 294 2904 8
330 2864 498 2916 Τρίτος
520 2860 573 2905 δὲ
596 2861 668 2918 -]
704 2863 837 2906 Plato
859 2865 1091 2907 Phaedon.
1116 2879 1156 2918 p.
1181 2868 1273 2906 113.
