2014 3146
245 145 316 195 34
890 145 1139 194 EUSEBH

247 258 345 326 τὰς
395 259 591 334 ἀρετὰς
639 262 750 317 τῶν
798 259 1130 332 φασκόντων
1170 259 1493 328 ὅτιποῖντες
1536 262 1698 334 ἐσμὲν
1736 263 1851 319 υἱοὶ

202 365 222 396 d
251 344 371 412 ἑνὸς
411 342 732 417 ἀνθρώπου.
822 347 870 400 4.
914 346 1005 401 καὶ
1046 342 1150 419 γαρ
1192 351 1244 401 εἰ
1280 344 1355 417 μή
1385 368 1469 403 πω
1502 348 1681 403 ἱκανοὶ
1713 350 1852 403 θεοῦ

247 434 444 494 παῖδες
474 434 797 501 νομίζεσθαι
826 427 1160 502 γεγόναμεν,
1202 425 1340 485 ἄλλά
1378 453 1462 486 τοι
1497 433 1591 502 τῆς
1629 427 1852 496 ἀειδοῦς

247 513 459 578 εἰκόνος
490 510 663 568 αὐτοῦ
694 510 862 585 λόγου
891 516 989 569 τοῦ
1023 513 1346 586 ίερωτάτου·
1393 517 1533 571 θεοῦ
1556 513 1659 585 γὰρ
1686 511 1851 571 εἰκών

245 597 404 669 λόγος
434 595 463 653 ὁ
494 595 924 668 πρεσβύτατος.”
1871 621 1896 654 5

372 684 420 736 5.
453 682 565 738 Καὶ
595 679 764 738 πάλιν
796 684 1032 752 ἐπιλέγει

365 760 396 784 “
413 762 661 822 ’Ἡκουσα
691 767 878 837 μέντοι
909 767 1001 821 καὶ
1031 767 1143 822 τῶν
1166 767 1418 832 Μωσέως
1447 767 1685 840 ἑταίρων
1706 765 1855 831 τινὸς

242 833 747 922 ἀποφθεγξαμένου
786 846 1005 906 τοιόνδε
1043 847 1279 921 λόγιον
1283 847 1431 906 “ἰδοὺ
1471 847 1855 925 ἅνθρωποςῳ

242 931 416 1006 όνομα
434 929 746 1004 Ἀνατολήῗ
793 932 1085 1005 καινοτάτη
1110 933 1430 1007 πρόσρησις,
1465 932 1561 990 ε’άν
1582 957 1645 1006 γε
1668 932 1764 991 τὸν
1795 936 1854 990 ἐκ

134 1037 223 1078 [314]
245 1016 493 1091 σώματος
545 1011 637 1073 καὶ
689 1020 868 1090 ψυχῆς
919 1021 1237 1075 συνεστῶτα
1284 1020 1546 1090 λέγεσθαι
1590 1024 1849 1093 νομίσῃς·
1876 1042 1918 1074 10

246 1100 343 1159 ἐὰν
376 1102 435 1158 δὲ
467 1100 564 1159 τὸν
594 1098 886 1174 ἀσώματον
918 1104 1131 1159 ἐκεῖνον
1159 1108 1327 1159 θείαν
1359 1104 1516 1160 ἰδέαν
1549 1106 1851 1176 φοροῦντα,

246 1189 448 1253 ἱκανῶς
498 1184 856 1259 ὁμολογήσεις
905 1184 988 1242 ὅτι
1039 1185 1500 1258 εὐθυβολώτατον
1539 1184 1712 1258 ὄνομα
1756 1190 1854 1243 ε’π-

245 1276 529 1344 εφημίσθη
581 1270 640 1326 τὸ
684 1267 947 1342 Ἀνατολὴ
998 1269 1162 1347 αὐτῷ.
1254 1275 1300 1327 6.
1352 1272 1550 1328 τοῦτον
1597 1271 1698 1343 μὲν
1747 1268 1853 1344 γὰρ

243 1353 630 1429 πρεσβύτατον
669 1352 797 1411 υίὸν
836 1350 864 1411 ὁ
904 1359 1017 1412 τῶν
1055 1351 1203 1411 ὅλων
1241 1354 1489 1412 ἀνέτειλε
1527 1353 1736 1429 πατὴρ,
1787 1352 1854 1412 ὂν

245 1441 478 1512 ἑτέρωθι
545 1437 899 1512 πρωτόγονον
959 1435 1226 1512 ὠνόμασε.
1317 1441 1409 1495 καὶ
1467 1436 1496 1495 ὁ
1555 1440 1851 1510 γεννηθεὶς
1874 1461 1915 1494 15

242 1526 430 1596 μέντοι
500 1522 838 1596 μιμούμενος
899 1522 993 1589 τὰς
1052 1526 1153 1580 τοῦ
1216 1522 1421 1596 πατρὸς
1481 1519 1647 1590 ὁδους
1715 1521 1851 1596 πρὸς

132 1628 225 1671 (534)
244 1612 664 1680 παραδείγματα
697 1605 977 1680 ἀρχέτυπα
1006 1606 1072 1663 τὰ
1104 1610 1320 1664 ἐκείνου
1350 1610 1574 1679 βλέπων
1607 1605 1852 1682 ἐμόρφου

241 1689 308 1747 τὰ
350 1687 528 1763 εἰ’δη.”

373 1780 416 1831 7.
459 1774 643 1832 Ταῦτά
672 1799 764 1848 μοι
794 1772 900 1831 ἀπὸ
926 1778 1026 1831 τοῦ
1043 1771 1302 1848 τΕβραίου
1329 1782 1579 1842 Φίλωνος
1603 1777 1850 1832 ἐνταῦθα

242 1866 483 1930 κείσθω,
520 1862 808 1932 ληφθέντα
841 1863 900 1916 ἐκ
930 1859 1353 1932 συγγράμματος
1385 1851 1429 1935 ᾦ
1457 1863 1699 1917 τέθειται
1730 1862 1841 1915 ε’πι·
1871 1882 1915 1915 20

242 1943 429 2016 γραφὴ
461 1946 604 2017 Περὶ
643 1946 742 2000 τοῦ
779 1942 839 2000 τὸ
882 1957 1068 2017 χεῖρον
1107 1947 1186 2019 τῷ
1213 1950 1484 2017 κρείττονι
1514 1950 1699 2015 φιλεῖν
1731 1946 1851 1999 ἐπι-

241 2035 521 2085 τίθεσθαι.
568 2028 675 2101 ἥδη
709 2030 774 2084 δέ
799 2051 890 2101 μοι
921 2030 1009 2083 καὶ
1040 2025 1232 2084 ἄλλοτε
1254 2027 1320 2084 τὰ
1343 2033 1441 2098 τῆς
1463 2031 1574 2084 τῶν
1598 2030 1850 2084 παλαιῶν

236 2108 509 2186 Ἐβραίων
556 2109 841 2183 εὐσεβείας
886 2111 1131 2185 δόγματα
1171 2114 1595 2188 παρατιθεμένῳ
1637 2115 1699 2167 ἐν
1736 2124 1850 2177 τοῖς

240 2199 336 2269 τῆς
389 2195 771 2269 Εὐαγγελικῆς
811 2199 1287 2270 Προπαρασκευῆς
1337 2197 1428 2252 καὶ
1470 2220 1534 2251 τα
1583 2197 1710 2268 περι
1750 2219 1848 2252 του

243 2283 509 2354 δευτέρου
540 2287 721 2338 αἰτίου
753 2286 1062 2353 διείληπται
1093 2277 1397 2353 αυτάρκως,
1430 2278 1515 2352 ἐφ’
1553 2304 1585 2335 α
1617 2281 1710 2336 καὶ
1739 2282 1847 2336 νῦν
1870 2300 1911 2333 25

195 2377 218 2409 b
242 2364 370 2429 τοὺς
431 2372 764 2436 φιλομαθεῖς
816 2363 1137 2438 ἀναπέμψω.
1226 2382 1506 2422 τοσουτων
1556 2357 1659 2421 οὖν
1709 2360 1846 2436 παρ’

233 2447 506 2520 Ἑβραίοις
555 2450 646 2504 καὶ
695 2446 858 2504 τόνδε
898 2448 995 2505 τὸν
1036 2447 1242 2523 τρόπον
1280 2450 1406 2523 περὶ
1447 2472 1544 2505 του
1587 2450 1850 2521 δευτέρου

240 2534 353 2588 των
406 2528 553 2588 ὅλων
606 2538 787 2588 αἰτίου
837 2535 1326 2604 τεθεολογημένων
1376 2530 1563 2605 καιρὸς
1607 2529 1715 2603 ἤδη
1755 2533 1848 2586 καὶ

241 2617 343 2672 τοῦ
373 2614 672 2681 Πλάτωνος
715 2619 776 2672 ἐν
813 2618 881 2689 τῇ
914 2614 1221 2687 Ἐπινομίδι
1261 2614 1394 2671 τάδε
1433 2617 1683 2686 λέγοντος
1715 2617 1848 2670 ε’πα-

240 2716 437 2756 κουσαι
1866 2719 1908 2750 30

354 2895 407 2933 29
440 2887 490 2934 ἐν
511 2891 566 2946 τῇ
585 2885 874 2945 Ἐπινομίδι]
902 2905 943 2944 p.
967 2893 1061 2933 986.
