2014 3146
265 129 332 181 62
938 130 1189 172 EUSEBII

267 245 426 314 ποιὰς
459 246 601 304 εἶναι
631 247 723 302 καὶ
755 243 849 311 τὰς
881 248 1190 319 ἐνεργείας,
1234 241 1306 312 ὥς
1350 242 1420 304 ἂν
1450 243 1549 304 ἀπ’
1583 245 1750 322 αὐτῆς
1781 251 1873 322 ρ”ε-

266 330 435 398 ούσας
466 333 558 388 καὶ
589 328 760 402 αὐτῆς
791 327 960 396 οὔσας
991 327 1401 403 βλαστήματα.”

393 420 440 471 6.
493 412 706 473 Τούτου
735 420 931 471 τοίνυν
968 417 1067 472 τοῦ
1099 412 1268 486 λόγου
1297 413 1400 487 τὴν
1432 413 1674 489 δύναμιν
1714 438 1871 490 περι-

265 505 439 573 αιρῶν
467 494 495 555 ὁ
520 497 738 572 Βοηθὸς
770 496 1082 556 ἐπάκουσον
1113 496 1288 565 εὐθὺς
1319 502 1379 556 ἐν
1408 495 1548 573 ἀρχῇ
1578 503 1676 557 τοῦ
1706 499 1873 574 λόγου

265 581 294 640 ὃ
326 588 592 656 πεποίηκε
621 581 856 657 γράφων
887 581 1062 650 οὕτως
1895 610 1916 642 5

395 672 440 725 7.
466 663 580 725 “Ee
598 668 702 740 μὲν
723 665 1003 734 ἀθάνατός
1027 663 1229 740 ἐστινὴ
1252 667 1400 740 ψυχὴ
1422 669 1515 724 καὶ
1536 665 1739 735 παντὸς
1758 665 1875 726 ὀλέ-

266 761 412 826 θρου
443 758 710 824 κρείττων
738 776 818 818 τις
848 750 1043 826 φύσις,
1084 750 1324 818 πολλοὺς
1364 750 1739 826 ἀναμείναντα
1769 753 1871 826 χρὴ

226 859 241 881 e
267 839 359 893 καὶ
390 834 868 910 περιηγησάμενον
897 835 1094 909 λόγους
1124 833 1536 909 ἀποφήνασθαι.
1585 842 1631 895 8.
1664 836 1724 894 τὸ
1743 839 1877 911 μέν-

266 945 349 978 τοι
379 925 491 978 τῶν
521 922 650 995 περὶ
688 919 830 994 ἡμᾶς
870 916 1187 995 ὁμοιότερον
1228 921 1407 994 μηδὲν
1447 923 1714 994 γενέσθαι
1757 925 1877 998 θεῷ

269 1008 447 1078 ψυχῆς
461 1050 474 1078 ,
516 1003 583 1062 οὐ
627 1009 831 1079 πολλῆς
873 1003 944 1063 ἄν
985 1029 1066 1071 τις
1109 1007 1332 1079 δεηθεὶς
1372 1011 1746 1080 πραγματείας
1789 1030 1874 1063 πι-
1900 1031 1939 1064 10

268 1088 582 1163 στεύσειεν,
634 1086 701 1147 οὐ
743 1088 914 1163 μόνον
959 1088 1050 1147 διὰ
1090 1089 1150 1147 τὸ
1192 1090 1418 1163 συνεχὲς
1457 1092 1551 1147 καὶ
1589 1087 1876 1148 ἄπαυστον

267 1172 746 1247 τῆςκινήσεως,
726 1198 797 1247 ην
828 1178 889 1232 ἐν
919 1172 1053 1247 ἡμῖν
1085 1177 1402 1246 ἐνδίδωσιν,
1433 1171 1572 1231 ἄλλα
1603 1177 1704 1231 τοῦ
1732 1171 1871 1233 καθ’

268 1257 473 1331 ἑαυτὴν
505 1261 622 1317 νοῦ.
701 1263 748 1316 9.
786 1265 862 1326 εἰς
893 1256 1028 1332 όπερ
1059 1255 1277 1316 ἀπιδών
1307 1261 1399 1315 καὶ
1429 1256 1457 1315 ὁ
1488 1258 1876 1334 Κροτωνιάτης

267 1342 504 1415 φυσικὸς
556 1342 713 1400 εἶπεν
763 1341 1050 1401 ἀθάνατον
1099 1342 1278 1416 αὐτὴν
1323 1335 1501 1400 οὖσαν
1549 1346 1644 1400 καὶ
1693 1348 1876 1400 πᾶσαν

266 1424 502 1501 ἠρεμίαν
531 1425 698 1501 φύσει
736 1426 995 1501 φεύγειν,
1037 1425 1221 1501 ω’σπερ
1261 1452 1328 1485 τα
1366 1437 1498 1485 θεῖα
1536 1452 1649 1485 των
1688 1426 1874 1501 σωμά-
1899 1453 1939 1485 15

267 1536 395 1569 των.
475 1517 556 1569 10.
590 1510 730 1569 ἄλλα
752 1514 844 1568 καὶ
866 1511 1124 1580 καθάπαξ
1145 1510 1248 1585 τὴν
1270 1514 1427 1569 ἰδέαν
1449 1514 1544 1584 τῆς
1574 1515 1752 1585 ψυχῆς
1782 1515 1876 1569 καὶ

226 1614 245 1644 «1
268 1594 505 1669 μάλιστα
534 1595 631 1653 τὸν
659 1593 898 1670 ἄρχοντα
930 1599 990 1654 ἐν
1019 1593 1153 1669 ἡμῖν
1182 1599 1340 1669 νοῦν,
1370 1592 1606 1670 ὁπηλίκα
1638 1596 1876 1668 βουλεύ-

267 1704 410 1753 ματα
441 1681 532 1737 καὶ
563 1676 734 1755 ὁρμὰς
765 1679 1026 1747 πολλάκις
1055 1679 1249 1748 ὁποίας
1277 1678 1568 1753 ὑποκινεῖ,
1600 1685 1675 1758 τῷ
1707 1705 1874 1738 κατα-

267 1762 532 1836 νοήσαντι
562 1763 738 1837 πολλή
769 1789 849 1831 τις
879 1761 950 1823 ἂν
980 1763 1116 1838 πρὸς
1145 1765 1242 1823 τὸν
1272 1764 1412 1823 θεὸν
1450 1763 1703 1839 ὁμοιότης
1733 1761 1875 1822 ὑπο-

267 1845 521 1922 φανείη.”
1894 1872 1936 1906 20

398 1938 476 1989 ll.
524 1935 636 1990 Καὶ
667 1935 786 2005 ἑξῆς
819 1935 1057 2005 ἐπιλέγει

388 2013 502 2075 “Ee
527 2016 632 2091 γαρ
665 2013 737 2084 ὥς
767 2017 1089 2091 ὁμοιότατον
1117 2021 1195 2094 τῷ
1224 2023 1366 2094 θείῳ
1406 2016 1631 2075 πάντων
1670 2016 1873 2091 χρημά-

267 2126 378 2159 των
408 2098 442 2174 ἡ
474 2100 622 2175 ψυχὴ
657 2107 960 2174 δείκνυται,
991 2108 1072 2168 τίς
1105 2108 1183 2159 ἔτι
1213 2108 1370 2175 χρεία
1399 2104 1511 2159 τῶν
1541 2099 1726 2159 ἄλλων
1757 2107 1874 2159 δεῖ-

268 2196 403 2244 σθαι
433 2184 615 2259 λόγων
646 2193 724 2254 εἰς
753 2185 1038 2254 ἀπόδειξιν
1067 2190 1161 2259 τῆς
1193 2185 1504 2254 ἀθανασίας
1535 2183 1706 2258 αὐτῆς
1737 2208 1874 2260 προ-

269 2269 676 2343 οιμιαζόμενον,
718 2273 810 2328 καὶ
840 2269 924 2344 μὴ
965 2273 1057 2328 καὶ
1095 2277 1292 2328 τοῦτον
1334 2269 1407 2336 ὡς
1448 2273 1544 2329 ε’να
1586 2293 1719 2344 μετα
1760 2274 1872 2327 τῶν
1894 2293 1936 2325 25

269 2358 490 2410 πολλων
520 2361 996 2428 καταριθμοῦντα,
1041 2353 1237 2413 ικανὸν
1276 2353 1409 2412 όντα
1450 2357 1705 2428 ἐντρέψαι
1745 2352 1873 2422 τούς

272 2460 654 2510 ευγνωμονας,
700 2462 773 2504 ως
814 2435 971 2495 οὐκ’
948 2436 1018 2497 οὶν
1047 2444 1159 2496 τῶν
1191 2442 1445 2513 ἐμφερῶν
1474 2442 1551 2515 τῷ
1579 2444 1721 2516 θείῳ
1751 2463 1873 2512 μετ-

114 2521 116 2524 ⁴
158 2550 244 2590 (556)
272 2524 430 2594 ἐσχεν
456 2523 749 2595 ἐνεργειῶν
768 2521 843 2594 μή
865 2546 947 2579 τοι
968 2530 1099 2580 θεία
1122 2547 1186 2594 γε
1208 2524 1347 2580 οὐσα
1369 2525 1460 2579 καὶ
1483 2519 1651 2594 αυτή;
1712 2526 1791 2578 12.
1826 2527 1879 2579 εἰ

269 2629 374 2679 γαρ
389 2611 605 2709 καίπερ
638 2609 698 2663 ἐν
727 2630 802 2662 τω
832 2609 1023 2682 θνητῷ
1066 2609 1157 2663 καὶ
1200 2610 1346 2662 λυτω
1387 2608 1477 2662 καὶ
1520 2603 1735 2681 ανοήτςο
1779 2607 1872 2662 καὶ

270 2687 401 2747 καθ’
441 2689 599 2747 ἑαυτὸ
646 2713 825 2766 νεκρω
865 2692 956 2747 και
994 2688 1079 2747 ἀεὶ
1119 2688 1481 2766 ἀπολλυμένῳ
1522 2691 1613 2746 καὶ
1646 2691 1871 2762 διαρρέ-
1893 2712 1934 2745 30

269 2798 382 2831 οντι
419 2779 496 2842 εἰς
525 2773 627 2846 τὴν
655 2777 749 2847 τῆς
780 2772 1055 2841 ἀπωλείας
1078 2773 1387 2847 μεταβολὴν
1410 2776 1870 2848 κατορωρυγμένη
1915 2830 1917 2832 ,

271 2855 405 2915 αὐτό
436 2881 493 2915 τε
523 2873 673 2916 ποιεῖ
701 2860 793 2917 καὶ
825 2860 1061 2932 συνέχει,
1090 2861 1178 2915 καὶ
1203 2855 1304 2929 τὴν
1330 2859 1527 2930 ἑαυτῆς
1549 2863 1716 2916 θείαν
1738 2856 1869 2916 ἀνα-
