1964 3140
584 136 800 181 PRAEP.
829 136 1051 180 EVANG.
1085 138 1165 180 XI.
1197 138 1235 183 6.
1644 137 1708 188 17

351 193 389 217 p

98 260 183 312 38.
218 246 400 329 εὕροις
434 253 482 310 δ’
514 249 583 310 ἂν
613 256 706 310 καὶ
734 257 846 310 τῶν
877 257 1087 311 λοιπῶν
1117 250 1241 328 παρ’
1259 251 1534 328 Ἑβραίοις
1565 273 1709 310 στοι-

98 346 284 413 χείων,
318 336 610 411 ἐπιστήσας
642 339 872 414 ἑκάστῳ,
904 335 970 394 τά
1001 336 1404 411 σημαινόμενα·
1452 340 1614 395 τοῦτο
1649 338 1709 394 δὲ

98 421 208 495 ἤδη
249 424 341 479 καὶ
386 421 476 478 διὰ
515 425 627 479 τῶν
671 421 924 496 πρόσθἐν
969 421 1103 495 ἡμῖν
1153 422 1417 494 συνέστη,
1470 420 1709 494 ὁπηνίκα

99 504 248 581 παρὰ
278 505 581 580 βαρβάρων
610 505 676 563 τὰ
707 505 887 563 πάντα
919 504 1247 578 ὠφελῆσθαι
1282 503 1409 573 τούς
1435 503 1708 579 ’Έλληνας

55 608 78 641 5
102 588 523 664 άπεδείκνυμεν.
586 595 669 646 39.
703 588 915 662 πολλὴν
948 587 1000 646 δ’
1035 587 1105 648 ἄν
1135 614 1218 656 τις
1249 588 1579 663 καταμάθοι,
1610 588 1713 662 τὴν
1731 585 1817 668 [ζοὸ]

89 672 366 750 εΕβραίων
395 678 654 747 γλῶσσαν
684 679 1195 747 πολυπραγμονῶν,
1227 671 1515 746 ὀνομάτων
1544 671 1709 749 ὀρθό-

97 783 231 832 τητα
272 757 424 832 παρὰ
463 770 576 823 τοῖς
615 754 854 826 ἀνδράσι
894 759 1236 831 φερομένην,
1284 759 1402 815 ἐπεὶ
1443 759 1534 815 καὶ
1576 755 1710 815 αὐτὸ

95 846 196 900 τοῦ
234 840 439 908 παντὸς
481 847 686 909 ἔθνους
723 839 782 898 τὸ
826 839 1234 916 προσηγορικὸν
1268 839 1443 915 ὄνομα
1474 838 1582 898 ἀπὸ
1613 845 1711 903 τοῦ

82 924 246 1001 Ἔβερ
276 926 337 983 τὸ
368 925 731 1000 παρωνύμιον
763 934 973 999 εἴληφε.
1035 932 1292 999 σημαίνει
1326 927 1386 982 δὲ
1416 929 1577 983 τοῦτο
1613 923 1711 983 τὸν

32 1007 102 1063 10‘
105 1009 532 1086 ’διαπερῶνταξ
519 1007 552 1030 ”
598 1012 716 1068 ἐπεὶ
758 1012 850 1067 καὶ
892 1008 1147 1082 διάβασις
1187 1012 1279 1067 καὶ
1323 1012 1604 1085 διαπερῶν
1643 1012 1712 1085 τῇ

84 1094 359 1170 Ἑβραίων
399 1098 562 1169 φωνῇ
603 1090 851 1169 “”Εβερ”
907 1091 1241 1168 ὀνομάζεται.
1327 1099 1412 1152 40.
1457 1092 1710 1152 διδάσκει

97 1178 218 1236 δὲ“
195 1204 224 1236 ο
265 1178 424 1251 λόγος
468 1184 738 1253 διαπερᾶν
777 1181 869 1236 καὶ
918 1184 1231 1251 διαβαίνειν
1274 1175 1380 1236 άπὸ
1423 1184 1537 1236 τῶν
1575 1182 1710 1252 τῇδε

97 1265 186 1320 ἐπὶ
215 1262 282 1320 τὰ
314 1273 470 1334 θεῖα,
510 1268 773 1335 μηδαμῶς
812 1286 872 1320 τε
913 1265 1276 1336 ἐναπομένειν
1313 1265 1406 1320 καὶ
1445 1267 1710 1320 ἵστασθαι

98 1348 186 1404 ἐπὶ
229 1348 298 1421 τῇ
334 1349 443 1422 θέα
481 1349 594 1403 τῶν
633 1344 963 1420 ὁρωμένων,
1006 1343 1114 1403 άπὸ
1158 1348 1219 1404 δὲ
1258 1345 1472 1404 τούτων
1515 1349 1604 1403 ε’πὶ
1644 1345 1709 1404 τά
1735 1377 1752 1399 c

31 1429 284 1504 ιόἒᾶφανῆ
326 1433 419 1487 καὶ
460 1428 668 1504 ἀόρατα
708 1434 804 1503 τῆς
845 1433 972 1505 περὶ
1011 1431 1111 1488 τοῦ
1149 1434 1263 1488 τῶν
1301 1429 1448 1488 ὅλων
1478 1433 1711 1504 ποιητοῦ

93 1538 154 1573 τε
182 1517 275 1572 καὶ
307 1517 650 1588 δημιουργοῦ
684 1520 980 1587 θεολογίας
1025 1519 1354 1586 διαβαίνειν.
1416 1513 1587 1589 ταύτῃ
1628 1539 1711 1572 τοι

0 1658 19 1671 ,ι
94 1597 223 1665 τούς
264 1597 518 1674 πρώτους
566 1596 719 1676 μόνω
761 1602 838 1675 τῷ
879 1597 1224 1672 πανηγεμόνι
1265 1601 1358 1656 καὶ
1398 1603 1558 1676 αἰτίῳ
1599 1602 1712 1656 τῶν

93 1680 241 1740 ὅλων
270 1681 700 1756 ἀνακειμένους,
743 1680 1003 1759 εὐσεβείᾳ
1041 1706 1101 1740 τε
1131 1685 1356 1759 καθαρᾷ
1385 1685 1477 1739 καὶ
1510 1680 1716 1756 ἀληθεῖ

37 1824 42 1827 .
94 1768 873 1843 προσανέχονταςῇΕβραίους
899 1765 1175 1841 έφῶνουν,
1207 1766 1534 1842 περατικούς
1558 1791 1712 1834 τινας

15 1869 74 1902 -20
97 1855 189 1909 καὶ
231 1850 631 1924 διαβεβηκότας
671 1855 737 1926 τῇ
779 1857 1000 1928 διανοία
1038 1852 1167 1919 τοὺς
1205 1851 1460 1909 τοιούσδε
1500 1850 1711 1909 ἀποκα-

96 1939 333 2003 λοῦντες.
410 1940 495 1994 41.
528 1937 621 1993 καὶ
659 1942 719 1993 τί
753 1959 821 2009 με
865 1942 956 1994 δεῖ
994 1938 1084 1993 ε’πὶ
1123 1938 1293 1994 πλέον
1332 1935 1605 2010 μηκύνειν
1644 1935 1711 1994 τὰ

96 2019 276 2078 πάντα
315 2018 630 2092 συνάγοντα
669 2026 766 2092 τῆς
805 2024 919 2079 τῶν
951 2016 1259 2094 Ἑβραϊκῶν
1297 2019 1586 2094 ὀνομάτων
1615 2018 1712 2094 ὀρ-

95 2103 329 2178 θότητός
367 2129 427 2162 τε
466 2107 558 2161 καὶ
599 2103 914 2178 ἀκριβείας,
956 2108 1056 2162 τοῦ
1088 2104 1473 2178 προβλήματος
1504 2110 1710 2169 οἰκείας

51 2202 54 2203 ’
99 2191 366 2262 δεομένου
413 2195 818 2263 πραγματείας;
875 2188 1023 2259 πλὴν
1074 2187 1146 2254 ῶς
1200 2192 1261 2244 ἐν
1307 2186 1465 2264 τύπῳ
1514 2187 1756 2260 φάναι,ᾱ

33 2267 338 2346 25.ἡγοῦμαι
377 2275 470 2329 καὶ
513 2270 605 2328 διὰ
643 2275 755 2328 τῶν
795 2273 1112 2344 λεχθέντων
1149 2276 1246 2343 τῆς
1281 2267 1413 2346 παρ’
1440 2267 1710 2346 Ἑβραίοις

97 2359 318 2428 λογικῆς
350 2360 710 2421 διδασκαλίας
739 2353 841 2426 τὴν
871 2351 1155 2423 ἀπόδειξιν
1185 2357 1618 2431 παρεσχηκέναι,
1662 2362 1713 2413 εἰ

102 2438 171 2510 δὴ
211 2437 349 2496 κατὰ
387 2437 484 2495 τὸν
515 2436 791 2497 Πλάτωνα
832 2435 898 2495 ού
939 2438 1172 2512 φαύλων
1211 2432 1282 2512 ἦν
1322 2438 1549 2514 ἀνδρῶν
1578 2438 1711 2497 οὐδὲ

98 2526 210 2580 τῶν
257 2521 567 2596 τυχόντων,
619 2517 759 2580 ἄλλα
808 2526 988 2596 σοφοῦ
1037 2527 1129 2582 καὶ
1172 2528 1518 2582 διαλεκτικοῦ
1560 2548 1710 2591 τινος

98 2609 435 2680 νομοθέτου,
478 2605 653 2680 φύσιν
689 2606 976 2681 ονομάτων
1006 2614 1219 2666 οἰκείαν
1248 2623 1362 2675 τοῖς
1392 2607 1710 2682 πράγμασιν

35 2706 97 2740 30
85 2689 393 2765 εὑρέσθαι,
436 2688 549 2758 οἶος
585 2690 719 2765 ἡμῖν
749 2691 778 2749 ὁ
812 2695 1024 2766 Μωσης
1055 2696 1148 2750 καὶ
1176 2717 1242 2750 τα
1266 2690 1541 2767 Εβραίων
1571 2690 1710 2749 ἀπο-

103 2777 374 2832 δέδεικται
412 2773 584 2848 λόγια.
645 2783 704 2833 τί
740 2774 809 2848 δὴ
841 2801 944 2835 ουν
974 2801 1108 2850 μετα
1137 2778 1203 2834 τὰ
1234 2771 1426 2850 λογικα
1458 2781 1646 2835 ἕπεται
1675 2773 1709 2847 ἢ

182 2883 412 2912 ΕυεΕΒῙσε
444 2883 498 2911 11.
1389 2873 1425 2925 2
