2014 3146
264 106 370 157 374
954 106 1203 147 EUSEBH

265 222 402 279 κατὰ
446 220 618 293 φύσιν
669 225 974 294 μεταβολῆς
1019 225 1258 295 χρῶνται
1297 226 1362 297 τῇ
1406 230 1748 299 προσηγορίᾳ
1780 230 1875 298 τῆς

264 310 500 379 φθορᾶς.
577 310 625 363 3.
683 304 902 378 ἀρέσκει
943 304 1046 380 γὰρ
1087 321 1200 372 τοῖς
1241 316 1511 373 Στωϊκοῖς
1549 308 1875 381 φιλοσόφοις

265 388 367 462 τὴν
397 388 533 462 ὅλην
564 388 763 447 οὐσίαν
796 397 872 458 εἰς
904 395 1015 464 πῦρ
1041 389 1427 463 μεταβαλλειν,
1458 387 1578 450 οἷον
1603 399 1680 459 εἰς
1705 396 1875 497 σπέρ-

262 499 369 547 μα,
415 477 507 531 καὶ
552 473 721 532 παλιν
770 477 828 531 ἐκ
873 473 1072 532 τούτου
1119 471 1295 548 αὐτὴν
1339 474 1734 577 ἀποτελεῖσθαι
1773 479 1873 551 τὴν

266 557 660 662 διακόσμησιν,
692 584 782 617 οια
811 558 870 616 τὸ
903 556 1172 633 πρότερον
1191 561 1276 632 ἠν.
1320 562 1411 616 καὶ
1432 565 1591 618 τοῦτο
1613 558 1672 618 τὸ
1695 560 1871 636 δόγμα

264 646 376 700 τῶν
421 642 528 700 ἀπὸ
573 647 668 716 τῆς
714 646 976 718 αἱρέσεως
1019 650 1077 701 οι
1117 650 1323 718 πρῶτοι
1367 646 1458 701 καὶ
1505 645 1872 718 πρεσβύτατοι

217 752 240 784 b
265 726 642 801 προσήκαντο,
685 727 884 801 Ζήνων
925 752 983 785 τε
1036 730 1126 785 καὶ
1159 728 1455 801 Κλεάνθης
1496 732 1588 786 καὶ
1620 730 1875 803 Χρύσιπ-

265 835 381 877 πος.
429 812 527 870 τὸν
567 837 670 886 μεν
708 838 812 914 γαρ
843 812 1042 871 τούτου
1071 811 1330 886 μαθητὴν
1362 816 1453 870 καὶ
1487 812 1747 888 διαδοχον
1776 818 1872 887 τῆς

264 899 462 970 σχολῆς
493 896 730 969 Ζήνωνα
758 916 931 972 φασιν
964 901 1207 971 ἐπισχεῖν
1237 901 1365 971 περὶ
1387 904 1481 971 τῆς
1508 898 1873 972 ἐκπυρωσεως

260 985 374 1038 τῶν
402 979 584 1039 ολων.’

390 1077 514 1129 ΧΙΧ.
635 1069 740 1124 Επὶ
783 1071 1047 1124 τοσοῦτον
1088 1067 1148 1123 δε
1180 1065 1476 1140 προελθών
1506 1066 1534 1124 ὁ
1567 1067 1748 1134 κοινὸς
1780 1066 1873 1124 λό-

264 1175 387 1222 γος,
441 1154 530 1206 καὶ
573 1149 730 1223 κοινὴ
771 1150 938 1223 φύσις
978 1157 1178 1223 μείζων
1217 1153 1309 1207 καὶ
1351 1158 1560 1209 πλείων
1602 1154 1872 1225 γενομένη

265 1237 415 1300 τέλος
439 1234 832 1308 ἀναξηράνασα
857 1234 1036 1292 πάντα
1052 1237 1143 1292 καὶ
1171 1241 1247 1301 εἰς
1274 1235 1476 1307 ἑαυτὴν
1495 1235 1870 1309 ἀναλαβοῦσα,

154 1345 242 1386 (821)
266 1324 325 1378 ἐν
353 1324 418 1395 τῇ
450 1318 600 1394 πάσῃ
632 1317 798 1396 οὐσία
828 1327 1055 1393 γίνεται,
1084 1324 1474 1377 ἐπανελθοῦσα
1500 1326 1576 1386 εἰς
1599 1318 1696 1378 τὸν
1720 1324 1873 1394 πρῶ-

261 1428 358 1463 τον
398 1406 643 1479 ῥηθέντα
695 1404 861 1478 λόγον
901 1406 991 1462 καὶ
1035 1411 1111 1471 εἰς
1162 1402 1263 1476 τὴν
1303 1402 1609 1462 ἀναστασιν
1651 1408 1871 1478 ἐκείνην

261 1487 363 1563 τὴν
402 1494 673 1547 ποιοῦσαν
715 1488 971 1547 ἐνιαυτὸν
1011 1487 1107 1546 τὸν
1145 1491 1430 1562 μέγιστον,
1483 1486 1617 1546 καθ’
1661 1486 1727 1547 ὃν
1766 1486 1867 1546 ἀπ’

264 1571 433 1646 αὐτῆς
463 1573 634 1648 μόνης
668 1581 744 1641 εἰς
777 1573 957 1646 αὐτὴν
986 1572 1156 1631 παλιν
1187 1579 1398 1646 γίνεται
1429 1572 1461 1646 ἡ
1486 1592 1871 1631 αποκαταστα-

261 1678 362 1725 σις.
437 1663 486 1716 2.
537 1663 926 1717 ἐπανελθοῦσα
968 1659 1027 1715 δὲ
1080 1656 1172 1715 διὰ
1217 1656 1401 1730 τάξιν,
1464 1655 1563 1731 ἀφ’
1598 1663 1717 1725 οἵας
1751 1663 1873 1714 δια-

262 1756 491 1816 κοσμεῖν
523 1742 782 1809 ὡσαύτως
816 1741 1044 1816 ἥρξατο,
1078 1740 1214 1799 κατὰ
1246 1741 1412 1814 λόγον
1443 1741 1610 1800 πάλιν
1640 1741 1742 1815 τὴν
1772 1741 1870 1798 αὐ-

583 1062 633 1085 “9

1916 589 1935 621 5

1896 1014 1934 1045 10

1895 1433 1934 1466 15

260 1826 365 1899 τὴν
398 1826 739 1900 διεξαγωγὴν
770 1842 1032 1899 ποιεῖται,
1064 1830 1177 1884 τῶν
1206 1825 1473 1883 τοιούτων
1503 1825 1779 1901 περιόδων
1813 1829 1864 1894 ἐξ
1888 1855 1930 1888 20

263 1908 449 1969 ἀϊδίου
479 1914 789 1985 γινομένων
812 1909 1259 1978 ἀκαταπαύστως.
1302 1907 1430 1967 οὔτε
1454 1908 1558 1983 γὰρ
1582 1916 1677 1983 τῆς
1700 1909 1870 1984 ἀρχῆς

265 2002 448 2053 αἰτίαν
480 1999 572 2053 καὶ
603 2001 774 2053 πᾶσιν
804 1993 924 2053 οἶόν
954 2019 1013 2052 τε
1037 2002 1298 2068 γίνεσθαι
1323 1992 1450 2052 οὔτε
1473 2000 1570 2052 τοῦ
1596 1998 1871 2052 διοικοῦν-

219 2102 241 2133 b
263 2105 351 2147 τος
384 2079 537 2138 αὐτά.
602 2085 649 2137 3.
691 2078 891 2138 οὐσίαν
920 2104 978 2137 τε
1009 2079 1112 2152 γὰρ
1143 2093 1255 2146 τοῖς
1286 2082 1595 2152 γινομένοις
1625 2077 1872 2152 ὑφεστά-

263 2190 356 2222 ναι
390 2170 502 2238 δεῖ,
545 2179 865 2239 πεφυκυῖαν
905 2162 1281 2238 ἀναδέχεσθαι
1311 2163 1405 2230 τὰς
1435 2162 1738 2237 μεταβολὰς
1771 2163 1870 2220 πά-

262 2267 393 2350 σας,
436 2251 526 2306 καὶ
569 2248 627 2307 τὸ
670 2253 1091 2324 δημιουργῆσαν
1133 2251 1186 2316 ἐξ
1229 2245 1413 2321 αῦτης.
1477 2253 1566 2305 οἵα
1616 2247 1720 2322 γὰρ
1774 2245 1860 2320 ἐφ’
1890 2275 1931 2309 25

264 2329 421 2407 ἡμων
461 2340 541 2401 τίς
584 2337 695 2391 ἐστι
735 2335 905 2407 φύσις
948 2336 1390 2407 δημιουργοῦσα,
1433 2331 1683 2390 τοιούτου
1722 2331 1869 2397 τινὸς

266 2414 387 2473 κατ’
423 2416 674 2491 ἆναγκην
705 2416 863 2486 ὄντος
895 2420 986 2476 καὶ
1020 2423 1081 2475 ἐν
1110 2422 1184 2494 τῷ
1210 2416 1394 2492 κόσμῳ
1418 2415 1750 2489 αγεννήτου
1783 2439 1869 2488 γε-

264 2505 468 2567 νέσεως
499 2527 603 2574 γαρ
636 2501 812 2576 αρχὴν
842 2504 942 2576 οὐχ
973 2500 1093 2560 οἷόν
1124 2526 1181 2559 τε
1221 2501 1362 2559 εἶναι
1396 2504 1484 2558 ἐπὶ
1523 2506 1617 2574 τῆς
1648 2499 1869 2573 φύσεως

264 2584 479 2657 ταύτης.
529 2582 595 2643 ὃν
624 2586 831 2660 τρόπον
866 2586 915 2643 δ’
936 2584 1250 2689 ἀγέννητός
1283 2590 1395 2643 ἐστι
1435 2588 1527 2642 καὶ
1568 2582 1870 2685 οἰναιρεθῆ-

264 2695 356 2728 ναι
387 2668 670 2728 ἀδύνατόν
702 2675 850 2729 ἐστιν
883 2668 1075 2743 αὐτὴν,
1100 2668 1228 2728 ούτε
1259 2666 1426 2742 αύτης
1453 2673 1505 2737 ἐξ
1541 2665 1707 2740 αὐτῆς
1741 2666 1867 2725 οὔτε
1890 2697 1930 2729 30

1166 2752 1179 2772 2
1238 2753 1251 2772 Ι
1311 2751 1339 2772 '2

266 2756 475 2823 ἔξωθέν
504 2779 652 2821 τινος
682 2754 1079 2828 ἀναιρήσοντος
1110 2779 1301 2826 αυτην.

224 2871 242 2892 c
391 2850 493 2899 XX.
551 2835 581 2859 “
610 2838 680 2898 Τὸ
713 2839 774 2896 δὲ
806 2843 1020 2912 σπέρμα
1051 2842 1226 2912 φησὶν
1256 2837 1284 2895 ὁ
1317 2836 1515 2909 Ζήνων
1548 2836 1688 2893 εἶναι
1718 2832 1749 2893 ὂ
1777 2859 1868 2910 με,-
