2014 3146
223 58 328 110 232
897 57 1145 99 EUSEBII
1222 116 1232 123 ·

225 183 557 248 παρελθεῖν,
601 169 738 228 ἄλλα
770 178 978 243 λαβεῖν.
1049 171 1184 245 μετὰ
1216 173 1277 230 δε
1317 171 1522 246 ταύτην
1555 178 1698 230 ἰδεῖν
1727 171 1830 246 τὴν

217 258 436 316 Ἐπειοῦ
465 264 561 314 τοῦ
594 259 900 323 Πανοπέως
942 262 1018 322 εἰς
1047 259 1298 330 τεχνικῆς
1342 255 1601 330 γυναικὸς
1636 261 1829 315 ἰοῦσαν

225 342 412 415 φύσιν.
477 340 665 416 πόρρω
709 341 770 397 δὲ
812 343 871 398 ἐν
909 336 1163 407 ὑστάτοις
1197 346 1341 399 ἰδεῖν
1379 335 1480 415 τὴν
1519 346 1618 399 τοῦ
1656 350 1830 415 γελω-

223 432 448 483 τοποιοῦ
495 431 767 501 Θερσίτου
827 431 1072 498 πίθηκον
1130 428 1488 500 ἐνδυομένην.
1573 431 1653 484 11.
1693 425 1830 483 κατὰ

175 541 191 563 c
225 509 398 585 τύχην
443 511 503 567 δὲ
550 510 651 583 τὴν
675 510 981 577 Ὀδυσσέως
1023 513 1303 584 λαχοῦσαν
1343 516 1540 568 πασῶν
1568 508 1828 583 ὑστάτην,
1873 532 1895 566 5

225 597 599 668 αἱρησομένην
641 597 807 652 ἰέναι·
856 594 1042 670 μνήμῃ
1085 595 1146 651 δὲ
1186 601 1300 653 τῶν
1329 597 1612 669 προτέρων
1642 592 1831 652 πόνων

224 686 535 753 φιλοτιμίας
584 687 975 753 λελωφηκυῖαν
1023 686 1202 751 ζητεῖν
1251 682 1580 752 περιιοῦσαν
1631 677 1832 754 χρόνον

224 763 585 839 πολύναβίον
629 762 834 835 ἀνδρὸς
888 762 1112 821 ἰδιώτου
1162 767 1254 821 καὶ
1307 762 1687 839 ἀπράγμονος,
1739 764 1832 820 καὶ

223 847 380 922 μόγις
423 848 609 922 εὑρεῖν
647 846 907 921 κείμενόν
946 871 1054 906 που
1094 851 1186 905 καὶ
1227 851 1686 923 παρημελημένον
1723 843 1831 905 ὑπὸ

223 937 336 991 τών
366 931 579 1004 ἄλλων,
621 936 714 990 καὶ
747 939 924 990 εἰπεῖν
956 937 1190 990 ἰδοῦσαν
1219 932 1303 990 ὅτι
1331 932 1486 990 ταῦτ’
1534 930 1603 991 ἂν
1634 936 1833 1006 ἔπραξε
1855 957 1898 988 10

224 1020 316 1075 καὶ
355 1016 544 1091 πρώτη
585 1021 857 1091 λαχοῦσα,
899 1019 990 1074 καὶ
1031 1015 1277 1091 άσμένην
1319 1020 1561 1075 ἑλέσθαι.
1642 1018 1735 1074 καὶ
1776 1019 1833 1074 ἐκ

224 1107 336 1159 τών
366 1101 550 1159 ἄλλων
583 1095 649 1159 δὲΓ
674 1109 894 1174 θηρίων
927 1098 1188 1169 ὡσαύτως
1221 1108 1297 1169 εἰς
1321 1100 1659 1174 ἀνθρώπους
1691 1104 1834 1159 ἰέναι

225 1190 317 1244 καὶ
364 1194 440 1253 εἰς
471 1185 709 1258 ἄλληλα,
763 1184 829 1243 τὰ
867 1187 968 1259 μὲν
999 1184 1165 1243 ἄδικα
1214 1193 1291 1253 εἰς
1331 1186 1396 1243 τὰ
1427 1185 1620 1260 ἄγρια,
1673 1185 1739 1243 τὰ
1773 1186 1836 1242 δὲ

180 1284 203 1316 d
230 1277 415 1328 δίκαια
461 1277 538 1338 εἰς
578 1269 643 1327 τά
672 1268 848 1344 ἥμερα
879 1270 1287 1344 μεταβαλόντα,
1330 1274 1421 1328 καὶ
1453 1269 1632 1339 πάσας
1662 1274 1834 1344 μίξεις

226 1363 551 1429 μίγνυσθαι.
563 1352 590 1374 ”
1857 1377 1900 1410 15

356 1445 436 1498 12.
479 1445 731 1498 Τοσαῦτα
762 1441 887 1514 περὶ
920 1443 1099 1513 ψυχῆς
1129 1436 1158 1497 ὃ
1188 1438 1429 1498 Πλάτων
1467 1437 1639 1498 εἰπών
1672 1437 1834 1513 δῆλός

229 1528 380 1582 ἐστιν
412 1523 803 1597 Αἰγυπτιάζων
842 1530 918 1599 τῷ
961 1523 1214 1598 δόγματι·
1273 1524 1340 1583 οὐ
1371 1523 1477 1600 γὰρ
1503 1521 1776 1598 Ἐβραίων
1805 1522 1834 1580 ὁ

226 1607 414 1681 λόγος,
447 1608 531 1666 ὅτι
561 1610 700 1682 μηδὲ
740 1606 1001 1713 ἀληθεία
1011 1616 1187 1682 φίλος.
1257 1613 1418 1668 τοῦτο
1451 1606 1507 1666 δ’
1541 1607 1608 1666 οὐ
1648 1607 1835 1681 καιρὸς

225 1692 567 1766 ἀπελέγχειν,
597 1691 680 1750 ὅτι
710 1691 838 1766 μηδ’
876 1690 1040 1759 αὐτὸς
1065 1692 1136 1750 δι’
1164 1690 1519 1762 ἀποδείξεων
1523 1696 1836 1766 ἐνεχείρησε

226 1802 301 1834 τω
333 1776 690 1850 προβλήματι.
763 1782 1027 1834 τοσοῦτον
1071 1777 1120 1834 δ’
1160 1777 1403 1849 εὐλόγως
1432 1802 1512 1843 τις
1542 1774 1611 1834 ἂν
1644 1781 1835 1852 ἐπιση-
1857 1800 1901 1832 20

226 1860 484 1934 μήναιτο,
529 1857 600 1927 ώς
631 1858 733 1918 οὐκ
771 1854 842 1932 ἦν
873 1860 1148 1934 σύμφωνα
1178 1861 1275 1918 τὸν
1314 1862 1483 1919 αὐτὸν
1514 1863 1695 1932 λέγειν
1725 1859 1835 1933 ἅμα

227 1950 292 2020 τῇ
323 1948 553 2019 τελευτῇ
582 1945 676 2011 τὰς
708 1945 886 2018 ψυχὰς
915 1970 1026 2003 των
1057 1945 1278 2017 ασεβών
1300 1951 1533 2004 ἐνθένδε
1563 1945 1835 2002 ἀπαλλατ-

224 2033 455 2102 τομένας
487 2035 645 2095 δίκας
678 2035 754 2095 εἰς
772 2028 966 2087 Ἀιδου
999 2031 1078 2088 ών
1109 2036 1351 2103 ἔδρασαν
1375 2029 1591 2088 διδόναι
1615 2028 1836 2088 κάκεῖσε

225 2125 590 2188 τιμωρεῖσθαι
632 2120 709 2179 εἰς
748 2111 1007 2187 ἄπειρον,
1050 2117 1142 2171 καὶ
1182 2114 1350 2173 πάλιν
1389 2113 1627 2187 φάσκειν
1667 2111 1836 2180 αὐτὰς

224 2199 351 2265 τούς
378 2202 622 2256 ἐνταῦθα
662 2205 820 2271 βίους
859 2198 996 2256 κατὰ
1026 2198 1255 2273 γνώμην
1294 2205 1506 2257 οἰκείαν
1535 2203 1833 2269 αἱρεῖσθαι.
1859 2221 1902 2254 25

230 2287 310 2339 13.
348 2285 637 2340 ἐνδεῖσθαι
681 2281 783 2357 γάρ
825 2281 994 2351 αὐτάς
1036 2289 1112 2350 εἰς
1154 2283 1311 2357 σῶμά
1352 2301 1525 2357 φησιν
1565 2287 1836 2358 ἐπιθυμίᾳ

225 2370 324 2422 τοῦ
356 2372 786 2439 σωματοειδοῦςο
835 2370 926 2424 καὶ
956 2367 1051 2433 τὰς
1071 2368 1173 2441 μὲν
1202 2366 1363 2442 ὕβρει
1381 2370 1480 2425 ’καὶ
1503 2386 1835 2441 γαστριμαρ-

226 2456 319 2525 γία
353 2453 716 2524 ἐντραφείσας
756 2449 919 2518 ὅνους
959 2458 1248 2526 γίνεσθαι,
1291 2459 1511 2526 θηρίων
1550 2474 1609 2509 τε
1651 2449 1835 2507 ἄλλων

114 2553 201 2594 (699)
226 2529 531 2592 ὑποδύνειν
555 2534 800 2608 σώματα,
834 2535 969 2592 κατὰ
990 2535 1236 2609 γνώμην,
1262 2533 1387 2593 ἀλλ’
1421 2535 1488 2594 οὐ
1511 2534 1647 2592 κατὰ
1672 2541 1834 2606 δίκην

227 2622 399 2674 ταῦτα
430 2620 787 2693 αἰρουμένας·
832 2619 962 2687 τοῦς
994 2621 1055 2677 δὲ
1080 2619 1308 2687 ἀδίκους
1332 2622 1423 2677 καὶ
1453 2619 1702 2691 ἅρπαγας
1733 2616 1834 2674 λύ-
1856 2640 1901 2672 30

228 2726 359 2769 κους
412 2704 501 2759 καὶ
555 2709 762 2767 ἰκτῖνας
812 2710 1136 2777 γίγνεσθαι,
1194 2702 1487 2770 ἐθελοντὰς
1540 2705 1627 2760 ἐπὶ
1680 2699 1829 2759 τοῦτ’

227 2785 510 2853 ἐλθόντας.
593 2786 709 2843 εἶτα
754 2783 994 2862 Ὀρφέως
1044 2789 1147 2861 μὲν
1197 2786 1383 2862 ψυχὴν
1432 2785 1639 2845 κύκνον
1691 2787 1833 2844 εἶναι
