2014 3146
237 130 342 182 252
919 130 1166 171 EUSEBII

239 253 373 321 μιάν
404 242 436 318 ἢ
471 243 568 302 δύο
600 244 798 318 βιω’σῃ,
831 241 935 301 οὐκ
968 242 1414 318 ἐκδικηθήσεται·
1457 242 1516 302 τὸ
1548 243 1651 318 γαρ
1683 242 1850 318 ἀργύ-

240 355 361 406 ριον
393 328 564 386 αὐτοῦ
598 334 762 386 ἐστίν.
827 326 923 385 ἐὰν
955 330 1015 385 δὲ
1057 327 1268 403 πατάξῃ
1309 353 1389 395 τις
1430 329 1525 386 τὸν
1554 328 1852 403 ὀφθαλμὸν

239 418 338 472 τοῦ
367 415 603 486 οἰκέτου,
635 409 669 485 ἢ
700 412 795 470 τὸν
826 411 1123 486 ὀφθαλμὸν
1154 419 1248 485 τῆς
1278 420 1624 487 θεραπαίνης
1655 412 1848 485 αὐτοῦ,

239 501 330 555 καὶ
374 496 697 572 ἐκτυφλώσῃ
741 494 940 570 αυτὸν,
985 500 1314 569 ἐλευθέρους
1358 502 1705 566 ἐξαποστελεῑ
1748 497 1851 554 αὐ-

199 582 366 648 θτοὺς
406 579 531 639 ἀντὶ
570 585 668 639 τοῦ
711 580 1010 655 ὀφθαλμοῦ
1060 579 1293 639 αὖτῶν.”
1367 587 1447 639 12.
1505 584 1731 638 τοιαῦτα
1782 581 1850 654 δὴ
1895 605 1916 636 5

239 669 331 723 καὶ
381 660 445 722 τά
486 668 751 732 Μωσέως.
829 659 995 732 αὖθις
1040 667 1101 723 δε
1140 663 1168 724 ὁ
1207 664 1446 724 Πλάτων
1485 671 1610 723 τίνα
1647 664 1852 741 τρόπον

239 754 331 808 καὶ
375 750 447 807 δι’
493 753 655 808 ὁποῖα
694 758 928 823 πληγαῖς
969 747 1357 824 ἀπαραιτήτοις
1404 757 1713 820 αἰκίζεσθαι
1757 748 1853 807 τὸν

240 838 460 907 οἰκέτην
487 833 810 908 προστάττει
844 834 1156 893 ἐπάκουσον

359 916 564 978 ““Οταν
593 918 695 991 τὴν
725 925 990 991 γενναίαν
1021 924 1128 976 νῦν
1159 923 1462 993 λεγομένην
1501 918 1791 992 σταφυλὴν
1821 914 1855 990 ἢ

134 1011 219 1054 [418]
239 1029 306 1062 τα
335 1019 566 1077 γενναῖα
598 1008 739 1061 σῦκα
773 1003 1212 1078 ἐπονομαζόμενα
1241 1003 1532 1077 ὀπωρίζειν
1565 1002 1851 1076 βούληται,
1876 1026 1919 1058 10

243 1088 339 1146 ἐὰν
369 1090 471 1162 μὲν
505 1092 563 1145 ἐκ
594 1092 707 1145 τῶν
736 1094 958 1145 οἰκείων
990 1088 1264 1162 λαμβάνῃ,
1297 1085 1444 1155 ὅπως
1475 1086 1545 1146 ἂν
1571 1090 1735 1162 ἐθέλῃ
1761 1090 1853 1144 καὶ

240 1169 447 1230 ὁπόταν
489 1172 754 1245 βούληται
799 1171 1168 1246 καρπούσθω·
1233 1171 1328 1230 ἐὰν
1371 1174 1430 1230 δὲ
1473 1176 1525 1241 ἐξ
1565 1169 1750 1229 ἄλλων
1779 1171 1854 1245 μὴ

240 1264 454 1331 πείσας,
489 1257 754 1330 ἑπόμενος
785 1261 861 1332 τῷ
892 1255 1039 1334 λόγῳ
1069 1264 1145 1335 τῷ
1175 1256 1248 1331 μὴ
1281 1271 1458 1315 κινεῖν
1495 1254 1525 1314 ὅ
1565 1282 1616 1314 τι
1646 1256 1720 1330 μὴ
1761 1280 1854 1313 κα-

240 1345 454 1415 τέθετο,
497 1345 702 1407 ἐκεῖνος
744 1340 830 1398 ἀεὶ
873 1341 1206 1414 ζημιούσθω.
1301 1340 1396 1399 ἐὰν
1438 1343 1498 1399 δὲ
1540 1344 1735 1409 δοῦλος
1779 1339 1853 1414 μὴ

242 1433 434 1493 πείσας
474 1426 570 1483 τὸν
617 1425 892 1498 δεσπότην
921 1429 1032 1483 τῶν
1069 1432 1289 1500 χωρίων
1330 1424 1571 1500 ἅπτηταί
1603 1450 1702 1483 του
1732 1427 1853 1483 πῶν
1877 1447 1918 1481 15

197 1533 217 1565 d
242 1511 529 1583 τοιούτων,
561 1511 696 1568 κατὰ
727 1515 871 1586 ῥᾶγα
902 1510 1160 1585 βοτρύων
1200 1514 1293 1568 καὶ
1331 1514 1503 1569 σῦκον
1534 1514 1706 1585 συκῆς
1739 1516 1854 1568 ἰσα-

243 1601 480 1671 ρίθμους
512 1595 725 1669 πληγὰς
754 1594 970 1663 τούτοις
999 1594 1440 1669 μαστιγου’σθω,’9

373 1685 452 1737 13.
507 1685 751 1738 Τοιαῦτα
793 1705 895 1754 μεν
937 1705 1002 1737 τα
1041 1705 1178 1737 κατα
1222 1684 1400 1738 τωνδε
1444 1678 1550 1762 οὐκ
1594 1678 1718 1747 άξια
1760 1683 1855 1752 τῆς

242 1763 543 1830 Πλάτωνος
594 1771 969 1837 μεγαλονοιᾞας
1054 1789 1136 1831 ως
1179 1765 1240 1821 δε
1291 1783 1466 1837 σεμνα
1517 1767 1609 1820 καὶ
1659 1761 1854 1835 φιλάν-

242 1858 445 1921 θρωπα
475 1845 541 1905 τα
573 1847 720 1923 παρὰ
746 1858 950 1906 Μωσεϊ
975 1846 1175 1921 μάθοις
1206 1845 1276 1905 οὶν
1309 1846 1615 1914 ἐπακούσας
1647 1847 1759 1904 ωδέ
1779 1870 1853 1920 πη
1877 1870 1919 1902 20

243 1933 497 2004 λέγοντος
532 1928 669 1989 “ἐὰν
710 1934 769 1989 δὲ
811 1934 1067 2006 εἰσέλθῃς
1119 1939 1195 1999 εἰς
1236 1929 1534 2006 ἀμπελῶνα
1576 1935 1674 1988 τοῦ
1719 1940 1854 2005 πλη-

242 2024 383 2089 σίον,
416 2019 569 2090 φαγῇ
600 2015 908 2090 σταφυλὴν,
939 2014 1071 2073 ὅσον
1102 2015 1286 2091 ψυχήν
1316 2035 1418 2074 σου
1451 2019 1856 2091 ἐμπλησθῆναι,

227 2109 322 2174 ,εἴς
353 2098 404 2157 τ’
448 2098 613 2173 ἄγγος
655 2098 757 2158 οὐκ
801 2098 1100 2175 ἐμβαλεῖς.”
1167 2103 1258 2158 καὶ
1298 2100 1466 2159 πάλιν
1509 2098 1645 2158 “εό“εν
1686 2102 1856 2158 εἰσέλ-

241 2196 350 2259 θῃς
384 2191 460 2252 εἰς
493 2182 702 2259 άμητόν
731 2189 830 2243 τοῦ
859 2192 1095 2257 πλησίον
1125 2204 1227 2243 σου
1252 2188 1344 2243 καὶ
1369 2189 1630 2259 συλλέξῃς
1654 2184 1856 2259 στάχυς

245 2272 303 2327 ἐν
344 2284 463 2336 ταῖς
508 2277 671 2344 χερσί
706 2288 835 2343 σου,
890 2272 1303 2344 καὶ“δρέπανον
1342 2267 1410 2327 οὐ
1449 2269 1522 2344 μὴ
1557 2267 1854 2343 ἐπιβάλλῃς
1877 2292 1919 2323 25

245 2355 333 2410 ἐπὶ
372 2351 468 2410 τὸν
510 2352 718 2427 ἀμητὸν
762 2358 863 2411 τοῦ
901 2361 1136 2426 πλησίον
1178 2351 1352 2425 σου.”-
1387 2357 1480 2412 καὶ
1519 2345 1686 2421 αὖθις
1719 2349 1857 2411 “ε’ὀιν

242 2434 456 2510 ἀμήσῃς
498 2434 708 2510 άμητόν
753 2457 854 2496 σου
899 2442 957 2496 ἐν
999 2463 1074 2495 τω
1115 2437 1268 2515 ἀγρω
1310 2451 1442 2511 σου,
1489 2441 1582 2496 καὶ
1617 2437 1855 2511 ἐπιλάθῃ

246 2519 462 2593 δράγμα
497 2524 555 2578 ἐν
584 2546 659 2578 τω
690 2520 844 2600 ἀγρω
875 2544 996 2596 σου,
1034 2521 1137 2580 οὐκ
1169 2521 1637 2596 ἐπαναστραφήσῃ
1662 2528 1857 2594 λαβεῖν

247 2602 407 2662 αυτό
496 2629 571 2661 τω
621 2628 817 2682 πτωχω
881 2610 971 2663 καὶ
1017 2631 1092 2664 τω
1135 2605 1465 2684 προσηλύτῳ
1517 2609 1610 2664 καὶ
1649 2630 1724 2662 τω
1765 2602 1855 2675 ὀρ-

246 2695 408 2765 φανῷ
447 2691 538 2744 καὶ
579 2714 643 2762 τῃ
675 2689 816 2765 χήρα
848 2698 1026 2763 ἔσται,
1070 2696 1164 2749 ἵνα
1205 2689 1479 2765 ευλογήσῃ
1512 2709 1574 2747 σε
1605 2687 1790 2763 κύριος
1821 2687 1849 2745 ὁ
1876 2711 1916 2742 30

362 2885 386 2923 9
409 2874 555 2923 ’Ὅταν
578 2880 644 2935 ——]
678 2882 813 2922 Plato
844 2883 955 2936 Leg.
989 2884 1028 2923 8.
1060 2898 1103 2936 p.
1134 2885 1230 2924 844.
