2014 3146
292 127 397 180 :230
807 145 810 148 >
979 129 1227 171 EUSEssn

178 267 267 310 (697)
414 240 559 302 “Kal
590 245 747 318 μέχρι
778 267 840 316 γε
870 242 1068 301 τούτου
1100 247 1443 317 πλανῶνται,
1478 248 1578 312 ἕως
1609 241 1679 303 ἂν
1708 250 1772 319 τῇ
1803 250 1902 304 τοῦ

291 332 699 402 σωματοειδοῦς
723 333 820 386 τοῦ
845 332 1468 397 ξυνεπακολουθοῦντος
1495 333 1762 405 ἐπιθυμία
1794 329 1900 387 πά-

288 422 380 470 λιν
413 415 722 470 ἐνδεθῶσιν
754 419 831 480 εἰς
863 416 1032 486 σῶμα.
1091 415 1380 470 ἐνδοῦνται
1404 415 1484 486 δὲ,
1518 413 1703 490 ῶσπερ
1735 413 1898 488 εἰκὸς,

288 503 370 564 εἰς
401 496 466 554 τὰ
496 500 722 555 τοιαῦτα
751 495 897 571 ἤθη,
929 494 1093 554 ὁποῖα
1116 494 1234 555 ἄττ’
1267 493 1336 555 ἂν
1365 500 1456 555 καὶ
1479 507 1900 572 μεμελετηκυῑαι

286 580 528 655 τύχωσιν
560 584 619 639 ἐν
650 587 772 659 βίῳ.
814 587 862 639 5.
907 581 983 640 Τὰ
1015 596 1146 639 ποῖα
1180 581 1246 655 δὴ
1271 585 1444 639 ταῦτα
1476 585 1669 656 λέγεις,
1705 585 1745 640 ῶ
1777 582 1898 647 Σῶ-
1923 607 1954 645 5,

286 690 509 741 κρατες;
567 663 704 724 Οἷον
747 665 874 733 τούς
924 667 1028 740 μὲν
1074 664 1170 734 τὰς
1213 674 1643 742 γαστριμαργίας
1701 692 1760 725 τε
1808 669 1900 724 καὶ

287 749 480 825 ὕβρεις
512 753 603 808 καὶ
634 757 962 824 φιλοποσίας
993 750 1421 825 μεμελετηκότας
1453 754 1544 809 καὶ
1575 751 1650 825 μὴ
1685 757 1901 809 διευλα-

289 834 597 909 βουμένους
640 841 718 904 είς
760 835 824 892 τὰ
864 842 977 894 τῶν
1017 833 1166 893 ὄνων
1206 838 1340 908 γένη
1373 838 1464 893 καὶ
1494 839 1605 893 τῶν
1635 835 1902 894 τοιούτων

284 926 509 993 θηρίων
542 917 687 986 εἰκὸς
720 919 1042 978 ἐνδύεσθαι·
1091 918 1124 992 ἢ
1155 918 1258 977 οὐκ
1288 930 1421 990 οἱέι;
1467 920 1632 978 Πάνυ
1665 921 1767 994 μὲν
1797 912 1901 978 οὖν

287 1002 436 1070 εἰκὸς
469 1006 658 1076 λέγεις.
721 1010 768 1062 6.
812 1003 951 1072 Τούς
983 1007 1050 1061 δέ
1084 1028 1148 1077 γε
1188 1002 1408 1070 ἀδικίας
1439 1008 1530 1062 καὶ
1560 1011 1899 1078 τυραννίδας

288 1091 380 1146 καὶ
413 1088 662 1163 ἁρπαγὰς
693 1087 1152 1163 προτετιμηκότας
1178 1096 1255 1155 είς
1279 1089 1344 1146 τὰ
1367 1092 1480 1146 τῶν
1510 1087 1696 1147 λύκων
1719 1113 1778 1147 τε
1808 1092 1902 1147 καὶ

240 1190 264 1223 b
291 1178 528 1247 ιερακων
561 1175 651 1230 καὶ
696 1179 923 1231 ι’κτίνων
954 1175 1114 1246 γένη
1173 1169 1206 1246 ἢ
1239 1187 1336 1231 ποῖ
1364 1198 1432 1230 αν
1464 1171 1663 1231 ἄλλοσε
1693 1187 1902 1247 φαῖμεν

287 1283 382 1325 τας
411 1257 667 1325 τοιαύτας
701 1261 868 1328 ιε’ναι;
894 1257 1136 1331 Ἀμέλει,
1170 1265 1276 1332 ε’φη
1299 1283 1327 1316 ο
1351 1259 1564 1331 Κέβης,
1600 1265 1676 1325 είς
1699 1283 1766 1314 τα
1789 1283 1902 1316 τοι-

286 1347 443 1400 αῦτα.
520 1341 770 1415 Οὐκοῦν,
803 1367 837 1415 η
875 1341 925 1400 δ’
972 1368 1058 1414 ος,
1102 1346 1244 1415 δῆλα
1285 1342 1353 1414 δὴ
1395 1345 1485 1400 καὶ
1524 1340 1722 1415 ταλλα,
1765 1335 1801 1418 ᾑ
1831 1367 1901 1401 αν

288 1426 491 1500 ἑκάστη
534 1437 605 1485 ἴοι
646 1452 781 1484 κατα
821 1451 916 1493 τας
957 1426 1146 1485 αὐτῶν
1174 1427 1492 1501 ὁμοιότητας
1532 1431 1626 1500 τῆς
1656 1430 1896 1500 μελέτης.

291 1517 335 1569 7.
374 1515 563 1584 Δῆλον
596 1511 694 1585 δὴ,
736 1519 866 1585 ἔφη·
920 1519 1036 1579 πῶς
1079 1510 1130 1569 δ’
1168 1511 1264 1582 οὕ;
1312 1509 1534 1570 Οὐκοῦν
1577 1510 1903 1586 εὐδαιμονέ-

289 1615 504 1668 στατοι,
537 1603 669 1670 ἔφη,
703 1599 795 1654 καὶ
818 1595 1030 1654 τούτων
1055 1598 1164 1654 εἰσὶ
1189 1599 1280 1654 καὶ
1314 1603 1390 1663 εἰς
1415 1598 1701 1668 βέλτιστον
1731 1595 1902 1654 τόπον

290 1680 467 1748 ἰόντες
498 1686 555 1739 οἱ
581 1681 683 1754 τὴν
714 1681 1015 1754 δημοτικὴν
1047 1684 1137 1738 καὶ
1170 1678 1459 1753 πολιτικὴν
1491 1679 1693 1753 ἀρετὴν
1725 1685 1899 1738 ἐπιτε-

286 1765 634 1838 τηδευκότες,
660 1763 731 1838 ἣν
758 1764 825 1839 δὴ
849 1772 1078 1823 καλοῦσι
1101 1763 1473 1838 σωφροσύνην
1495 1789 1554 1821 τε
1579 1766 1670 1821 καὶ
1696 1770 1901 1822 δικαιο-

291 1849 499 1922 σύνην,
554 1853 607 1917 ἐξ
661 1856 828 1915 ἔθους
879 1874 938 1907 τε
989 1852 1080 1906 καὶ
1120 1852 1345 1922 μελέτης
1384 1863 1713 1920 γεγονυῖαν,
1761 1846 1899 1905 ἄνευ

246 1959 267 1982 c
290 1940 623 2007 φιλοσοφίας
647 1957 706 1991 τε
729 1936 820 1990 καὶ
846 1936 976 2004 νοῦς
1001 1935 1094 2005 Πῆ
1120 1932 1188 2005 δὴ
1213 1925 1364 1990 οὗτοι
1389 1931 1899 2005 εὐδαιμονέστατοι;

1923 1029 1964 1060 10

1923 1447 1965 1481 15

1922 1872 1964 1904 20

277 2015 393 2075 Ὅτι
424 2016 652 2085 τούτους
694 2017 837 2084 εἰκός
871 2021 1020 2076 ἐστιν
1051 2023 1127 2084 εἰς
1166 2021 1417 2074 τοιοῦτον
1446 2015 1612 2073 πάλιν
1643 2013 1901 2090 ἆφικνεῖ-
1949 2060 1957 2064 κ

291 2113 426 2159 σθαι
457 2101 737 2160 πολιτικὸν
778 2105 869 2159 καὶ
910 2100 1114 2175 ἥμερον
1153 2104 1339 2174 γένος,
1373 2099 1518 2174 ἦπου
1560 2105 1826 2173 μελιττῶν
1863 2095 1900 2174 ἦ

291 2190 527 2260 σφηκῶν
565 2184 598 2260 ἢ
643 2186 981 2262 μυρμήκων,
1035 2182 1067 2260 ἢ
1111 2189 1202 2243 καὶ
1255 2192 1332 2252 εἰς
1375 2184 1509 2243 αὐτό
1539 2210 1601 2258 γε
1644 2183 1812 2242 πάλιν
1841 2184 1902 2242 τὸ

292 2270 656 2345 «ἓνθρῶπινον
687 2268 903 2344 γένος.”

421 2360 467 2412 8.
501 2359 612 2412 Καὶ
645 2359 704 2413 ἐν
733 2358 811 2432 τῷ
842 2360 1072 2432 Φαίδρῳ
1116 2357 1176 2412 δὲ
1217 2353 1527 2411 ἐπάκουσον
1557 2352 1720 2411 ὁποῖα
1754 2355 1902 2421 διέξ-

301 2457 442 2496 εισιν

411 2520 550 2588 “Eis
589 2547 691 2596 μεν
730 2548 834 2597 γαρ
875 2523 935 2580 τὸ
976 2520 1108 2580 αὐτὸ
1149 2520 1290 2580 ὅθεν
1329 2520 1448 2594 ἥκει
1488 2519 1634 2595 ψυχὴ
1680 2519 1900 2593 ἑκαστη,

294 2630 399 2664 ουκ
429 2605 743 2680 ἀφικνεῖται
777 2608 914 2664 ἐτῶν
944 2613 1186 2682 μυρίων
1234 2603 1300 2664 οὐ
1331 2630 1436 2679 γαρ
1469 2607 1764 2680 πτεροῦται
1794 2601 1899 2677 πρὸ

410 2828 431 2866 1
464 2824 558 2868 Καὶ
580 2823 715 2880 μέχρι
739 2840 790 2881 γε
815 2825 885 2881 -]
921 2826 1053 2867 Plato
1076 2826 1311 2868 Phaedon.
1335 2839 1379 2879 p.
1403 2827 1470 2867 81.

378 2885 435 2924 26
468 2876 518 2925 ἒν
541 2883 601 2938 τῷ
626 2880 838 2938 Φαίδρῳ]
874 2897 916 2936 p.
940 2885 1033 2924 248.

1920 2291 1965 2324 25
