2014 3146
638 122 853 166 PRAEP.
882 121 1101 166 EVANG.
1135 122 1257 163 XIV.
1290 123 1359 165 25.
1700 118 1803 171 325

196 238 342 312 δόξῃ.
436 243 516 295 13.
565 240 656 295 καὶ
691 243 743 294 εἰ
769 237 873 310 μὲν
902 234 1312 309 άνεπαίσθητος
1338 235 1523 294 αὐτῶν
1555 232 1627 303 ὦς
1658 235 1806 305 ἀψύ-

193 348 308 397 χων
349 323 383 395 ἡ
426 320 698 395 σύμπηξις
739 323 982 394 ἐγένετο,
1025 320 1384 395 ἐπιστήμονος
1438 319 1630 387 αὐταῖς
1691 326 1804 378 ἔδει

195 410 559 481 δημιουργοῦ·
609 413 658 464 εἰ
699 407 758 463 δὲ
798 403 1159 479 άπροαίρετος
1201 409 1293 462 καὶ
1347 403 1471 463 κατ’
1533 403 1803 477 ἀνάγκην,

195 490 268 558 ὡς
298 488 546 563 άλόγων,
587 487 621 563 ἡ
664 489 944 564 σύνερξις,
987 489 1157 563 σοφός
1187 515 1269 557 τις
1300 488 1469 556 αὐτας
1501 488 1806 564 ἀγελάρχης

150 600 169 631 5
195 574 559 633 συνελαύνων
601 573 991 648 ἐπεστάτησεν·
1041 581 1092 631 εἰ
1131 575 1192 631 δὲ
1232 578 1497 641 ἑκουσίως
1539 578 1807 647 ἐθελουρ-
1831 604 1853 637 b

193 663 356 732 γῆσαι
398 661 839 731 συγκέκλεινται,
885 657 1198 732 θαυμάσιός
1247 683 1326 725 τις
1368 656 1553 716 αὐτῶν
1592 655 1808 732 ἁρχιτέ-

193 769 339 801 κτων
382 747 690 818 ε’ργοδοτῶν
729 741 1106 817 προηγήσατο·
1174 740 1207 815 ἢ
1250 743 1505 817 καθάπερ
1549 741 1807 809 εὔτακτος

194 827 495 902 στρατηγὸς
534 825 600 885 ού
641 829 1061 900 συγκεχυμένην
1102 836 1253 883 εἰάσε
1289 825 1391 899 τὴν
1423 825 1685 900 στρατιὰν
1716 830 1809 884 καὶ

193 912 402 977 πάντας
434 908 654 984 ἀναμὶξ,
685 908 809 968 ἀλλ’
845 915 906 968 ἐν
935 913 1088 984 μέρει
1118 911 1222 984 μὲν
1250 910 1353 984 τὴν
1382 915 1574 984 ἵππον,
1604 915 1720 987 ἰδία
1746 912 1809 967 δὲ

131 1020 169 1051 ιο
191 994 318 1062 τούς
347 994 602 1068 ὁπλίτας,
643 995 771 1063 τούς
801 1018 859 1052 τε
890 993 1211 1062 ἀκοντιστὰς
1243 993 1374 1053 καθ’
1414 993 1673 1067 ἑαυτούς,
1717 998 1809 1051 καὶ

192 1083 360 1154 χωρὶς
413 1079 540 1147 τούς
598 1078 849 1152 τοξότας,
910 1082 1002 1136 καὶ
1053 1078 1181 1148 τούς
1225 1079 1608 1153 σφενδονήτας
1669 1085 1809 1136 ἔνθα

194 1169 360 1238 ἐχρῆν
402 1162 713 1236 διετάξατο,
755 1169 850 1222 ’ἵνα
893 1163 1150 1237 ἀλλήλοις
1190 1169 1248 1221 οἱ
1273 1163 1566 1238 ὁμόσκευοι
1597 1182 1808 1237 συμμα-

193 1262 357 1323 χοῖεν.
450 1253 529 1306 14.
589 1255 640 1306 εἰ
692 1250 754 1306 δὲ
801 1252 964 1306 τοῦτο
1014 1247 1218 1322 χλεύην
1267 1259 1476 1306 οἴονται
1524 1248 1584 1306 τὸ
1636 1247 1808 1320 παρά-

194 1339 390 1407 δειγμα
434 1333 525 1390 διὰ
564 1331 624 1390 τὸ
661 1332 918 1406 μεγάλων
958 1331 1228 1406 σωμάτων
1266 1357 1334 1406 με
1364 1333 1501 1407 πρὸς
1530 1331 1596 1390 τὰ
1628 1331 1809 1406 ἐλάχι-
1833 1369 1849 1391 e

131 1442 170 1474 15
194 1436 295 1475 στα
326 1428 611 1475 ποιεῖσθαι
641 1416 951 1491 σύγκρισιν,
987 1420 1076 1475 ἐπὶ
1107 1416 1172 1474 τα
1204 1416 1537 1492 σμικρότατα
1568 1423 1810 1490 μεταβη-

194 1499 467 1576 σόμεθα.”

324 1590 404 1642 15.
454 1585 592 1643 Εἶτα
622 1585 836 1652 τούτοις
868 1588 989 1660 ἑξῆς
1022 1588 1262 1658 ἐπιλέγει

311 1665 426 1727 “Ει’
451 1671 512 1726 δὲ
540 1669 676 1743 μήτε
707 1672 847 1738 λέξις
876 1668 1012 1743 μήτε
1045 1668 1241 1742 ἐκλογὴ
1271 1669 1406 1743 μήτε
1435 1668 1582 1736 τάξις
1614 1667 1808 1735 αὐταῖς

193 1751 457 1826 ἄρχοντος
500 1756 797 1826 ἐπικέοιτο,
841 1753 1002 1811 αὐταὶ
1047 1755 1108 1811 δὲ
1150 1753 1238 1827 ἐφ’
1291 1757 1505 1811 ἑαυτῶν
1547 1749 1717 1820 αὑτάς
1750 1758 1809 1810 ἐκ

131 1862 171 1893 20
194 1842 289 1910 τῆς
319 1841 525 1911 πολλῆς
556 1837 692 1895 κατὰ
722 1838 824 1911 τὴν
846 1837 1011 1912 ῥύσιν
1033 1837 1239 1912 τύρβης
1265 1837 1686 1909 διευθύνουσαι,
1718 1841 1809 1895 καὶ

191 1921 289 1979 τὸν
329 1921 509 1980 πολὺν
548 1927 661 1980 τῶν
701 1922 1080 1996 συμπτωσεων
1118 1928 1488 1997 διεκπερῶσαι
1520 1922 1808 1996 κυδοιμὸν,

194 2010 256 2062 αὗ
290 2004 473 2079 ὅμοιαι
513 2006 648 2080 πρὸς
696 2006 791 2074 τοὶς
829 2006 1020 2080 ὁμοίας
1060 2004 1162 2081 οὐχ
1200 2006 1311 2064 ὑπὸ
1352 2012 1451 2064 τοῦ
1490 2011 1631 2064 θεοῦ
1673 2006 1810 2063 κατὰ

191 2089 288 2146 τὸν
329 2090 561 2163 ποιητὴν
600 2089 850 2163 ἄγοιντο,
894 2094 1247 2164 συντρέχοιεν
1288 2092 1349 2148 δὲ
1380 2093 1472 2147 καὶ
1503 2090 1807 2163 συναγελά-
1824 2113 1916 2156 [4541

195 2180 370 2242 ζοιντο
401 2181 772 2246 γνωρίζουσαι
801 2173 896 2241 τὰς
926 2190 1236 2248 συγγενεῖς,
1267 2173 1566 2247 θαυμαστή
1602 2198 1666 2246 γε
1695 2179 1808 2232 τῶν

47 2300 54 2307 .
131 2282 171 2314 25
195 2256 414 2330 ἀτόμων
445 2256 478 2330 ἡ
512 2262 880 2331 δημοκρατία,
922 2261 1292 2332 δεξιουμένων
1331 2282 1391 2315 τε
1429 2256 1667 2331 ἀλλήλας
1697 2263 1809 2316 τῶν
1833 2285 1853 2316 d

194 2348 377 2413 φίλων
407 2344 498 2398 καὶ
529 2345 1032 2415 περιπλεκομένων,
1067 2349 1144 2410 εἰς
1175 2349 1308 2416 μίαν
1339 2367 1398 2400 τε
1421 2347 1808 2415 κατασκηνούν

195 2433 486 2483 συνοικίαν
518 2429 915 2499 ἐπειγομένων,
947 2429 1040 2484 καὶ
1070 2431 1183 2484 τῶν
1212 2428 1314 2500 μὲν
1344 2425 1807 2501 άποτετορνευμέ·

195 2534 310 2566 νων
343 2507 669 2583 αὐτομάτων
702 2517 778 2578 εἰς
807 2507 966 2582 ἥλιον
995 2515 1260 2583 φωστῆρα
1292 2515 1496 2585 μέγαν,
1529 2517 1621 2569 ἵνα
1652 2512 1806 2584 ποιή·

195 2613 334 2651 σωσι
363 2593 465 2666 τὴν
494 2590 724 2668 ἡμέραν,
755 2597 868 2652 τῶν
900 2596 959 2652 δὲ
991 2602 1068 2662 εἰς
1099 2594 1303 2663 πολλάς
1337 2607 1466 2662 ἴσως
1490 2601 1805 2669 πυραμίδας

132 2702 179 2733 30·
195 2675 443 2752 ἀστέρων
490 2675 1024 2752 άναπεφλεγμένων,
1068 2685 1161 2736 ἵνα
1201 2683 1291 2737 καὶ
1345 2678 1477 2738 ὅλον
1518 2679 1806 2752 στεφανώ-

197 2779 332 2819 σωσι
362 2762 459 2819 τὸν
488 2759 758 2835 οὐρανὸν,
801 2767 913 2820 τῶν
945 2765 1005 2820 δὲ
1035 2767 1542 2838 περιτεταγμένων,
1583 2769 1675 2820 ἵνα
1707 2761 1808 2820 αύ-

196 2843 294 2902 τὸν
325 2851 444 2919 εἰκῆ
475 2846 819 2922 στερεώσωσι
851 2849 942 2904 καὶ
974 2847 1343 2923 καμαρωσωσι
1366 2848 1463 2906 τὸν
1494 2851 1694 2922 αἰθέρα
1726 2853 1809 2914 εἰς
