2014 3146
258 109 364 162 346
938 108 1184 150 EUSEBII

262 226 430 291 πολὺς
461 224 488 281 ὁ
535 222 736 297 μεταξὺ
778 222 972 298 χρόνος
1005 226 1097 280 καὶ
1129 216 1172 300 ᾧ
1201 222 1275 297 μὴ
1306 230 1531 297 γίνεται.
1604 231 1655 283 εἰ
1681 225 1865 292 θέλεις

261 307 500 382 ἀκριβῶς
540 306 600 365 τὸ
643 311 906 382 ἐπίκηρον
956 310 1047 364 καὶ
1098 307 1313 382 σαθρὸν
1362 313 1458 381 τῆς
1505 307 1865 383 ἀνθρωπίνης

262 396 452 466 γενεᾶς
484 391 807 466 ἀπεικάσαι,
853 390 1174 466 παράβαλλε
1219 390 1320 465 τὴν
1342 390 1746 465 Ἀριστοτέλους
1779 392 1866 451 εὖ·

263 483 570 550 δαιμονίαν.
642 481 780 552 ῥᾷον
822 479 934 534 τῶν
973 474 1204 550 φύλλων
1245 475 1384 549 αὕτη
1425 478 1516 533 καὶ
1546 475 1745 550 φύεται
1776 480 1866 535 καὶ

260 559 574 634 ἀπολείπει,
616 560 719 619 οὐκ
749 560 1102 635 ἀναμένουσα
1141 559 1601 634 περιτελλόμενον
1629 560 1726 619 τὸν
1757 565 1866 620 ἐνι-
1892 585 1911 617 5

262 644 460 719 αυτὸν,
502 644 623 703 οὐδ’
680 643 952 719 αὐτοετεὶ,
995 642 1122 703 οὐδ’
1166 644 1467 718 αὐτομηνὶ,
1523 642 1645 702 ἀλλ’
1701 643 1870 718 αὐτῆς

261 730 494 805 ἡμέρας,
537 727 705 803 αὐτῆς
738 728 881 805 ὥρας
913 732 1006 787 καὶ
1036 736 1247 802 γίνεται
1278 732 1370 787 καὶ
1401 728 1719 788 ἀπόλλυται.
1787 734 1866 787 15.

150 839 244 880 (797)
263 812 437 872 πολλὰ
470 817 530 872 δὲ
559 814 625 872 τὰ
655 813 991 888 ἀπολλύντα,
1024 817 1114 872 καὶ
1139 813 1318 872 πάντα
1338 818 1397 871 ἐκ
1426 817 1521 888 τῆς
1551 814 1730 889 τύχης.
1779 816 1870 872 καὶ

214 1594 236 1625 ἢ.)

261 898 366 972 γὰρ
398 903 458 956 αἱ
485 904 581 957 τοῦ
612 898 860 973 σώματος
891 903 1082 974 κῆρες,
1115 906 1308 972 μυρίαι
1343 900 1402 956 δὲ
1435 891 1613 972 αὗται,
1647 901 1738 956 καὶ
1771 921 1871 956 πε-

261 990 354 1041 νία
385 986 476 1041 καὶ
508 981 723 1058 ἀτιμία,
757 987 848 1041 καὶ
878 981 979 1041 ὅσα
1009 987 1260 1041 τοιαῦτα·
1293 986 1385 1041 καὶ
1415 981 1550 1058 πρὸς
1579 982 1749 1041 οὐδὲν
1773 979 1870 1041 αὖ·
1895 1005 1934 1036 10

261 1083 454 1140 ταρκει
473 1093 539 1126 τα
561 1075 657 1140 τῆς
682 1075 845 1141 φίλης
870 1067 1065 1142 ἀρετῆς
1097 1067 1230 1142 πρὸς
1255 1067 1525 1141 βοηθειαν
1548 1092 1649 1142 ουχ
1679 1067 1867 1126 ἱκανά

262 1151 364 1224 τὴν
402 1154 504 1226 μὲν
543 1178 647 1226 γαρ
689 1159 1121 1226 κακοδαιμονίαν
1164 1163 1397 1226 εἵργειν,
1438 1151 1540 1224 τὴν
1581 1154 1640 1209 δὲ
1682 1152 1872 1210 εὐδαι-

262 1243 463 1310 μονίαν
511 1236 798 1306 διασώζειν
839 1235 1100 1309 ασθενής.
1172 1242 1245 1294 16.
1280 1236 1493 1303 τούτοις
1533 1229 1638 1294 οὗν
1668 1261 1748 1303 τις
1783 1240 1872 1295 ε’ν-

263 1324 520 1395 τραφεὶς,
563 1324 655 1379 καὶ
696 1321 909 1388 τούτοις
952 1319 1318 1395 αρεσκόμενος
1358 1335 1472 1388 τοῖς
1504 1320 1712 1394 λόγοις,
1744 1329 1870 1379 τίνα

262 1405 467 1480 τρόπον
497 1402 531 1479 ἢ
563 1404 725 1472 αὐτὸς
765 1405 1066 1464 συνοίσεται
1096 1419 1208 1472 τοῖς
1238 1404 1564 1478 Πλάτωνος,
1606 1403 1639 1479 ἢ
1670 1404 1870 1473 ἄλλους
1895 1425 1934 1457 15

263 1490 398 1563 πρὸς
429 1489 568 1548 αὐτα
601 1490 892 1566 ἐπιρρώσει
923 1494 1078 1561 ποτέ;
1111 1489 1176 1548 οὐ
1200 1490 1304 1563 γὰρ
1337 1496 1486 1547 ἔστιν
1514 1488 1662 1556 ὅπως
1693 1515 1762 1547 αν
1792 1515 1872 1557 τις

265 1578 323 1631 ἐκ
353 1574 565 1633 τούτων
602 1574 919 1650 ὁρμώμενος
961 1577 1324 1650 παραδέξαιτο
1362 1573 1428 1631 τοὶ
1451 1571 1742 1648 Ἡράκλεια
1781 1577 1871 1631 καὶ

262 1670 393 1716 θεῖα
438 1663 619 1717 ἐκεῖνα
662 1658 934 1734 δόγματα,
979 1656 1050 1726 ὥς
1099 1658 1326 1734 ἰσχυρόν
1364 1683 1415 1715 τι
1456 1662 1547 1716 καὶ
1588 1657 1873 1731 πάγκαλον

264 1747 442 1850 χρῆμα
473 1743 667 1817 αρετὴ,
711 1747 802 1801 καὶ
833 1743 961 1801 οὕτε
992 1766 1123 1801 ποτε
1155 1747 1423 1801 ἐνδέουσα
1447 1741 1583 1816 πρὸς
1615 1742 1871 1816 εὐδαιμο-

262 1833 392 1884 νίαν
422 1826 549 1885 οὔτε
579 1829 708 1884 ποτε
739 1825 907 1899 αὐτῆς
941 1825 1353 1929 ἀφαιρουμένη,
1386 1825 1525 1884 αλλα
1548 1823 1654 1884 κᾶν
1685 1835 1869 1899 πενια,
1894 1844 1934 1876 20

264 1935 370 1968 καν
400 1910 590 1984 νόσος,
623 1935 727 1969 καν
758 1911 979 1984 αδοξία,
1022 1936 1127 1968 καν
1158 1910 1420 1984 βασανοι,
1454 1935 1559 1968 καν
1588 1917 1748 1968 πίττα
1779 1914 1871 1968 καὶ

262 1994 526 2069 σταυρὸς,
569 1992 673 2053 κᾶν
711 1995 777 2054 τὰ
810 1999 867 2053 ἐκ
897 2002 991 2068 τῆς
1022 2001 1332 2071 τραγῳδίας
1369 1992 1480 2068 ἅμα
1511 1994 1691 2052 πάντα
1724 1998 1869 2069 ἐπιρ-

262 2083 401 2154 ρυῇ,
437 2085 514 2137 ἔτι
543 2076 572 2138 ὁ
614 2086 823 2148 δίκαιος
858 2079 1141 2154 εὐδαίμων
1171 2083 1262 2137 καὶ
1293 2079 1574 2154 μακάριος.
1651 2085 1729 2137 17.
1763 2078 1871 2137 ὑπὸ

262 2163 462 2236 κήρυκι
492 2169 630 2237 γοῦν
654 2164 802 2243 αὐτῷ
833 2170 908 2242 τῷ
939 2164 1447 2242 μεγαλοφωνοτατςο
1472 2187 1747 2237 κηρυττει,
1779 2188 1871 2221 κα-

262 2248 446 2322 θαπερ
478 2248 730 2322 ἀθλητήν
752 2275 876 2307 τινα
907 2249 1239 2324 νικηφόρον,
1273 2249 1368 2307 τὸν
1394 2247 1809 2321 δικαιότατον,
1790 2246 1872 2306 ότι
1895 2263 1935 2296 25

265 2331 422 2398 ουτός
457 2337 604 2391 ἐστιν
637 2332 1156 2407 εὐδαιμονέστατος,
1189 2332 1216 2390 ὁ
1251 2337 1303 2401 ἐξ
1335 2331 1503 2406 αὐτῆς
1533 2337 1628 2405 τῆς
1663 2338 1873 2390 δικαιο-

266 2435 436 2488 συνης
467 2418 563 2474 τὸν
593 2418 806 2491 καρπὸν
835 2422 930 2491 τῆς
956 2417 1310 2491 εὐδαιμονίας
1337 2416 1685 2490 δρεπόμενος.
1733 2422 1871 2474 διαί-

266 2523 349 2571 ρει
379 2507 599 2572 τοίνυν,
634 2509 682 2559 εί
704 2501 911 2575 βούλει,
942 2505 1033 2559 καὶ
1065 2510 1312 2559 ποίκιλλε
1334 2505 1492 2575 τριχῆ
1521 2503 1612 2558 καὶ
1643 2505 1872 2575 τετραχῆ

266 2586 358 2640 καὶ
401 2590 645 2658 πολλαχῆ
689 2611 754 2643 τα
796 2584 983 2659 αγαθα
1024 2585 1502 2659 διαστελλόμενος
1561 2584 1728 2643 οὐδεν
1765 2608 1870 2656 γαρ

265 2671 436 2725 ταῦτα
474 2667 610 2742 πρὸς
650 2669 708 2727 τὸ
750 2669 1279 2744 προκείμενον.οὐ
1326 2669 1395 2742 δή
1435 2668 1565 2727 ποθ’
1611 2665 1750 2741 ἡμᾶς
1792 2667 1864 2725 δι’
1893 2692 1934 2726 30

263 2749 450 2811 αὐτων
473 2753 760 2828 προσαξεις
783 2760 857 2830 τῷ
882 2754 1157 2812 Πλατωνι.
1208 2759 1285 2811 18.
1318 2760 1377 2810 τί
1394 2778 1496 2826 γαρ
1523 2759 1575 2810 εί
1593 2757 1705 2811 τῶν
1735 2751 1873 2824 ἀγα-

262 2839 418 2910 θῶν,
453 2835 525 2905 ὡς
557 2830 694 2911 φῂς,
727 2838 792 2895 τὰ
822 2839 923 2911 μὲν
953 2846 1133 2911 τίμια,
1166 2836 1421 2908 καθάπερ
1452 2840 1509 2894 οί
1527 2839 1682 2909 θεοὶ,
1715 2837 1780 2894 τὰ
1812 2838 1872 2894 δὲ
