2014 3146
251 118 320 169 22
927 120 1177 162 EUSEBII

250 258 363 292 των
404 243 605 292 αἴτιον·
675 239 724 292 4.
757 237 865 292 θέα
894 240 1019 292 τίνα
1048 234 1256 307 τρόπον
1285 234 1353 292 οὐ
1384 234 1557 309 μόνον
1595 234 1699 308 τὴν
1739 235 1863 294 διά-

251 343 440 390 νοιαν,
483 317 618 376 ἀλλὰ
652 321 745 376 καὶ
774 317 869 385 τὰς
901 320 1070 386 λέξεις
1102 315 1269 386 αὐτας
1300 321 1393 376 καὶ
1423 319 1489 377 τὰ
1520 319 1735 394 ῥήματα
1765 324 1860 393 τῆς

244 400 517 477 Ἑβραίων
557 406 775 476 γραφῆς
816 404 1127 478 παραξέσας
1167 399 1195 460 6
1228 403 1468 461 Πλάτων
1508 407 1861 472 ἐξοικειοῦται

248 486 308 545 τὸ
343 486 536 560 δόγμα,
570 485 914 560 πλατύτερον
946 479 1060 544 οἶδε’
1086 509 1162 560 πη
1196 491 1488 561 διασαφῶν

369 567 399 589 “
424 577 496 630 Τί
529 569 588 628 τὸ
630 567 699 628 ὂν
737 568 854 643 ἀεὶ,
895 573 1116 643 γένεσιν
1158 572 1218 628 δὲ
1257 568 1359 628 οὐκ
1399 578 1551 646 ἔχον;
1597 575 1690 628 καὶ
1718 578 1776 629 τί
1800 571 1860 630 τὸ
1883 596 1903 628 5

247 654 544 729 γινόμενον
573 656 676 729 μὲν
705 654 811 728 ἀεὶ,
842 652 908 713 ὃν
941 657 1001 712 δὲ·
1030 652 1328 726 οὐδέποτες
1360 654 1419 713 τὸ
1449 657 1551 728 μὲν
1580 655 1648 730 δὴ
1673 655 1862 728 νοήσει

247 739 383 811 μετὰ
423 738 592 813 λόγου
633 738 971 814 περιληπτὸν
1012 737 1098 797 ἀεὶ
1130 739 1266 797 κατὰ
1296 738 1362 796 τοὶ
1393 738 1532 798 αὐτοὶ
1563 737 1657 812 ὃν,
1704 738 1765 797 τό
1801 740 1862 797 δὲ

248 823 508 897 αἰσθήσει
558 822 742 900 ἀλόγῳ
794 821 1060 892 δοξαστὸν
1119 822 1415 898 γινόμενον
1468 827 1560 882 καὶ
1612 821 1858 882 ἀπολλύ-

213 935 230 957 c
253 933 443 982 μενον,
474 907 648 975 ὅντως
680 909 742 965 δὲ
771 905 1038 965 οὐδέποτε
1068 906 1186 966 ὅν.”

375 998 425 1050 5.
459 986 576 1067 Ἆρ’
624 989 691 1050 οὐ
731 996 925 1066 σαφῶς
965 994 1215 1065 πέφηνεν
1253 988 1282 1049 ὃ
1322 990 1633 1095 θαυμάσιος
1668 989 1728 1049 τὸ
1759 993 1862 1065 μὲν
1885 1017 1924 1048 10

248 1098 397 1151 παρα
439 1085 641 1134 Μωσεῖ
678 1081 868 1149 φῆσαν
907 1075 1095 1148 λόγιον
1129 1072 1277 1148 “ἐγω’
1318 1082 1427 1149 εἰμι
1467 1075 1496 1134 6
1540 1073 1656 1134 ὦν”
1697 1099 1864 1149 μετα-

247 1160 481 1234 ποιήσας
513 1159 609 1218 δια
635 1164 737 1218 τοῦ
759 1157 853 1217 “vc
879 1159 939 1218 τὸ
969 1158 1036 1218 ὂν
1066 1157 1171 1232 αεὶ,
1203 1163 1425 1233 γένεσιν
1457 1161 1519 1217 δε
1549 1157 1651 1218 οὐκ
1676 1156 1861 1233 ἒχον;”

249 1248 342 1303 καὶ
382 1243 542 1302 τοῦτό
584 1269 648 1317 γε
688 1244 1017 1317 λευκότερον
1060 1243 1410 1318 διασαφήσας
1454 1247 1515 1302 ἐν
1554 1249 1629 1320 τῷ
1670 1268 1862 1317 φαναι,

199 1327 380 1418 μηδ’
430 1327 565 1386 αλλο
617 1330 760 1386 εἶναι
801 1328 861 1386 τὸ
902 1324 1032 1399 ὂν
1007 1354 1041 1403 η
1083 1327 1142 1386 τὸ
1185 1327 1252 1386 οὐ
1302 1327 1503 1402 σαρκὸς
1553 1326 1867 1402 ὀφθαλμοῖς

199 1391 549 1522 ὁρώμενον,
580 1419 660 1489 νῷ
695 1415 755 1470 δε
785 1411 1364 1485 καταλαμβανόμενον.
1414 1411 1690 1485 ἐρωτήσας
1721 1415 1861 1484 γοῦν
1884 1435 1924 1468 15

247 1503 306 1555 τί
331 1497 391 1555 τὸ
423 1494 520 1570 ὂν,
564 1495 727 1564 αὐτὸς
767 1501 946 1574 εαυτῷ
986 1495 1372 1570 ἀποκρίνεται,
1413 1494 1637 1569 λέγων
1642 1492 1722 1554 τό
1761 1520 1864 1569 μεν

251 1581 320 1654 δὴ
351 1580 538 1654 νοήσει
569 1579 704 1655 μετὰ
735 1579 904 1653 λόγου
939 1580 1279 1654 περιληπτὸν
1308 1577 1423 1637 ὅν.”
1488 1586 1536 1638 6.
1569 1579 1629 1637 τὸ
1663 1580 1725 1637 δὲ
1755 1589 1864 1637 Σο-

202 1684 224 1716 d
249 1664 582 1739 λομώντειον
626 1670 818 1739 φῆσαν
842 1662 938 1722 “τί
961 1664 1021 1722 τὸ
1053 1663 1307 1738 γεγονός;
1355 1663 1489 1721 αὐτὸ
1529 1663 1589 1721 τὸ
1630 1662 1866 1736 γενησό-

248 1766 446 1824 μενον·
507 1753 600 1807 καὶ
641 1756 700 1807 τί
728 1749 788 1808 τὸ
828 1752 1230 1823 πεποιημένον;
1277 1746 1410 1806 αὐτὸ
1451 1746 1863 1821 τόποιηθησό-

249 1832 482 1907 μενον“”
536 1833 722 1901 αὐτοῖς
763 1832 963 1908 σχεδὸν
1004 1827 1209 1908 ῥήμασι
1252 1831 1653 1908 διερμηνεύσας
1698 1836 1861 1905 δῆλος
1885 1855 1925 1887 20

250 1915 320 1976 ἂν
351 1929 436 1991 εἰή
467 1920 646 1990 λέγων
669 1914 765 1975 “τὸ
800 1917 853 1975 δ’
887 1916 1147 1988 αἰσθήσει
1177 1916 1361 1995 ἀλόγῳ
1393 1916 1678 1989 δοξαστὸν,
1710 1914 1865 1989 γινό-

249 2026 422 2074 μενον
450 2003 543 2058 καὶ
574 2000 978 2075 ἀπολλύμενον,
1009 2000 1182 2068 ὅντως
1217 2002 1277 2058 δὲ
1307 1999 1575 2059 οὐδέποτε
1605 1998 1717 2058 ὅν.”
1782 1997 1863 2067 οἷς

252 2088 346 2143 καὶ
378 2089 628 2158 ἐπιφέρει

381 2175 426 2228 7.
464 2168 697 2227 “Ταῦτα
739 2193 842 2243 γαρ
887 2192 1066 2226 παντα
1106 2170 1244 2242 μέρη
1285 2167 1519 2242 χρόνον,
1559 2166 1619 2225 τὸ
1659 2160 1731 2240 ἦν
1771 2169 1863 2224 καὶ

253 2260 431 2310 εσται·
503 2252 536 2310 ἃ
584 2252 652 2326 δὴ
696 2255 960 2327 φέροντες
1002 2251 1359 2326 λανθανομεν
1405 2254 1494 2309 ἐπὶ
1517 2276 1636 2353 ἴτην
1679 2249 1863 2308 αΐδιον
1886 2275 1928 2307 25

250 2333 476 2408 οὐσίαν,
519 2334 621 2393 οὐκ
651 2334 852 2410 ὀρθῶς.
901 2339 1133 2410 λέγομεν
1162 2361 1267 2410 γαρ
1302 2335 1370 2409 δὴ
1403 2361 1476 2403 ως
1506 2338 1604 2408 ἠν,
1651 2338 1772 2393 ἐστί
1806 2359 1865 2393 τε

251 2423 343 2477 καὶ
385 2427 549 2478 ἐσται.
606 2423 672 2494 τῇ
717 2422 777 2493 δε
817 2419 878 2477 τὸ
909 2427 1023 2478 ἔστι
1054 2419 1227 2493 μόνον
1257 2445 1394 2478 κατα
1425 2419 1525 2478 τὸν
1555 2417 1744 2493 ἀληθῆ
1772 2417 1865 2477 λό-

250 2528 352 2577 γον
393 2502 686 2578 προσήκει·
746 2501 806 2560 τό
851 2504 911 2560 δὲ
956 2497 1025 2577 ἦν
1067 2507 1160 2561 καὶ
1201 2503 1258 2560 τὸ
1303 2511 1454 2561 ἔσται
1493 2506 1620 2577 περὶ
1660 2503 1762 2576 τὴν
1805 2506 1866 2560 ἐν

252 2587 433 2665 χρόνῳ
465 2590 686 2661 γένεσιν
715 2580 890 2645 οὖσαν
920 2589 1118 2662 πρέπει
1149 2588 1439 2659 λέγεσθαι·
1486 2585 1728 2659 κινήσεις
1759 2584 1863 2660 γάρ

252 2675 428 2729 ε’στον.
488 2672 548 2754 τὸ
591 2672 653 2729 δὲ
692 2668 780 2728 ἀεὶ
819 2670 956 2728 κατὰ
995 2671 1062 2728 τὰ
1101 2667 1240 2727 αὐτοὶ
1281 2676 1407 2744 ἕχον
1437 2667 1707 2743 ἀκινήτως
1738 2668 1945 2750 οὕτε-ξολ

395 2812 420 2849 3
453 2802 698 2873 Πλάτων]
705 2809 819 2850 Tim.
842 2822 884 2862 p.
907 2808 1013 2849 2711.

366 2866 421 2905 24
458 2863 623 2906 Ταῦτα
645 2858 734 2918 γὰρ
755 2861 830 2918 —]
864 2864 998 2906 Plato
1022 2864 1134 2907 Tim
1164 2877 1207 2917 p.
1230 2865 1331 2905 37e.
