<?xml version="1.0" encoding="UTF-8"?>
<!DOCTYPE html PUBLIC "-//W3C//DTD XHTML 1.0 Transitional//EN"
    "http://www.w3.org/TR/xhtml1/DTD/xhtml1-transitional.dtd">
<html xmlns="http://www.w3.org/1999/xhtml" xml:lang="en" lang="en">
 <head>
  <title>
</title>
<meta http-equiv="Content-Type" content="text/html;charset=utf-8" />
  <meta name='ocr-system' content='tesseract 3.04.00' />
  <meta name='ocr-capabilities' content='ocr_page ocr_carea ocr_par ocr_line ocrx_word'/>
</head>
<body>
  <div class='ocr_page' id='page_1' title='image "./operaeusebius02euseuoft_0391.png"; bbox 0 0 2014 3146; ppageno 0'>
   <div class='ocr_carea' id='block_1_1' title="bbox 621 89 1775 165">
    <p class='ocr_par' dir='ltr' id='par_1_1' title="bbox 621 89 1775 165">
     <span class='ocr_line' id='line_1_1' title="bbox 621 89 1775 165; baseline 0.01 -11"><span class='ocrx_word' id='word_1_1' title='bbox 621 112 832 156; x_wconf 80' lang='lat' dir='ltr'><strong>PRAEP.</strong></span> <span class='ocrx_word' id='word_1_2' title='bbox 861 114 1080 158; x_wconf 79' lang='lat' dir='ltr'>EVANG.</span> <span class='ocrx_word' id='word_1_3' title='bbox 1109 115 1207 156; x_wconf 87' lang='lat' dir='ltr'><em>XV.</em></span> <span class='ocrx_word' id='word_1_4' title='bbox 1238 117 1306 156; x_wconf 81' lang='lat'><em>22.</em></span> <span class='ocrx_word' id='word_1_5' title='bbox 1367 89 1371 94; x_wconf 69' lang='grc'><strong>’</strong></span> <span class='ocrx_word' id='word_1_6' title='bbox 1668 112 1775 165; x_wconf 81' lang='grc'><em>385</em></span> 
     </span>
    </p>
   </div>
   <div class='ocr_carea' id='block_1_2' title="bbox 100 226 1881 2984">
    <p class='ocr_par' dir='ltr' id='par_1_2' title="bbox 161 226 1773 556">
     <span class='ocr_line' id='line_1_2' title="bbox 161 226 1773 307; baseline -0.001 -18"><span class='ocrx_word' id='word_1_7' title='bbox 161 231 222 289; x_wconf 87' lang='grc' dir='ltr'><em>τὸ</em></span> <span class='ocrx_word' id='word_1_8' title='bbox 255 240 377 288; x_wconf 77' lang='grc' dir='ltr'><em>ἴσον</em></span> <span class='ocrx_word' id='word_1_9' title='bbox 407 233 483 307; x_wconf 73' lang='grc' dir='ltr'><em>τῷ</em></span> <span class='ocrx_word' id='word_1_10' title='bbox 516 239 618 307; x_wconf 78' lang='grc' dir='ltr'><em>ἴσῳ</em></span> <span class='ocrx_word' id='word_1_11' title='bbox 653 228 971 303; x_wconf 78' lang='grc' dir='ltr'><strong><em>ἐφαρμόσει,</em></strong></span> <span class='ocrx_word' id='word_1_12' title='bbox 997 227 1080 287; x_wconf 80' lang='grc' dir='ltr'><em>ὅτι</em></span> <span class='ocrx_word' id='word_1_13' title='bbox 1103 228 1206 288; x_wconf 84' lang='grc' dir='ltr'><em>οὐκ</em></span> <span class='ocrx_word' id='word_1_14' title='bbox 1232 239 1354 288; x_wconf 76' lang='grc' dir='ltr'><em>ἴσον</em></span> <span class='ocrx_word' id='word_1_15' title='bbox 1375 228 1435 288; x_wconf 82' lang='grc' dir='ltr'><em>τὸ</em></span> <span class='ocrx_word' id='word_1_16' title='bbox 1459 226 1773 304; x_wconf 79' lang='grc' dir='ltr'><em>ἡγεμονοῦν</em></span> 
     </span>
     <span class='ocr_line' id='line_1_3' title="bbox 167 307 1772 391; baseline 0.001 -19"><span class='ocrx_word' id='word_1_17' title='bbox 167 317 334 373; x_wconf 87' lang='grc' dir='ltr'><em>παντὶ</em></span> <span class='ocrx_word' id='word_1_18' title='bbox 367 318 634 391; x_wconf 80' lang='grc' dir='ltr'><em>αἰσθητῷ.</em></span> <span class='ocrx_word' id='word_1_19' title='bbox 681 313 819 371; x_wconf 82' lang='grc' dir='ltr'><em>κατὰ</em></span> <span class='ocrx_word' id='word_1_20' title='bbox 848 321 1054 387; x_wconf 82' lang='grc' dir='ltr'><strong><em>πηλίκα</em></strong></span> <span class='ocrx_word' id='word_1_21' title='bbox 1084 307 1186 375; x_wconf 84' lang='grc' dir='ltr'><em>οῦν</em></span> <span class='ocrx_word' id='word_1_22' title='bbox 1214 313 1248 388; x_wconf 79' lang='grc' dir='ltr'>ἡ</span> <span class='ocrx_word' id='word_1_23' title='bbox 1281 320 1578 389; x_wconf 85' lang='grc' dir='ltr'><em>διαίρεσις;</em></span> <span class='ocrx_word' id='word_1_24' title='bbox 1618 311 1652 388; x_wconf 76' lang='grc' dir='ltr'><strong><em>ἢ</em></strong></span> <span class='ocrx_word' id='word_1_25' title='bbox 1694 322 1772 383; x_wconf 87' lang='grc' dir='ltr'><em>εἰς</em></span> 
     </span>
     <span class='ocr_line' id='line_1_4' title="bbox 170 394 1771 474; baseline -0.001 -17"><span class='ocrx_word' id='word_1_26' title='bbox 170 402 410 457; x_wconf 90' lang='grc' dir='ltr'><em>τοσαῦτα</em></span> <span class='ocrx_word' id='word_1_27' title='bbox 457 396 900 472; x_wconf 76' lang='grc' dir='ltr'><em>διαιρεθήσεται,</em></span> <span class='ocrx_word' id='word_1_28' title='bbox 954 397 1089 456; x_wconf 87' lang='grc' dir='ltr'><em>καθ’</em></span> <span class='ocrx_word' id='word_1_29' title='bbox 1136 396 1269 457; x_wconf 79' lang='grc' dir='ltr'><em>ὅσον</em></span> <span class='ocrx_word' id='word_1_30' title='bbox 1299 394 1369 456; x_wconf 71' lang='grc' dir='ltr'><em>ἄν</em></span> <span class='ocrx_word' id='word_1_31' title='bbox 1398 397 1645 472; x_wconf 88' lang='grc' dir='ltr'><em>ἀριθμοῦ</em></span> <span class='ocrx_word' id='word_1_32' title='bbox 1676 406 1771 474; x_wconf 79' lang='grc' dir='ltr'><em>ε”χῃ</em></span> 
     </span>
     <span class='ocr_line' id='line_1_5' title="bbox 166 478 1773 556; baseline 0 -15"><span class='ocrx_word' id='word_1_33' title='bbox 166 489 243 549; x_wconf 89' lang='grc' dir='ltr'><em>εἰς</em></span> <span class='ocrx_word' id='word_1_34' title='bbox 285 490 566 541; x_wconf 81' lang='grc' dir='ltr'><em>ποικιλίαν</em></span> <span class='ocrx_word' id='word_1_35' title='bbox 603 482 663 540; x_wconf 85' lang='grc' dir='ltr'><em>τὸ</em></span> <span class='ocrx_word' id='word_1_36' title='bbox 706 482 882 540; x_wconf 85' lang='grc' dir='ltr'><em>εἰσιὸν</em></span> <span class='ocrx_word' id='word_1_37' title='bbox 914 491 1191 556; x_wconf 82' lang='grc' dir='ltr'><em>αἰ’σθημα;</em></span> <span class='ocrx_word' id='word_1_38' title='bbox 1286 478 1369 540; x_wconf 81' lang='grc'><em>36.</em></span> <span class='ocrx_word' id='word_1_39' title='bbox 1418 486 1510 540; x_wconf 89' lang='grc' dir='ltr'><em>καὶ</em></span> <span class='ocrx_word' id='word_1_40' title='bbox 1542 486 1773 542; x_wconf 80' lang='grc' dir='ltr'><em>ἕκαστον</em></span> 
     </span>
    </p>

    <p class='ocr_par' dir='ltr' id='par_1_3' title="bbox 118 565 1881 976">
     <span class='ocr_line' id='line_1_6' title="bbox 118 565 1881 642; baseline -0.001 -18"><span class='ocrx_word' id='word_1_41' title='bbox 118 589 138 623; x_wconf 85' lang='lat'>5</span> <span class='ocrx_word' id='word_1_42' title='bbox 170 567 238 640; x_wconf 85' lang='grc' dir='ltr'><em>δὴ</em></span> <span class='ocrx_word' id='word_1_43' title='bbox 274 570 503 625; x_wconf 78' lang='grc' dir='ltr'><em>ἐκείνων</em></span> <span class='ocrx_word' id='word_1_44' title='bbox 533 571 644 624; x_wconf 78' lang='grc' dir='ltr'><em>τῶν</em></span> <span class='ocrx_word' id='word_1_45' title='bbox 673 569 860 640; x_wconf 72' lang='grc' dir='ltr'><em>μερῶν</em></span> <span class='ocrx_word' id='word_1_46' title='bbox 899 569 994 640; x_wconf 82' lang='grc' dir='ltr'><em>τῆς</em></span> <span class='ocrx_word' id='word_1_47' title='bbox 1036 570 1217 640; x_wconf 80' lang='grc' dir='ltr'><em>ψυχῆς</em></span> <span class='ocrx_word' id='word_1_48' title='bbox 1257 565 1363 642; x_wconf 76' lang='grc' dir='ltr'><em>ἄρα</em></span> <span class='ocrx_word' id='word_1_49' title='bbox 1403 569 1494 624; x_wconf 90' lang='grc' dir='ltr'><em>καὶ</em></span> <span class='ocrx_word' id='word_1_50' title='bbox 1534 581 1647 634; x_wconf 85' lang='grc' dir='ltr'><em>τοῖς</em></span> <span class='ocrx_word' id='word_1_51' title='bbox 1678 592 1770 641; x_wconf 83' lang='grc' dir='ltr'><em>μο-</em></span> <span class='ocrx_word' id='word_1_52' title='bbox 1791 582 1881 623; x_wconf 82' lang='grc'><strong>(830)</strong></span> 
     </span>
     <span class='ocr_line' id='line_1_7' title="bbox 162 646 1773 726; baseline 0.001 -18"><span class='ocrx_word' id='word_1_53' title='bbox 162 658 303 725; x_wconf 87' lang='grc' dir='ltr'><em>ρίοις</em></span> <span class='ocrx_word' id='word_1_54' title='bbox 335 649 510 709; x_wconf 86' lang='grc' dir='ltr'><em>αὐτοῦ</em></span> <span class='ocrx_word' id='word_1_55' title='bbox 540 649 883 723; x_wconf 82' lang='grc' dir='ltr'><em>αἰσθήσεται.</em></span> <span class='ocrx_word' id='word_1_56' title='bbox 951 646 985 723; x_wconf 78' lang='grc' dir='ltr'><em>ἢ</em></span> <span class='ocrx_word' id='word_1_57' title='bbox 1026 649 1340 724; x_wconf 79' lang='grc' dir='ltr'><em>ἀναίσθητα</em></span> <span class='ocrx_word' id='word_1_58' title='bbox 1379 651 1445 708; x_wconf 76' lang='grc' dir='ltr'><em>τὰ</em></span> <span class='ocrx_word' id='word_1_59' title='bbox 1484 653 1621 726; x_wconf 83' lang='grc' dir='ltr'><em>με’ρη</em></span> <span class='ocrx_word' id='word_1_60' title='bbox 1661 656 1773 710; x_wconf 77' lang='grc' dir='ltr'><em>τῶν</em></span> 
     </span>
     <span class='ocr_line' id='line_1_8' title="bbox 164 731 1772 809; baseline 0 -16"><span class='ocrx_word' id='word_1_61' title='bbox 164 743 375 809; x_wconf 90' lang='grc' dir='ltr'><em>μορίων</em></span> <span class='ocrx_word' id='word_1_62' title='bbox 412 741 591 805; x_wconf 75' lang='grc' dir='ltr'><em>ἔσταις</em></span> <span class='ocrx_word' id='word_1_63' title='bbox 638 733 777 791; x_wconf 79' lang='grc' dir='ltr'><em>ἀλλά</em></span> <span class='ocrx_word' id='word_1_64' title='bbox 808 732 1102 792; x_wconf 83' lang='grc' dir='ltr'><em>ἀδύνατον.</em></span> <span class='ocrx_word' id='word_1_65' title='bbox 1180 741 1231 792; x_wconf 91' lang='grc' dir='ltr'><em>εἰ</em></span> <span class='ocrx_word' id='word_1_66' title='bbox 1261 735 1321 792; x_wconf 76' lang='grc' dir='ltr'><em>δὲ</em></span> <span class='ocrx_word' id='word_1_67' title='bbox 1351 731 1539 792; x_wconf 88' lang='grc' dir='ltr'><em>ὁτιοῦν</em></span> <span class='ocrx_word' id='word_1_68' title='bbox 1569 735 1772 804; x_wconf 80' lang='grc' dir='ltr'><em>παντὸς</em></span> 
     </span>
     <span class='ocr_line' id='line_1_9' title="bbox 165 817 1772 893; baseline 0 -16"><span class='ocrx_word' id='word_1_69' title='bbox 165 818 522 892; x_wconf 79' lang='grc' dir='ltr'><em>αἰσθήσεται,</em></span> <span class='ocrx_word' id='word_1_70' title='bbox 578 825 654 885; x_wconf 88' lang='grc' dir='ltr'><em>εἰς</em></span> <span class='ocrx_word' id='word_1_71' title='bbox 705 817 904 893; x_wconf 76' lang='grc' dir='ltr'><em>ἄπειρα</em></span> <span class='ocrx_word' id='word_1_72' title='bbox 960 823 1300 893; x_wconf 88' lang='grc' dir='ltr'><em>διαιρεῖσθαι</em></span> <span class='ocrx_word' id='word_1_73' title='bbox 1351 822 1450 876; x_wconf 85' lang='grc' dir='ltr'><em>τοῦ</em></span> <span class='ocrx_word' id='word_1_74' title='bbox 1500 821 1772 892; x_wconf 79' lang='grc' dir='ltr'><em>μεγέθους</em></span> 
     </span>
     <span class='ocr_line' id='line_1_10' title="bbox 164 899 1773 976; baseline 0.001 -15"><span class='ocrx_word' id='word_1_75' title='bbox 164 902 504 976; x_wconf 79' lang='grc' dir='ltr'><em>πεφυκότος,</em></span> <span class='ocrx_word' id='word_1_76' title='bbox 570 901 834 976; x_wconf 76' lang='grc' dir='ltr'><em>ἀπείρους</em></span> <span class='ocrx_word' id='word_1_77' title='bbox 879 903 970 959; x_wconf 86' lang='grc' dir='ltr'><em>καὶ</em></span> <span class='ocrx_word' id='word_1_78' title='bbox 1019 900 1309 976; x_wconf 82' lang='grc' dir='ltr'><em>αἰσθήσεις</em></span> <span class='ocrx_word' id='word_1_79' title='bbox 1353 899 1492 960; x_wconf 89' lang='grc' dir='ltr'><em>καθ’</em></span> <span class='ocrx_word' id='word_1_80' title='bbox 1542 906 1773 962; x_wconf 80' lang='grc' dir='ltr'><em>ἕκαστον</em></span> 
     </span>
    </p>

    <p class='ocr_par' dir='ltr' id='par_1_4' title="bbox 100 983 1775 1398">
     <span class='ocr_line' id='line_1_11' title="bbox 100 983 1775 1064; baseline 0 -19"><span class='ocrx_word' id='word_1_81' title='bbox 100 1013 141 1045; x_wconf 74' lang='grc' dir='ltr'><em>ιο</em></span> <span class='ocrx_word' id='word_1_82' title='bbox 165 989 436 1060; x_wconf 84' lang='grc' dir='ltr'><em>αἰσθητὸν</em></span> <span class='ocrx_word' id='word_1_83' title='bbox 480 985 822 1061; x_wconf 86' lang='grc' dir='ltr'><em>συμβήσεται</em></span> <span class='ocrx_word' id='word_1_84' title='bbox 865 992 1163 1059; x_wconf 86' lang='grc' dir='ltr'><em>γίγνεσθαι</em></span> <span class='ocrx_word' id='word_1_85' title='bbox 1209 985 1448 1064; x_wconf 75' lang='grc' dir='ltr'><em>ἑκάστῳ,</em></span> <span class='ocrx_word' id='word_1_86' title='bbox 1510 983 1631 1046; x_wconf 84' lang='grc' dir='ltr'><em>οἷον</em></span> <span class='ocrx_word' id='word_1_87' title='bbox 1675 990 1775 1045; x_wconf 85' lang='grc' dir='ltr'><em>τοῦ</em></span> 
     </span>
     <span class='ocr_line' id='line_1_12' title="bbox 164 1069 1770 1147; baseline -0.001 -17"><span class='ocrx_word' id='word_1_88' title='bbox 164 1070 336 1130; x_wconf 83' lang='grc' dir='ltr'><em>αὐτοῦ</em></span> <span class='ocrx_word' id='word_1_89' title='bbox 381 1070 644 1145; x_wconf 78' lang='grc' dir='ltr'><em>ἀπείρους</em></span> <span class='ocrx_word' id='word_1_90' title='bbox 691 1074 752 1129; x_wconf 81' lang='grc' dir='ltr'><em>ἐν</em></span> <span class='ocrx_word' id='word_1_91' title='bbox 795 1073 872 1147; x_wconf 75' lang='grc' dir='ltr'><em>τῷ</em></span> <span class='ocrx_word' id='word_1_92' title='bbox 919 1069 1285 1144; x_wconf 81' lang='grc' dir='ltr'><em>ἡγεμονοῦντι</em></span> <span class='ocrx_word' id='word_1_93' title='bbox 1335 1069 1494 1145; x_wconf 77' lang='grc' dir='ltr'><em>ἡμῶν</em></span> <span class='ocrx_word' id='word_1_94' title='bbox 1539 1070 1770 1139; x_wconf 85' lang='grc' dir='ltr'><em>εἰκόνας.</em></span> 
     </span>
     <span class='ocr_line' id='line_1_13' title="bbox 162 1152 1773 1230; baseline 0.001 -18"><span class='ocrx_word' id='word_1_95' title='bbox 162 1161 248 1214; x_wconf 81' lang='lat'><em>37.</em></span> <span class='ocrx_word' id='word_1_96' title='bbox 296 1154 528 1230; x_wconf 80' lang='grc' dir='ltr'><em>καὶμὴν</em></span> <span class='ocrx_word' id='word_1_97' title='bbox 559 1153 808 1229; x_wconf 76' lang='grc' dir='ltr'><em>σώματος</em></span> <span class='ocrx_word' id='word_1_98' title='bbox 838 1152 994 1223; x_wconf 76' lang='grc' dir='ltr'><em>ὄντος</em></span> <span class='ocrx_word' id='word_1_99' title='bbox 1035 1161 1133 1212; x_wconf 87' lang='grc' dir='ltr'><em>τοῦ</em></span> <span class='ocrx_word' id='word_1_100' title='bbox 1175 1158 1616 1229; x_wconf 78' lang='grc' dir='ltr'><em>αἰσθανομένου,</em></span> <span class='ocrx_word' id='word_1_101' title='bbox 1672 1154 1773 1214; x_wconf 83' lang='grc' dir='ltr'><em>οῦκ</em></span> 
     </span>
     <span class='ocr_line' id='line_1_14' title="bbox 164 1235 1773 1316; baseline 0.001 -19"><span class='ocrx_word' id='word_1_102' title='bbox 164 1235 235 1297; x_wconf 82' lang='grc' dir='ltr'><em>ἀν</em></span> <span class='ocrx_word' id='word_1_103' title='bbox 273 1238 421 1297; x_wconf 85' lang='grc' dir='ltr'><em>ἀλλω</em></span> <span class='ocrx_word' id='word_1_104' title='bbox 460 1238 645 1316; x_wconf 86' lang='grc' dir='ltr'><em>τρόπω</em></span> <span class='ocrx_word' id='word_1_105' title='bbox 685 1241 898 1312; x_wconf 87' lang='grc' dir='ltr'><em>γένοιτο</em></span> <span class='ocrx_word' id='word_1_106' title='bbox 948 1237 1007 1296; x_wconf 85' lang='grc' dir='ltr'><em>τὸ</em></span> <span class='ocrx_word' id='word_1_107' title='bbox 1049 1238 1426 1297; x_wconf 85' lang='grc' dir='ltr'><em>αι’σθάνεσθαι</em></span> <span class='ocrx_word' id='word_1_108' title='bbox 1475 1237 1509 1312; x_wconf 79' lang='grc' dir='ltr'>ἢ</span> <span class='ocrx_word' id='word_1_109' title='bbox 1551 1237 1670 1298; x_wconf 84' lang='grc' dir='ltr'><em>οἷον</em></span> <span class='ocrx_word' id='word_1_110' title='bbox 1713 1245 1773 1298; x_wconf 84' lang='grc' dir='ltr'><em>ἐν</em></span> 
     </span>
     <span class='ocr_line' id='line_1_15' title="bbox 163 1321 1764 1408; baseline 0.001 -28"><span class='ocrx_word' id='word_1_111' title='bbox 163 1348 313 1408; x_wconf 77' lang='grc' dir='ltr'><em>κηρῳ</em></span> <span class='ocrx_word' id='word_1_112' title='bbox 348 1327 784 1398; x_wconf 84' lang='grc' dir='ltr'><em>ἐνσημανθεῑσαι</em></span> <span class='ocrx_word' id='word_1_113' title='bbox 815 1321 922 1381; x_wconf 83' lang='grc' dir='ltr'><em>ἀπὸ</em></span> <span class='ocrx_word' id='word_1_114' title='bbox 965 1328 1276 1381; x_wconf 78' lang='grc' dir='ltr'><em>δακτυλίων</em></span> <span class='ocrx_word' id='word_1_115' title='bbox 1307 1329 1633 1398; x_wconf 84' lang='grc' dir='ltr'><em>σφραγῖδες,</em></span> <span class='ocrx_word' id='word_1_116' title='bbox 1668 1323 1764 1382; x_wconf 75' lang='grc' dir='ltr'><em>εἷ”τ</em></span> 
     </span>
    </p>

    <p class='ocr_par' dir='ltr' id='par_1_5' title="bbox 101 1405 1816 1818">
     <span class='ocr_line' id='line_1_16' title="bbox 101 1405 1773 1510; baseline 0.001 -46"><span class='ocrx_word' id='word_1_117' title='bbox 101 1433 142 1466; x_wconf 83' lang='lat'><em>15</em></span> <span class='ocrx_word' id='word_1_118' title='bbox 165 1409 267 1466; x_wconf 85' lang='grc' dir='ltr'><em>οὐν</em></span> <span class='ocrx_word' id='word_1_119' title='bbox 299 1414 376 1475; x_wconf 88' lang='grc' dir='ltr'><em>εἰς</em></span> <span class='ocrx_word' id='word_1_120' title='bbox 407 1433 542 1482; x_wconf 90' lang='grc' dir='ltr'><em>αιμα</em></span> <span class='ocrx_word' id='word_1_121' title='bbox 587 1406 688 1466; x_wconf 81' lang='grc' dir='ltr'><em>εἴτ’</em></span> <span class='ocrx_word' id='word_1_122' title='bbox 727 1409 829 1465; x_wconf 88' lang='grc' dir='ltr'><em>οὐν</em></span> <span class='ocrx_word' id='word_1_123' title='bbox 861 1413 937 1474; x_wconf 91' lang='grc' dir='ltr'><em>εἰς</em></span> <span class='ocrx_word' id='word_1_124' title='bbox 951 1405 1105 1510; x_wconf 83' lang='grc' dir='ltr'><em>ἀέρα</em></span> <span class='ocrx_word' id='word_1_125' title='bbox 1142 1431 1256 1465; x_wconf 91' lang='grc' dir='ltr'><em>των</em></span> <span class='ocrx_word' id='word_1_126' title='bbox 1288 1407 1650 1481; x_wconf 85' lang='grc' dir='ltr'><em>αἰσθημάτων</em></span> <span class='ocrx_word' id='word_1_127' title='bbox 1683 1411 1773 1466; x_wconf 90' lang='grc' dir='ltr'><em>ε’ν-</em></span> 
     </span>
     <span class='ocr_line' id='line_1_17' title="bbox 163 1491 1816 1567; baseline 0.001 -18"><span class='ocrx_word' id='word_1_128' title='bbox 163 1495 602 1566; x_wconf 80' lang='grc' dir='ltr'><em>σημαινομένων.</em></span> <span class='ocrx_word' id='word_1_129' title='bbox 672 1498 723 1550; x_wconf 86' lang='grc' dir='ltr'><em>εἰ</em></span> <span class='ocrx_word' id='word_1_130' title='bbox 763 1516 866 1565; x_wconf 87' lang='grc' dir='ltr'><em>μεν</em></span> <span class='ocrx_word' id='word_1_131' title='bbox 904 1492 1008 1549; x_wconf 84' lang='grc' dir='ltr'><em>οῦν</em></span> <span class='ocrx_word' id='word_1_132' title='bbox 1049 1516 1121 1559; x_wconf 90' lang='grc' dir='ltr'><em>ως</em></span> <span class='ocrx_word' id='word_1_133' title='bbox 1163 1494 1223 1550; x_wconf 83' lang='grc' dir='ltr'><em>ἐν</em></span> <span class='ocrx_word' id='word_1_134' title='bbox 1268 1491 1519 1565; x_wconf 72' lang='grc' dir='ltr'><em>σώμασιν</em></span> <span class='ocrx_word' id='word_1_135' title='bbox 1557 1491 1770 1567; x_wconf 77' lang='grc' dir='ltr'><em>ὑγροῖς,</em></span> <span class='ocrx_word' id='word_1_136' title='bbox 1795 1518 1816 1550; x_wconf 83' lang='lat' dir='ltr'><strong>b</strong></span> 
     </span>
     <span class='ocr_line' id='line_1_18' title="bbox 162 1573 1773 1686; baseline -0.001 -52"><span class='ocrx_word' id='word_1_137' title='bbox 162 1574 299 1648; x_wconf 90' lang='grc' dir='ltr'><em>όπερ</em></span> <span class='ocrx_word' id='word_1_138' title='bbox 341 1579 432 1634; x_wconf 85' lang='grc' dir='ltr'><em>καὶ</em></span> <span class='ocrx_word' id='word_1_139' title='bbox 478 1574 737 1648; x_wconf 77' lang='grc' dir='ltr'><em>εὔλογον,</em></span> <span class='ocrx_word' id='word_1_140' title='bbox 781 1574 966 1649; x_wconf 85' lang='grc' dir='ltr'><em>ω’σπερ</em></span> <span class='ocrx_word' id='word_1_141' title='bbox 999 1582 1075 1642; x_wconf 82' lang='grc' dir='ltr'><em>εἰς</em></span> <span class='ocrx_word' id='word_1_142' title='bbox 1105 1573 1290 1650; x_wconf 78' lang='grc' dir='ltr'><em>ὕδωρ,</em></span> <span class='ocrx_word' id='word_1_143' title='bbox 1322 1575 1773 1686; x_wconf 76' lang='grc' dir='ltr'><em>συγχυθήσεται,</em></span> 
     </span>
     <span class='ocr_line' id='line_1_19' title="bbox 163 1658 1772 1734; baseline 0.001 -17"><span class='ocrx_word' id='word_1_144' title='bbox 163 1663 255 1718; x_wconf 81' lang='grc' dir='ltr'><em>καὶ</em></span> <span class='ocrx_word' id='word_1_145' title='bbox 282 1658 383 1718; x_wconf 81' lang='grc' dir='ltr'><em>οῦκ</em></span> <span class='ocrx_word' id='word_1_146' title='bbox 401 1667 552 1718; x_wconf 81' lang='grc' dir='ltr'><em>ἔσται</em></span> <span class='ocrx_word' id='word_1_147' title='bbox 567 1659 782 1733; x_wconf 81' lang='grc' dir='ltr'><em>μνήμη</em></span> <span class='ocrx_word' id='word_1_148' title='bbox 829 1665 910 1717; x_wconf 80' lang='lat'><em>38.</em></span> <span class='ocrx_word' id='word_1_149' title='bbox 949 1666 999 1716; x_wconf 90' lang='grc' dir='ltr'><em>εἰ</em></span> <span class='ocrx_word' id='word_1_150' title='bbox 1021 1658 1071 1717; x_wconf 84' lang='grc' dir='ltr'><em>δ’</em></span> <span class='ocrx_word' id='word_1_151' title='bbox 1104 1663 1435 1734; x_wconf 85' lang='grc' dir='ltr'><em>ἐμμενοῦσιν</em></span> <span class='ocrx_word' id='word_1_152' title='bbox 1458 1666 1516 1718; x_wconf 92' lang='grc' dir='ltr'><em>οι</em></span> <span class='ocrx_word' id='word_1_153' title='bbox 1533 1659 1714 1734; x_wconf 81' lang='grc' dir='ltr'><em>τύποι,</em></span> <span class='ocrx_word' id='word_1_154' title='bbox 1739 1686 1772 1734; x_wconf 87' lang='grc' dir='ltr'><em>η</em></span> 
     </span>
     <span class='ocr_line' id='line_1_20' title="bbox 162 1742 1770 1818; baseline 0.001 -16"><span class='ocrx_word' id='word_1_155' title='bbox 162 1742 264 1803; x_wconf 83' lang='grc' dir='ltr'><em>οῦκ</em></span> <span class='ocrx_word' id='word_1_156' title='bbox 297 1751 448 1803; x_wconf 86' lang='grc' dir='ltr'><em>ε’στιν</em></span> <span class='ocrx_word' id='word_1_157' title='bbox 471 1742 672 1811; x_wconf 83' lang='grc' dir='ltr'><em>ἀλλους</em></span> <span class='ocrx_word' id='word_1_158' title='bbox 697 1748 1133 1817; x_wconf 82' lang='grc' dir='ltr'><em>ἐνσημαίνεσθαι</em></span> <span class='ocrx_word' id='word_1_159' title='bbox 1157 1748 1388 1802; x_wconf 81' lang='grc' dir='ltr'><em>ἐκείνων</em></span> <span class='ocrx_word' id='word_1_160' title='bbox 1407 1744 1770 1818; x_wconf 86' lang='grc' dir='ltr'><em>κατεχόντων,</em></span> 
     </span>
    </p>

    <p class='ocr_par' dir='ltr' id='par_1_6' title="bbox 102 1825 1773 2238">
     <span class='ocr_line' id='line_1_21' title="bbox 102 1825 1773 1904; baseline 0 -17"><span class='ocrx_word' id='word_1_161' title='bbox 102 1855 144 1887; x_wconf 79' lang='lat'><em>20</em></span> <span class='ocrx_word' id='word_1_162' title='bbox 169 1826 308 1887; x_wconf 72' lang='grc' dir='ltr'><em>ὥστε</em></span> <span class='ocrx_word' id='word_1_163' title='bbox 354 1826 516 1886; x_wconf 74' lang='grc' dir='ltr'><em>ἄλλαι</em></span> <span class='ocrx_word' id='word_1_164' title='bbox 569 1827 859 1901; x_wconf 89' lang='grc' dir='ltr'><em>αἰσθήσεις</em></span> <span class='ocrx_word' id='word_1_165' title='bbox 905 1826 1007 1886; x_wconf 84' lang='grc' dir='ltr'><em>οὐκ</em></span> <span class='ocrx_word' id='word_1_166' title='bbox 1054 1825 1382 1904; x_wconf 41' lang='grc' dir='ltr'><em>εἐ’σονται,,ο’]ι</em></span> <span class='ocrx_word' id='word_1_167' title='bbox 1427 1832 1773 1903; x_wconf 83' lang='grc' dir='ltr'><em>γιγνομένων</em></span> 
     </span>
     <span class='ocr_line' id='line_1_22' title="bbox 162 1911 1772 1986; baseline 0 -15"><span class='ocrx_word' id='word_1_168' title='bbox 162 1911 348 1971; x_wconf 72' lang='grc' dir='ltr'><em>ἄλλων</em></span> <span class='ocrx_word' id='word_1_169' title='bbox 390 1917 590 1971; x_wconf 82' lang='grc' dir='ltr'><em>ἐκεῖνοι</em></span> <span class='ocrx_word' id='word_1_170' title='bbox 621 1918 679 1970; x_wconf 76' lang='grc' dir='ltr'><em>οὗ</em></span> <span class='ocrx_word' id='word_1_171' title='bbox 717 1911 988 1986; x_wconf 90' lang='grc' dir='ltr'><em>πρότερον</em></span> <span class='ocrx_word' id='word_1_172' title='bbox 1027 1912 1395 1986; x_wconf 79' lang='grc' dir='ltr'><em>ἀπολοῦνται,</em></span> <span class='ocrx_word' id='word_1_173' title='bbox 1429 1912 1568 1971; x_wconf 74' lang='grc' dir='ltr'><em>ὥστε</em></span> <span class='ocrx_word' id='word_1_174' title='bbox 1599 1911 1772 1972; x_wconf 77' lang='grc' dir='ltr'><em>ου’δὲν</em></span> 
     </span>
     <span class='ocr_line' id='line_1_23' title="bbox 164 1995 1770 2071; baseline 0.001 -17"><span class='ocrx_word' id='word_1_175' title='bbox 164 2004 316 2054; x_wconf 84' lang='grc' dir='ltr'><em>ἔσται</em></span> <span class='ocrx_word' id='word_1_176' title='bbox 346 1995 405 2054; x_wconf 82' lang='grc' dir='ltr'><em>τὸ</em></span> <span class='ocrx_word' id='word_1_177' title='bbox 437 1995 821 2071; x_wconf 81' lang='grc' dir='ltr'><em>μνημονεύειν.</em></span> <span class='ocrx_word' id='word_1_178' title='bbox 873 2003 922 2054; x_wconf 88' lang='grc' dir='ltr'><em>εἰ</em></span> <span class='ocrx_word' id='word_1_179' title='bbox 953 1998 1018 2054; x_wconf 79' lang='grc' dir='ltr'><em>δέ</em></span> <span class='ocrx_word' id='word_1_180' title='bbox 1048 2000 1160 2055; x_wconf 86' lang='grc' dir='ltr'><em>ἐστι</em></span> <span class='ocrx_word' id='word_1_181' title='bbox 1191 1996 1250 2055; x_wconf 84' lang='grc' dir='ltr'><em>τὸ</em></span> <span class='ocrx_word' id='word_1_182' title='bbox 1271 1996 1647 2071; x_wconf 81' lang='grc' dir='ltr'><em>μνημονεύειν</em></span> <span class='ocrx_word' id='word_1_183' title='bbox 1678 2002 1770 2055; x_wconf 87' lang='grc' dir='ltr'><em>καὶ</em></span> 
     </span>
     <span class='ocr_line' id='line_1_24' title="bbox 164 2078 1773 2154; baseline 0.001 -17"><span class='ocrx_word' id='word_1_184' title='bbox 164 2078 348 2138; x_wconf 70' lang='grc' dir='ltr'><em>ἄλλων</em></span> <span class='ocrx_word' id='word_1_185' title='bbox 388 2080 766 2138; x_wconf 76' lang='grc' dir='ltr'><em>αἰσθάνεσθαι</em></span> <span class='ocrx_word' id='word_1_186' title='bbox 820 2078 905 2138; x_wconf 83' lang='grc' dir='ltr'><em>ἐπ’</em></span> <span class='ocrx_word' id='word_1_187' title='bbox 953 2079 1167 2153; x_wconf 76' lang='grc' dir='ltr'><em>ἄλλοις,</em></span> <span class='ocrx_word' id='word_1_188' title='bbox 1219 2080 1324 2139; x_wconf 83' lang='grc' dir='ltr'><em>οὐκ</em></span> <span class='ocrx_word' id='word_1_189' title='bbox 1370 2080 1773 2154; x_wconf 82' lang='grc' dir='ltr'><em>ἐμποδιζόντων</em></span> 
     </span>
     <span class='ocr_line' id='line_1_25' title="bbox 165 2161 1662 2238; baseline 0 -16"><span class='ocrx_word' id='word_1_190' title='bbox 165 2167 276 2222; x_wconf 77' lang='grc' dir='ltr'><em>των</em></span> <span class='ocrx_word' id='word_1_191' title='bbox 307 2163 588 2238; x_wconf 87' lang='grc' dir='ltr'><em>πρόσθεν,</em></span> <span class='ocrx_word' id='word_1_192' title='bbox 621 2161 901 2221; x_wconf 83' lang='grc' dir='ltr'><em>ἀδύνατον</em></span> <span class='ocrx_word' id='word_1_193' title='bbox 930 2163 1032 2238; x_wconf 85' lang='grc' dir='ltr'><em>τὴν</em></span> <span class='ocrx_word' id='word_1_194' title='bbox 1062 2162 1247 2238; x_wconf 62' lang='grc' dir='ltr'><em>’ψυχὴν</em></span> <span class='ocrx_word' id='word_1_195' title='bbox 1277 2168 1434 2238; x_wconf 72' lang='grc' dir='ltr'><em>σῶμα</em></span> <span class='ocrx_word' id='word_1_196' title='bbox 1466 2164 1662 2222; x_wconf 82' lang='grc' dir='ltr'><em>εἶναι.”</em></span> 
     </span>
    </p>

    <p class='ocr_par' dir='ltr' id='par_1_7' title="bbox 102 2246 1821 2660">
     <span class='ocr_line' id='line_1_26' title="bbox 102 2246 1821 2322; baseline -0.001 -17"><span class='ocrx_word' id='word_1_197' title='bbox 102 2274 144 2306; x_wconf 78' lang='lat'><em>25</em></span> <span class='ocrx_word' id='word_1_198' title='bbox 293 2253 375 2305; x_wconf 80' lang='lat'><em>39.</em></span> <span class='ocrx_word' id='word_1_199' title='bbox 394 2246 564 2305; x_wconf 77' lang='grc' dir='ltr'><em>“”Ιδοι</em></span> <span class='ocrx_word' id='word_1_200' title='bbox 597 2246 647 2304; x_wconf 87' lang='grc' dir='ltr'><em>δ’</em></span> <span class='ocrx_word' id='word_1_201' title='bbox 685 2246 754 2306; x_wconf 75' lang='grc' dir='ltr'><em>ἄν</em></span> <span class='ocrx_word' id='word_1_202' title='bbox 784 2272 866 2315; x_wconf 92' lang='grc' dir='ltr'><em>τις</em></span> <span class='ocrx_word' id='word_1_203' title='bbox 895 2250 986 2305; x_wconf 85' lang='grc' dir='ltr'><em>καὶ</em></span> <span class='ocrx_word' id='word_1_204' title='bbox 1019 2252 1078 2306; x_wconf 83' lang='grc' dir='ltr'><em>ἐκ</em></span> <span class='ocrx_word' id='word_1_205' title='bbox 1107 2253 1202 2321; x_wconf 84' lang='grc' dir='ltr'><em>τῆς</em></span> <span class='ocrx_word' id='word_1_206' title='bbox 1225 2252 1326 2307; x_wconf 84' lang='grc' dir='ltr'><em>τοῦ</em></span> <span class='ocrx_word' id='word_1_207' title='bbox 1347 2247 1539 2321; x_wconf 80' lang='grc' dir='ltr'><em>ἀλγεῖν</em></span> <span class='ocrx_word' id='word_1_208' title='bbox 1569 2249 1774 2322; x_wconf 85' lang='grc' dir='ltr'><em>αἰσθή-</em></span> <span class='ocrx_word' id='word_1_209' title='bbox 1804 2282 1821 2303; x_wconf 71' lang='lat' dir='ltr'>c</span> 
     </span>
     <span class='ocr_line' id='line_1_27' title="bbox 165 2329 1773 2407; baseline 0 -16"><span class='ocrx_word' id='word_1_210' title='bbox 165 2352 306 2399; x_wconf 89' lang='grc' dir='ltr'><em>σεως</em></span> <span class='ocrx_word' id='word_1_211' title='bbox 338 2331 397 2389; x_wconf 82' lang='grc' dir='ltr'><em>τὸ</em></span> <span class='ocrx_word' id='word_1_212' title='bbox 428 2329 562 2390; x_wconf 80' lang='grc' dir='ltr'><em>αὐτὸ</em></span> <span class='ocrx_word' id='word_1_213' title='bbox 591 2335 768 2390; x_wconf 88' lang='grc' dir='ltr'><em>τοῦτο.</em></span> <span class='ocrx_word' id='word_1_214' title='bbox 839 2330 972 2389; x_wconf 80' lang='grc' dir='ltr'><em>ὅταν</em></span> <span class='ocrx_word' id='word_1_215' title='bbox 1013 2331 1287 2391; x_wconf 77' lang='grc' dir='ltr'><em>δάκτυλον</em></span> <span class='ocrx_word' id='word_1_216' title='bbox 1328 2335 1550 2406; x_wconf 90' lang='grc' dir='ltr'><em>λε’γηται</em></span> <span class='ocrx_word' id='word_1_217' title='bbox 1581 2332 1773 2407; x_wconf 79' lang='grc' dir='ltr'><em>ἀλγεῖν</em></span> 
     </span>
     <span class='ocr_line' id='line_1_28' title="bbox 165 2412 1774 2491; baseline 0.002 -18"><span class='ocrx_word' id='word_1_218' title='bbox 165 2415 492 2490; x_wconf 80' lang='grc' dir='ltr'><em>ἄνθρωπος,</em></span> <span class='ocrx_word' id='word_1_219' title='bbox 535 2412 568 2488; x_wconf 75' lang='grc' dir='ltr'><em>ἡ</em></span> <span class='ocrx_word' id='word_1_220' title='bbox 608 2417 709 2489; x_wconf 75' lang='grc' dir='ltr'><em>μὲν</em></span> <span class='ocrx_word' id='word_1_221' title='bbox 738 2413 915 2489; x_wconf 82' lang='grc' dir='ltr'><em>ὀδύνη</em></span> <span class='ocrx_word' id='word_1_222' title='bbox 946 2419 1073 2491; x_wconf 88' lang='grc' dir='ltr'><em>περὶ</em></span> <span class='ocrx_word' id='word_1_223' title='bbox 1116 2415 1212 2475; x_wconf 87' lang='grc' dir='ltr'><em>τὸν</em></span> <span class='ocrx_word' id='word_1_224' title='bbox 1254 2416 1528 2476; x_wconf 77' lang='grc' dir='ltr'><em>δάκτυλον</em></span> <span class='ocrx_word' id='word_1_225' title='bbox 1561 2417 1774 2491; x_wconf 86' lang='grc' dir='ltr'><em>δήπου-</em></span> 
     </span>
     <span class='ocr_line' id='line_1_29' title="bbox 166 2498 1773 2576; baseline 0.001 -18"><span class='ocrx_word' id='word_1_226' title='bbox 166 2511 301 2573; x_wconf 90' lang='grc' dir='ltr'><em>θεν,</em></span> <span class='ocrx_word' id='word_1_227' title='bbox 343 2501 376 2573; x_wconf 80' lang='grc' dir='ltr'><em>ἡ</em></span> <span class='ocrx_word' id='word_1_228' title='bbox 410 2501 471 2558; x_wconf 75' lang='grc' dir='ltr'><em>δὲ</em></span> <span class='ocrx_word' id='word_1_229' title='bbox 512 2509 774 2573; x_wconf 84' lang='grc' dir='ltr'><em>αἴσθησις</em></span> <span class='ocrx_word' id='word_1_230' title='bbox 813 2505 912 2557; x_wconf 90' lang='grc' dir='ltr'><em>τοῦ</em></span> <span class='ocrx_word' id='word_1_231' title='bbox 952 2498 1144 2574; x_wconf 84' lang='grc' dir='ltr'><em>ἀλγεῖν</em></span> <span class='ocrx_word' id='word_1_232' title='bbox 1193 2504 1364 2575; x_wconf 85' lang='grc' dir='ltr'><em>δῆλον</em></span> <span class='ocrx_word' id='word_1_233' title='bbox 1392 2500 1474 2560; x_wconf 77' lang='grc' dir='ltr'><em>ὅτι</em></span> <span class='ocrx_word' id='word_1_234' title='bbox 1503 2501 1773 2576; x_wconf 80' lang='grc' dir='ltr'><em>ὁμολογή-</em></span> 
     </span>
     <span class='ocr_line' id='line_1_30' title="bbox 167 2583 1771 2660; baseline 0.001 -18"><span class='ocrx_word' id='word_1_235' title='bbox 167 2604 367 2642; x_wconf 90' lang='grc' dir='ltr'><em>σουσιν</em></span> <span class='ocrx_word' id='word_1_236' title='bbox 410 2584 482 2651; x_wconf 79' lang='grc' dir='ltr'><em>ὡς</em></span> <span class='ocrx_word' id='word_1_237' title='bbox 523 2586 648 2658; x_wconf 88' lang='grc' dir='ltr'><em>περὶ</em></span> <span class='ocrx_word' id='word_1_238' title='bbox 688 2584 748 2641; x_wconf 88' lang='grc' dir='ltr'><em>τὸ</em></span> <span class='ocrx_word' id='word_1_239' title='bbox 788 2583 1102 2658; x_wconf 82' lang='grc' dir='ltr'><em>ἡγεμονοῦν</em></span> <span class='ocrx_word' id='word_1_240' title='bbox 1152 2593 1415 2659; x_wconf 89' lang='grc' dir='ltr'><em>γίγνεται.</em></span> <span class='ocrx_word' id='word_1_241' title='bbox 1500 2584 1671 2644; x_wconf 74' lang='grc' dir='ltr'><em>ἄλλου</em></span> <span class='ocrx_word' id='word_1_242' title='bbox 1705 2587 1771 2660; x_wconf 86' lang='grc' dir='ltr'><em>δὴ</em></span> 
     </span>
    </p>

    <p class='ocr_par' dir='ltr' id='par_1_8' title="bbox 104 2667 1772 2911">
     <span class='ocr_line' id='line_1_31' title="bbox 104 2667 1772 2744; baseline 0.001 -18"><span class='ocrx_word' id='word_1_243' title='bbox 104 2693 144 2726; x_wconf 85' lang='lat'><em>30</em></span> <span class='ocrx_word' id='word_1_244' title='bbox 167 2667 322 2735; x_wconf 78' lang='grc' dir='ltr'><em>ὄντος</em></span> <span class='ocrx_word' id='word_1_245' title='bbox 352 2673 449 2727; x_wconf 87' lang='grc' dir='ltr'><em>τοῦ</em></span> <span class='ocrx_word' id='word_1_246' title='bbox 480 2672 783 2734; x_wconf 84' lang='grc' dir='ltr'><em>πονοῦντος</em></span> <span class='ocrx_word' id='word_1_247' title='bbox 814 2671 1014 2742; x_wconf 81' lang='grc' dir='ltr'><em>μέρους</em></span> <span class='ocrx_word' id='word_1_248' title='bbox 1034 2714 1048 2742; x_wconf 94' lang='grc'><em>,</em></span> <span class='ocrx_word' id='word_1_249' title='bbox 1079 2676 1177 2728; x_wconf 90' lang='grc' dir='ltr'><em>τοῦ</em></span> <span class='ocrx_word' id='word_1_250' title='bbox 1208 2669 1520 2744; x_wconf 83' lang='grc' dir='ltr'><em>πνεύματος</em></span> <span class='ocrx_word' id='word_1_251' title='bbox 1550 2669 1609 2727; x_wconf 84' lang='grc' dir='ltr'><em>τὸ</em></span> <span class='ocrx_word' id='word_1_252' title='bbox 1641 2669 1772 2742; x_wconf 78' lang='grc' dir='ltr'><em>ἡγε-</em></span> 
     </span>
     <span class='ocr_line' id='line_1_32' title="bbox 167 2751 1768 2828; baseline 0 -18"><span class='ocrx_word' id='word_1_253' title='bbox 167 2756 377 2826; x_wconf 89' lang='grc' dir='ltr'><em>μονοῦν</em></span> <span class='ocrx_word' id='word_1_254' title='bbox 418 2752 774 2825; x_wconf 78' lang='grc' dir='ltr'><em>αἰσθάνεται,</em></span> <span class='ocrx_word' id='word_1_255' title='bbox 818 2755 909 2810; x_wconf 84' lang='grc' dir='ltr'><em>καὶ</em></span> <span class='ocrx_word' id='word_1_256' title='bbox 949 2751 1048 2827; x_wconf 79' lang='grc' dir='ltr'><em>ὅλη</em></span> <span class='ocrx_word' id='word_1_257' title='bbox 1090 2752 1238 2828; x_wconf 79' lang='grc' dir='ltr'><em>ψυχὴ</em></span> <span class='ocrx_word' id='word_1_258' title='bbox 1277 2753 1337 2812; x_wconf 82' lang='grc' dir='ltr'><em>τὸ</em></span> <span class='ocrx_word' id='word_1_259' title='bbox 1380 2753 1512 2812; x_wconf 79' lang='grc' dir='ltr'><em>αὐτὸ</em></span> <span class='ocrx_word' id='word_1_260' title='bbox 1553 2753 1768 2827; x_wconf 78' lang='grc' dir='ltr'><em>πάσχει.</em></span> 
     </span>
     <span class='ocr_line' id='line_1_33' title="bbox 167 2831 1770 2911; baseline 0.001 -18"><span class='ocrx_word' id='word_1_261' title='bbox 167 2841 251 2894; x_wconf 86' lang='grc'><em>40.</em></span> <span class='ocrx_word' id='word_1_262' title='bbox 296 2841 410 2905; x_wconf 74' lang='grc' dir='ltr'><em>πῶς</em></span> <span class='ocrx_word' id='word_1_263' title='bbox 449 2831 551 2896; x_wconf 83' lang='grc' dir='ltr'><em>οῦν</em></span> <span class='ocrx_word' id='word_1_264' title='bbox 591 2840 751 2895; x_wconf 89' lang='grc' dir='ltr'><em>τοῦτο</em></span> <span class='ocrx_word' id='word_1_265' title='bbox 796 2843 1122 2910; x_wconf 86' lang='grc' dir='ltr'><em>συμβαίνει;</em></span> <span class='ocrx_word' id='word_1_266' title='bbox 1178 2838 1451 2909; x_wconf 90' lang='grc' dir='ltr'><em>διαδόσει,</em></span> <span class='ocrx_word' id='word_1_267' title='bbox 1506 2837 1770 2911; x_wconf 83' lang='grc' dir='ltr'><em>φήσουσι,</em></span> 
     </span>
    </p>

    <p class='ocr_par' dir='ltr' id='par_1_9' title="bbox 252 2932 1492 2984">
     <span class='ocr_line' id='line_1_34' title="bbox 252 2932 1492 2984; baseline 0.01 -12"><span class='ocrx_word' id='word_1_268' title='bbox 252 2945 482 2974; x_wconf 81' lang='lat' dir='ltr'>EUSEBIUS</span> <span class='ocrx_word' id='word_1_269' title='bbox 515 2947 568 2974; x_wconf 82' lang='lat'><em>11·</em></span> <span class='ocrx_word' id='word_1_270' title='bbox 1424 2932 1492 2984; x_wconf 69' lang='grc'><em>25</em></span> 
     </span>
    </p>
   </div>
  </div>
 </body>
</html>
