2014 3146
298 101 397 154 196
973 102 1220 143 EUSEBII

294 221 387 277 καὶ
418 215 761 290 Πυθαγόρας
780 261 794 288 ,
827 213 966 273 αλλὰ
1006 218 1100 273 καὶ
1126 213 1552 292 Ἀριστοτέλης
1527 242 1555 275 ο
1582 227 1902 294 Περιπατη-

293 301 472 375 τικὸς,
504 300 627 375 οὐχὶ
660 302 722 358 δε
751 306 885 374 μίαν
916 298 1107 375 ἀρχήν.
1172 310 1412 359 ἴστωσαν
1440 303 1544 360 οὐν
1571 302 1673 375 τὴν
1703 311 1901 361 καλου-

292 391 469 460 μένην
496 382 640 459 ὕλην
669 383 865 443 ἄποιον
895 387 984 442 καὶ
1013 382 1418 487 ἀσχημάτιστον
1434 390 1743 461 λεγομένην
1766 385 1900 462 πρὸς

295 469 509 542 αὐτῶν,
548 469 823 544 τολμηρὸν
878 470 937 527 δὲ
990 475 1041 528 εἰ
1077 468 1151 543 μὴ
1190 494 1255 527 ον
1300 469 1435 544 πρὸς
1477 477 1573 528 τοῦ
1602 470 1902 540 Πλάτωνος

251 580 272 612 b
299 558 584 629 εἰρῆσθαι,
628 557 719 612 καὶ
762 553 838 628 μή
887 579 939 611 τι
979 553 1365 628 μυστικώτατα
1416 560 1548 628 μίαν
1586 553 1687 628 τὴν
1727 580 1945 624 οντως5

294 641 469 698 οὐσαν
499 635 679 714 ἀρχὴν
725 637 886 706 εἰδώς
921 641 980 696 ἐν
1009 643 1084 717 τῷ
1139 645 1351 717 Τιμαίῳ
1386 636 1579 706 αυταῖς
1610 658 1747 713 φησι
1787 653 1904 708 ταῖς

295 726 472 792 λέξεσι

417 805 585 866 “Νὖν
630 805 697 880 δὴ
729 832 832 866 ουν
862 805 922 864 τό
952 830 1015 880 γε
1046 805 1180 882 παρ’
1225 806 1384 881 ἡμῶν
1427 799 1536 866 ωδε
1567 810 1756 883 ἐχέτω·
1804 807 1906 883 τὴν

296 894 397 967 μὲν
428 895 554 967 περὶ
586 891 848 950 ἁπάντων
861 937 874 965 ,
919 900 1029 949 εἴτε
1059 889 1234 967 ἀρχὴν
1268 902 1379 949 εἴτε
1410 890 1605 967 ἀρχὰς,
1650 903 1758 951 εἴτε
1797 890 1904 966 ὅπη

299 982 456 1035 δοκεῖ
482 976 694 1035 τούτων
724 978 880 1050 πέρι,
927 974 987 1033 τὸ
1017 979 1124 1034 νῦν
1153 973 1220 1034 οὐ
1253 978 1478 1052 ῥητέον,
1525 974 1605 1035 δι’
1639 975 1771 1036 ἄλλο
1802 979 1906 1053 μὲν
1929 1002 1969 1034 10

295 1059 493 1135 οὐδὲν,
541 1062 633 1119 διὰ
675 1062 737 1118 δὲ
775 1060 835 1118 τὸ
874 1059 1114 1134 χαλεπὸν
1158 1062 1300 1119 εἶναι
1341 1059 1478 1118 κατά
1521 1060 1617 1120 τὸν
1659 1061 1906 1139 παρόντα

295 1145 503 1221 τρόπον
533 1150 627 1219 τῆς
660 1144 912 1214 διεξόδου
945 1148 1188 1217 δηλῶσαι
1221 1145 1286 1202 τὰ
1321 1144 1648 1204 δοκοῦντα.”

423 1236 472 1289 4.
499 1228 744 1297 “”Αλλως
775 1253 834 1287 τε
877 1228 909 1302 ἡ
942 1232 1083 1298 λέξις
1113 1229 1146 1304 ἡ
1179 1229 1490 1306 προφητικὴ
1538 1235 1722 1305 ἐκείνη
1746 1228 1802 1304 εἡ
1846 1233 1907 1290 δὲ

246 1349 267 1371 c
298 1318 369 1389 γῆ
399 1308 468 1388 ἦν
498 1313 726 1390 ἀόρατος
769 1317 860 1372 καὶ
891 1313 1387 1382 ἀκατασκεύαστος’
1424 1312 1678 1391 ἀφορμὰς
1719 1315 1908 1383 αὐτοῖς

297 1396 490 1473 ὑλικῆς
531 1398 722 1467 οὐσίας
763 1401 1115 1475 παρέσχηται.
1188 1402 1277 1457 ναὶ
1321 1397 1433 1473 μὴν
1458 1397 1764 1478 Ἐπικούρῳ
1804 1402 1907 1475 μὲν
1930 1423 1971 1456 15

298 1481 332 1558 ἡ
363 1491 461 1542 τοῦ
493 1482 806 1558 αὐτομάτου
837 1490 1199 1558 παρείσδυσις
1239 1481 1306 1541 οὔ
1349 1484 1909 1561 παρακολουθήσαντι

297 1576 374 1647 τῷ
408 1573 554 1646 ῥητῷ
587 1572 816 1642 γέγονεν
862 1572 1129 1626 ἐντεῦθεν
1163 1565 1478 1642 εματαιότης
1508 1569 1907 1643 ματαιοτήτων,

296 1653 365 1711 τά
396 1652 577 1712 πάντα
610 1649 940 1727 ματαιότης.’
993 1652 1354 1728 Ἀριστοτέλει
1397 1655 1457 1712 δὲ
1486 1656 1642 1731 μέχρι
1674 1653 1909 1727 σελήνης

301 1742 512 1812 ἐπῆλθε
553 1751 887 1811 καταγαγεῖν
927 1736 1028 1810 τὴν
1060 1736 1329 1812 πρόνοιαν
1362 1742 1420 1795 ἐκ
1450 1744 1615 1795 τοῦδε
1644 1742 1742 1796 τοῦ
1772 1746 1909 1804 ψαλ-

300 1826 409 1896 μοῦ
440 1820 621 1897 ’κύριε
665 1825 724 1878 ἐν
763 1826 838 1898 τῷ
880 1818 1105 1898 οὐρανῷ
1144 1819 1204 1878 τὸ
1248 1820 1398 1888 ἔλεός
1439 1841 1540 1879 σου
1588 1824 1678 1879 καὶ
1710 1818 1743 1895 ἡ
1776 1821 1907 1895 ἆλή-
1930 1845 1972 1878 20

301 1905 431 1964 θειά
476 1924 579 1963 σου
620 1909 721 1973 έως
754 1909 868 1963 των
896 1903 1187 1979 νεφελῶν)
1234 1902 1454 1962 οὐδέπω
1488 1930 1593 1980 γαρ
1628 1903 1910 1964 απεκαλύ-

299 2013 462 2048 πτετο
494 1987 526 2064 ἡ
551 1996 663 2047 τῶν
687 1992 1045 2065 προφητικῶν
1065 1988 1303 2062 δήλωσις
1327 1996 1647 2065 μυστηρίων
1679 1991 1782 2091 πρὸ
1814 1994 1910 2064 τῆς

302 2078 403 2132 τοῦ
442 2080 640 2149 κυρίου
667 2080 985 2184 παρουσίας
1054 2078 1102 2131 5.
1135 2072 1230 2141 τάς
1275 2097 1333 2131 τε
1379 2075 1449 2131 αὐ
1483 2099 1617 2148 μετα
1661 2073 1910 2134 θάνατον

301 2158 552 2226 κολάσεις
593 2161 684 2216 καὶ
725 2158 826 2232 τὴν
871 2157 961 2215 δια
1005 2156 1176 2232 πυρὸς
1207 2164 1476 2232 τιμωρίαν
1516 2158 1622 2216 ἀπὸ
1652 2163 1747 2232 τῆς
1777 2166 1910 2234 βαρ-

256 2274 283 2306 <1
305 2243 481 2318 βάρου
522 2250 853 2317 φιλοσοφίας
893 2240 927 2316 ἦ
969 2267 1028 2300 τε
1059 2241 1311 2316 ποιητικὴ
1344 2246 1494 2300 πᾶσα
1523 2246 1732 2317 μοῦσα,
1773 2240 1911 2300 ἄλλα
1933 2265 1974 2299 25

304 2331 397 2385 καὶ
427 2326 772 2402 ἡῈλληνικὴ
814 2333 1115 2400 φιλοσοφία
1153 2325 1426 2400 ὑφείλετο.
1496 2326 1736 2386 Πλάτων
1773 2332 1911 2400 γοῦν

306 2414 368 2469 έν
397 2414 476 2488 τῷ
505 2418 800 2489 τελευταίῳ
830 2416 925 2484 τῆς
957 2418 1250 2478 Πολιτείας
1282 2408 1472 2479 αὐταῖς
1503 2431 1642 2485 φησι
1671 2427 1790 2479 ταῖς
1822 2413 1912 2469 λε’-

303 2499 458 2564 ,ξεσιν

426 2576 454 2599 “
470 2575 747 2636 Ἐνταῦθα
779 2578 847 2652 δὴ
892 2577 1092 2654 ἄνδρες
1123 2577 1304 2654 ἄγριοι
1337 2578 1596 2652 διάπυροι
1629 2584 1773 2636 ἰδεῖν
1803 2600 1911 2635 πα-

303 2667 574 2765 ρεστῶτες
606 2666 697 2719 καὶ
727 2663 1248 2737 καταμανθάνοντες
1287 2661 1346 2721 τὸ
1386 2665 1612 2736 φθέγμα
1651 2661 1777 2729 τούς
1808 2663 1911 2736 μὲν
1931 2683 1974 2717 30

422 2803 447 2841 8
479 2798 590 2841 Νῦν
612 2796 670 2852 δὴ
694 2788 781 2840 οὖν
800 2798 871 2853 -]
906 2801 1039 2841 Plato
1062 2802 1175 2841 Tim.
1200 2813 1245 2854 p:
1265 2801 1335 2843 48.

393 2859 447 2898 29
470 2850 714 2898 Ἐνταῦθα
739 2852 797 2909 δὴ
820 2854 890 2909 —-—]
915 2857 1049 2897 Plato
1071 2858 1182 2910 Rep.
1210 2859 1272 2898 10.
1306 2870 1348 2909 p.
1373 2856 1467 2896 616.
