2014 3146
251 117 355 169 312
930 117 1180 159 EUSEBII

251 230 379 291 οὐδ’
424 230 557 290 αὐτὸ
600 235 761 289 τοῦτο
793 230 1030 306 πότερον
1069 238 1327 306 οἴδαμεν,
1381 228 1415 305 ἢ
1453 230 1558 291 οὐκ
1587 232 1855 308 οἴδαμενῖ

250 317 366 390 ἥτις
400 316 622 390 εἰσβολὴ
664 314 833 383 κακὰς
877 322 1086 374 ἔδωκεν
1127 314 1380 390 ἀφορμὰς
1420 320 1495 394 τῷ
1526 316 1659 391 μετὰ
1690 322 1859 376 ταῦτα

137 403 529 477 (γεωγενομένῳ
581 399 862 473 Πύρρωνι.
947 400 1158 473 προβὰς
1213 403 1277 458 δέ
1325 419 1497 474 φησιν
1548 400 1631 459 ὅτι
1683 402 1860 460 πάντα

252 487 417 557 ἐστὶν,
449 482 478 542 ὃ
510 483 580 542 ἄν
611 509 691 551 τις
721 483 934 556 νοήσαι.
982 490 1062 543 10.
1089 484 1187 542 τὸν
1212 486 1273 542 δὲ
1291 484 1672 559 Πρωταγόραν
1703 485 1860 559 λόγος

250 576 359 643 ἔχει
390 574 695 641 κεκλῆσθαι
726 567 914 626 ἄθεον.
968 567 1203 643 γράφων
1235 572 1301 642 γε’
1318 594 1401 627 τοι
1424 571 1516 627 καὶ
1542 569 1705 637 αὐτὸς
1735 573 1861 642 περὶ
1883 594 1904 626 5

247 657 403 711 θεῶν
435 657 662 727 εἰσβολῇ
701 658 888 729 τοιᾷδε
931 652 1195 727 ἐχρήσατο
1229 653 1375 729 “περὶ
1418 655 1522 728 μὲν
1568 647 1671 712 οὖν
1709 658 1862 712 θεῶν

248 735 350 796 οὐκ
390 739 515 796 οἴδα
567 736 695 796 οὔθ’
756 737 828 804 ὡς
882 740 1026 796 εἰσὶν
1077 735 1211 796 οὔθ’
1253 737 1439 796 ὁποῖοί
1478 762 1627 806 τινες
1679 741 1860 796 ἰδέαν·

248 822 423 880 πολλὰ
455 822 560 895 γάρ
593 827 706 880 ἐστι
729 821 794 880 τὰ
818 821 1104 881 κωλύοντά
1127 846 1194 896 με
1219 825 1451 881 ἕκαστον
1481 822 1692 882 τούτων
1724 826 1863 880 εἰδέ-

247 905 379 965 ναι’
450 911 646 965 τοῦτον
694 906 981 979 Ἀθηναῖοι
1021 911 1173 982 φυγῇ
1220 906 1588 981 ζημιώσαντες
1637 932 1732 975 τας
1772 913 1863 980 βί-

247 999 416 1064 βλους
448 989 623 1049 αὐτοῦ
654 997 891 1067 δημοσία
924 996 984 1049 ἐν
1022 994 1161 1065 μέσῃ
1193 997 1260 1066 τῇ
1294 1016 1466 1068 αγορα
1497 995 1858 1049 κατέκαυσαν.
1885 1013 1924 1045 10

250 1078 366 1133 ἐπεὶ
411 1068 515 1133 οὐν
567 1081 686 1133 οἵδε
738 1075 932 1150 μόναις
982 1081 1103 1134 δεῖν
1144 1082 1359 1149 ἔφασαν
1398 1090 1517 1143 ταῖς
1563 1075 1862 1149 αἰσθήσεσι

249 1159 548 1231 πιστεύειν,
581 1160 674 1227 τὰς
699 1159 833 1234 πρὸς
858 1157 1060 1227 αντούς
1089 1159 1438 1235 ἀντιρρήσεις
1469 1156 1860 1234 θεασώμεθα.”

202 1264 222 1295 b
375 1256 479 1305 XX.
517 1240 830 1316 “Γεγόνασι
873 1247 939 1302 δέ
974 1268 1120 1311 τινες
1151 1250 1206 1302 οἱ
1243 1243 1523 1313 ἀξιοῦντες
1565 1250 1631 1319 τῇ
1665 1242 1863 1316 αἰσθή-

249 1348 333 1386 σει
364 1332 457 1385 καὶ
486 1342 606 1395 ταῖς
635 1336 967 1402 φαντασίαις
997 1328 1190 1402 μόναις
1223 1335 1343 1387 δεῖν
1368 1329 1663 1388 πιστεύειν.
1727 1336 1862 1387 ἔνιοι

197 1442 214 1463 e
249 1415 436 1487 μέντοι
476 1415 612 1486 φασὶ
654 1417 746 1471 καὶ
785 1412 882 1471 τὸν
898 1412 1140 1487 Όμηρον
1172 1419 1518 1472 αἰνίττεσθαι
1556 1414 1616 1472 τὸ
1645 1419 1859 1471 τοιοῦτο
1886 1433 1924 1465 15

247 1497 474 1555 πάντων
525 1496 912 1571 ἀποφαίνοντα
964 1498 1061 1556 τὸν
1108 1495 1375 1556 Ὠκεανὸν
1415 1496 1621 1572 ἀρχὴν,
1675 1497 1748 1564 ὡς
1802 1501 1862 1554 ἐν

249 1581 406 1655 ρύσει
437 1588 550 1639 τῶν
581 1583 922 1656 πραγμάτων
951 1581 1155 1640 ὄντων·
1191 1585 1270 1640 ὠν
1302 1581 1356 1640 δ’
1398 1593 1557 1656 ἴσμεν
1590 1590 1732 1640 ἔοικε
1762 1606 1864 1655 μεν

250 1669 340 1724 καὶ
381 1666 827 1741 Μητρόδωροςὸ
873 1676 1009 1735 Χιος
1048 1667 1109 1724 τὸ
1150 1664 1283 1724 αυτό
1326 1672 1488 1725 τοῦτο
1531 1670 1753 1739 λέγειν,
1796 1664 1863 1723 οὐ

247 1749 356 1823 μὴν
408 1748 528 1807 ἀλλ’
590 1750 850 1825 ἄντικρύς
901 1775 963 1824 γε
1014 1749 1389 1825 Πρωταγόρας
1440 1776 1468 1809 ο
1515 1750 1856 1824 Ἀβδηρίτης.

249 1836 408 1902 οὗτος
447 1859 552 1906 γαρ
593 1840 702 1932 ἔφη
739 1838 940 1908 με’τρον
984 1835 1127 1892 εἶναι
1167 1834 1392 1892 πάντων
1433 1834 1725 1909 χρημάτων
1765 1832 1860 1891 τὸν
1882 1856 1924 1890 20

247 1917 579 1991 ἄνθρωπον,
625 1943 737 1975 των
766 1944 867 1992 μεν
895 1918 1076 1976 ὅντων
1108 1944 1180 1986 ως
1211 1926 1355 1991 ε’,στι
1395 1943 1509 1977 των
1552 1916 1604 1975 δ’
1638 1917 1740 1975 οὐκ
1770 1916 1860 1975 ὅν-

139 2024 224 2066 [4481
248 2027 360 2061 των
405 1999 476 2069 ὡς
517 2002 618 2060 οὐκ
660 2010 834 2060 ἔστιν·
894 2000 1058 2061 ὁποῖα
1096 2003 1201 2076 γὰρ
1245 1964 1455 2080 ἑκάστῳ
1495 2011 1751 2077 φαίνεται
1795 2002 1861 2059 τὰ

249 2086 568 2160 πράγματα,
621 2092 845 2145 τοιαῦτα
886 2090 977 2145 καὶ
1022 2088 1189 2144 εἶναι·
1253 2091 1381 2162 περὶ
1423 2089 1484 2144 δὲ
1525 2094 1635 2145 τῶν
1675 2085 1860 2143 ἄλλων

247 2173 422 2244 μηδὲν
435 2168 575 2245 ἡμᾶς
594 2170 878 2229 δύνασθαι
905 2177 1375 2245 διισχυρίσασθαι.
1419 2177 1466 2229 3.
1493 2171 1628 2245 πρὸς
1655 2172 1716 2228 δὲ
1738 2169 1861 2228 τού-

248 2280 377 2322 τους
409 2265 552 2314 εἴποι
582 2280 663 2323 τις
695 2255 765 2314 ἂν
796 2254 830 2312 ἃ
862 2259 952 2313 καὶ
985 2256 1225 2313 Πλάτων
1257 2260 1317 2313 ἐν
1348 2256 1653 2333 Θεαιτήτῳ·
1707 2259 1860 2328 πρῶ-
1882 2275 1923 2308 25

201 2365 223 2396 d
248 2363 344 2396 τον
374 2341 504 2411 μὲν,
535 2346 594 2396 τί
620 2339 851 2412 δήποτε,
884 2340 1150 2398 τοιούτων
1179 2365 1243 2412 γε
1275 2340 1344 2413 δὴ
1373 2345 1486 2398 τῶν
1524 2339 1861 2412 πραγμάτων

248 2421 456 2494 ὅντων,
489 2423 733 2494 ἠξίωσαν
774 2426 915 2482 εἶναι
943 2429 1155 2527 μέτρον
1192 2427 1288 2497 τῆς
1328 2423 1594 2496 ἀληθείας
1634 2424 1731 2480 τὸν
1761 2421 1862 2480 ἅν-

250 2517 511 2579 θρωπον,
543 2505 663 2563 αλλ’
701 2507 767 2565 οὐ
799 2515 905 2566 σῦν
935 2534 968 2581 η
1000 2511 1411 2582 κυνοκέφαλον;
1446 2515 1634 2566 ἔπειτα
1658 2509 1718 2565 δε
1743 2530 1859 2572 πως

251 2598 441 2663 ἔλεγον
482 2591 625 2649 εἶναι
666 2591 872 2665 σοφους
915 2617 1172 2666 εαυτους,
1230 2599 1281 2650 εἰ
1333 2591 1400 2665 δὴ
1442 2595 1547 2659 πᾶς
1585 2616 1666 2657 τις
1697 2587 1858 2656 αυτὸς

252 2677 429 2752 ἑαυτῷ
468 2677 669 2749 με’τρον
710 2679 823 2733 ε’στὶ
862 2681 957 2748 τῆς
998 2675 1291 2750 αληθείας;
1345 2673 1378 2749 ἢ
1419 2699 1533 2742 πως
1575 2678 1857 2747 ἐλέγχουσι
1879 2694 1921 2727 3ο

249 2759 376 2826 τοὺς
421 2759 649 2831 ἄλλους,
706 2770 859 2833 εἰπερ
914 2759 1123 2818 ἑκάστω
1162 2759 1222 2818 τὸ
1264 2759 1602 2834 φαινόμενον
1650 2758 1856 2830 αληθές

252 2846 426 2914 ἐστιν;
470 2840 781 2917 ἀγνοοῦμέν
811 2847 872 2901 τέ
897 2869 1048 2916 τινα,
1093 2851 1268 2902 καίτοι
1299 2843 1560 2910 πολλάκις
1591 2841 1854 2900 αἰσθανό-
