2014 3146
614 115 825 158 PRAEP.
858 115 1079 159 EVANG.
1113 116 1218 161 ΧΗ.
1250 118 1317 160 52.
1676 116 1772 168 161

163 239 248 294 30.
291 230 320 289 6
362 229 524 298 αὐτὸς
566 232 627 288 δὲ
667 229 826 303 λόγος
866 252 952 288 σοι
993 234 1083 288 καὶ
1132 234 1259 306 περὶ
1303 235 1534 291 ἐκείνων
1576 228 1646 290 ἂν
1690 242 1774 306 εἰή

164 322 278 376 τῶν
307 313 403 383 οὓς
435 315 506 373 σὺ
537 314 778 373 κατιδων
811 320 869 373 ἐκ
900 320 1148 390 σμικρῶν
1178 316 1450 389 μεγάλους
1481 317 1774 390 γεγονότας

120 452 123 453 ⁷
165 399 738 474 ἀνοσιουργήσαντας,
779 399 815 473 ἥ
845 426 896 457 τι
926 407 1177 458 τοιοῦτον
1208 401 1550 476 πράξαντας,
1584 400 1774 479 ᾤήθης

166 491 219 555 ἐξ
259 485 478 544 ἀθλίων
517 484 850 558 εὐδαίμονας
889 489 1204 558 γεγονέναι,
1249 488 1339 542 καὶ
1374 485 1446 554 ὡς
1480 489 1539 544 ἐν
1570 485 1775 544 κατόπ-

121 596 141 628 5
163 595 310 646 τροις
342 568 527 627 αὐτῶν
557 584 677 637 ταῖς
710 569 975 640 πράξεσιν
1007 569 1198 642 ἡγήσω
1223 575 1643 644 καθεωρακέναι
1672 570 1775 644 τὴν

163 655 388 713 πάντων
417 654 678 728 ἀμέλειαν
707 658 879 726 θεων,
912 653 1016 712 οὐκ
1049 654 1207 720 εἰδώς
1239 652 1423 712 αὐτων
1453 656 1554 729 τὴν
1585 659 1775 713 συντέ*

164 749 346 812 λειαν,
377 738 529 841 όπης
543 762 672 796 ποτε
713 764 787 795 τω
829 741 993 796 παντὶ
1035 738 1414 812 ξυμβάλλεται.
1477 740 1775 811 γινώσκειν

164 827 225 882 δὲ
257 823 452 896 αὐτὴν,
485 823 526 880 ὦ
551 822 775 880 πάντων
805 821 1177 897 ἀνδρειότατε,
1211 824 1344 897 πρὸς
1368 820 1537 881 οὐδεν
1570 830 1770 897 δοκεῖς,
1791 848 1882 891 (636)

162 908 232 982 ἤν
261 932 341 974 τις
370 906 444 981 μὴ
476 906 770 980 γινώσκων
796 904 936 965 οὐδ’
980 905 1049 964 ἂν
1089 907 1264 965 τύπον
1299 913 1406 965 ἴδοι
1437 909 1598 981 ποτε,
1640 907 1775 966 οὐδε

101 1017 139 1047 10
162 993 327 1066 λόγον
367 991 782 1066 ξυμβάλλεσθαι
823 994 950 1066 περὶ
1004 999 1132 1064 βίου
1173 991 1407 1059 δυνατὸς
1449 989 1520 1050 άν
1561 996 1774 1066 γένοιτο
1830 1026 1832 1028 v

165 1085 241 1145 εἰς
274 1075 636 1150 εὐδαιμονίαν
658 1101 716 1134 τε
741 1079 832 1133 καὶ
859 1082 1208 1150 δυσδαίμονα
1239 1076 1429 1151 τύχην.
1484 1083 1567 1135 31.
1602 1084 1775 1135 ταῦτα

164 1170 214 1221 εἰ
242 1165 345 1236 μέν
375 1180 436 1218 σε
467 1168 654 1219 πείθει
679 1168 940 1228 Κλεινίας
970 1158 1067 1218 ὅδε
1091 1164 1182 1218 καὶ
1214 1161 1471 1234 ξύμπασα
1492 1158 1651 1236 ἡμῶν
1673 1160 1775 1236 ἥδε

161 1246 195 1320 ἡ
227 1253 519 1321 γερουσία,
553 1249 679 1318 περὶ
709 1250 864 1303 θεῶν
897 1245 968 1312 ὡς
992 1243 1093 1303 οὐκ
1111 1246 1278 1303 οἶσθα
1309 1244 1338 1303 6
1369 1271 1420 1303 τι
1452 1250 1647 1319 λέγεις,
1681 1272 1773 1304 κα-

163 1337 268 1398 λως
300 1330 370 1388 άν
411 1350 496 1388 σοι
538 1330 671 1397 θεὸς
712 1330 876 1396 αὐτὸς
917 1329 1315 1404 ξυλλαμβάνοι
1362 1337 1413 1388 εί
1453 1330 1503 1388 δ’
1554 1331 1775 1404 ἐπιδεὴς

98 1439 139 1470 15
164 1424 240 1474 ἔτι
281 1415 448 1488 λόγου
487 1411 557 1472 ἂν
599 1425 738 1487 εἴης,
785 1413 1060 1486 λεγόντων
1091 1411 1248 1488 ἡμων
1287 1414 1422 1489 πρὸς
1462 1415 1560 1473 τὸν
1589 1424 1777 1491 τρίτον

166 1500 430 1572 ἐπάκουε,
465 1505 515 1557 εἰ
543 1504 682 1558 νοῦν
713 1502 803 1556 καὶ
833 1496 1097 1556 ὁπωσοῦν
1129 1506 1280 1572 ἔχεις.

289 1590 371 1641 32.
424 1583 648 1642 Τούτων
677 1579 705 1641 6
737 1587 887 1656 νοῦς,
922 1589 972 1641 εἰ
1001 1586 1091 1640 καὶ
1114 1582 1188 1656 μὴ
1212 1609 1277 1641 τα
1303 1582 1543 1659 ῥήματα,
1576 1588 1639 1642 ἐν
1661 1600 1775 1652 τοῖς

154 1669 429 1744 Ἑβραίων
469 1675 673 1741 λογίοις
704 1671 1215 1741 προκαταβέβληται
1257 1668 1647 1742 συντομώτατα
1682 1671 1773 1726 καὶ

164 1753 236 1811 δι’
283 1753 489 1826 ὀλίγων
529 1756 625 1826 τῆς
667 1759 916 1819 διανοίας
965 1755 1372 1828 περιεχομένης.
1445 1753 1505 1810 τό
1561 1777 1619 1810 τε
1670 1754 1774 1828 γὰρ
1803 1778 1822 1809 ι,

100 1835 297 1912 εο“οὗχ
337 1837 481 1896 οὕτω
522 1838 748 1913 σμικρὸς
780 1835 860 1896 ὢν
892 1837 1034 1913 δύσῃ
1067 1838 1203 1894 κατὰ
1233 1837 1292 1894 τὸ
1324 1842 1418 1910 τῆς
1450 1842 1549 1910 γῆς
1575 1837 1772 1910 βάθος,

163 1919 291 1980 οὐδ’
335 1919 546 1995 ὑψηλὸς
584 1921 882 1996 γενόμενος
925 1929 1003 1990 εἰς
1032 1920 1129 1980 τὸν
1167 1919 1409 1995 οὐρανὸν
1441 1920 1773 1996 ἀναπτήσῃ”

162 2007 352 2081 ὅμοιον
382 2003 452 2064 ἄν
485 2016 568 2080 εἴη
607 2011 684 2084 τῷ
716 2007 862 2080 παρὰ
901 2013 976 2083 τῷ
1008 2010 1198 2079 Δαβὶδ
1237 2010 1432 2064 τοῦτον
1464 2014 1643 2095 ἔχοντι
1677 2006 1775 2064 τὸν

161 2090 368 2166 τρόπον
399 2087 548 2148 “πού
587 2097 850 2166 πορευθω
890 2088 996 2147 άπὸ
1036 2096 1135 2148 τοῦ
1168 2089 1478 2163 πνεύματός
1510 2110 1641 2162 σου,
1683 2093 1775 2147 καὶ

163 2175 270 2232 απὸ
300 2180 398 2233 τοῦ
429 2174 732 2248 προσώπου
763 2194 864 2232 σου
885 2178 994 2232 ποῦ
1014 2174 1205 2246 φύγω;
1239 2173 1334 2230 ἐὰν
1355 2171 1547 2244 άναβῶ
1581 2180 1657 2241 εἰς
1679 2174 1777 2231 τὸν

101 2280 142 2312 25
166 2256 427 2332 οὐρανὸν,
452 2278 521 2315 συ
549 2263 665 2316 ἐκεῖ
682 2260 755 2316 εἶ
791 2257 888 2316 εἀν
909 2263 1129 2330 καταβω
1154 2275 1232 2324 εις
1253 2257 1349 2315 τὸν
1355 2255 1570 2359 Ἅιδην,
1595 2257 1773 2330 πάρει.

166 2348 247 2400 33.
284 2348 336 2400 εἰ
362 2340 691 2415 ἄναλάβοιμι
733 2345 1006 2432 πτέρυγας
1046 2345 1139 2399 καὶ
1181 2341 1665 2416 κατασκηνώσαιμι
1699 2350 1776 2409 εἰς

164 2452 229 2484 τα
262 2434 458 2499 ἔσχατα
489 2429 584 2498 τῆς
624 2425 936 2498 θαλάσσης
1000 2430 1091 2483 καὶ
1142 2426 1245 2499 γὰρ
1291 2430 1402 2485 ἐκεῖ
1440 2426 1473 2500 ἡ
1514 2434 1632 2500 χείρ
1673 2447 1775 2484 σου

163 2510 427 2584 ὁδηγήσει
466 2534 547 2583 με.
557 2507 589 2528 ”
651 2507 789 2566 ἄλλα
829 2514 920 2567 καὶ
958 2508 1016 2567 τὸ
1051 2507 1146 2568 “on
1181 2509 1412 2583 οὐρανοὶ
1455 2515 1776 2584 διηγουνται

167 2595 334 2664 δόξαν
378 2598 544 2667 θεοῦ,
587 2597 678 2651 καὶ
719 2602 942 2667 ποίησιν
981 2602 1181 2668 χειρῶν
1232 2594 1411 2653 αὐτου
1451 2593 1815 2668 άναγγέλλει.;

103 2700 144 2734 30
166 2680 225 2736 τὸ
244 2640 560 2780 στερέωμαῗ
549 2676 576 2697 ”
613 2681 703 2735 καὶ
728 2678 895 2736 πάλιν
921 2682 979 2736 ἐν
1000 2705 1074 2736 τω
1089 2676 1286 2737 Ησαΐα
1309 2680 1368 2737 τὸ
1387 2676 1776 2751 “οἐναβλε’ψατε

169 2770 246 2830 εἰς
276 2760 418 2831 ’ὕψος
447 2788 574 2829 τους
605 2760 929 2836 ὀφθαλμοὺς
968 2760 1154 2836 υμῶν,
1196 2765 1287 2820 καὶ
1330 2770 1475 2821 ἴδετε
1505 2771 1586 2829 τίς
1618 2765 1777 2820 κατέ-

170 2852 312 2916 δειξε
342 2852 511 2904 ταῦτα
542 2846 774 2905 πάντα.”
818 2850 909 2904 καὶ
939 2845 998 2905 τὸ
1021 2847 1121 2905 “ε’κ
1151 2849 1424 2921 μεγέθους
1455 2850 1547 2904 καὶ
1578 2854 1779 2903 καλλο-

250 2954 480 2984 ΕυεΕΒιυε
513 2956 566 2983 11.
1426 2941 1488 2990 11
