2014 3146
651 132 868 179 PRAEP.
897 132 1118 176 EVANG.
1150 133 1247 174 xv.
1279 134 1318 174 2.
1683 129 1783 182 341

176 275 258 308 ων
291 259 445 323 εἰπερ
492 243 561 322 ἦν
602 253 664 306 ἓν
703 245 893 306 ὁτιοῦν
923 246 1158 322 ἀληθὲς,
1203 250 1368 322 ἐχρῆν
1410 244 1592 319 δήπου
1622 271 1787 320 μυρι-

175 359 313 407 ακις,
346 332 469 390 ἀλλ’
499 332 600 407 οὐχ
622 331 783 434 ἅῗηπαξ
797 332 970 391 αὐτὸν
999 331 1109 391 ὑπὸ
1140 336 1251 390 τῶν
1268 331 1391 389 τότε
1424 329 1784 389 ἀπολωλέναι.

179 417 551 491 11.φανερὸν
601 418 704 475 οὐν
753 415 836 475 ὅτι
876 417 1132 491 καθάπερ
1174 425 1396 483 πολλοῖς
1447 418 1538 473 καὶ
1579 414 1782 489 ἄλλοις,
1811 438 1897 482 [463]

176 501 318 561 οὕτω
350 505 441 560 καὶ
470 500 827 574 Ἀριστοτέλει
870 504 1107 609 συνέβη,
1152 501 1243 559 διά
1284 526 1341 559 τε
1370 499 1465 567 τὰς
1495 498 1630 575 πρὸς
1659 499 1786 567 τοὺς

133 613 152 643 5
176 595 422 660 βασιλεῖς
454 594 641 659 φιλίας
672 590 764 644 καὶ
796 587 886 644 διὰ
918 586 1020 659 τὴν
1053 590 1112 644 ἐν
1141 601 1256 652 τοῖς
1297 584 1477 658 λόγοις
1507 583 1787 658 ὑπεροχὴν

174 671 282 728 ὑπὸ
313 675 424 729 τῶν
451 669 572 728 τότε
603 675 884 743 σοφιστῶν
913 680 1271 743 φθονεῖσθαι.
1345 675 1433 727 δεῖ
1474 670 1535 726 δε
1564 669 1693 736 τοὺς
1726 661 1788 727 εῦ

175 760 521 858 φρονοῦντας
570 752 643 829 μὴ
691 761 766 822 εἰς
818 753 946 821 τοῦς
1000 753 1397 827 διαβάλλοντας
1450 755 1788 826 ἀποβλέπειν

174 838 376 913 μόνον,
407 837 547 896 ἄλλα
577 841 669 896 καὶ
701 845 779 905 εἰς
810 837 937 906 τοῦς
970 842 1331 904 ἐπαινοῦντας
1363 840 1454 894 καὶ
1493 844 1787 909 ζηλοῦντας

176 921 370 980 αὐτόν
428 928 620 1000 μακρῶ
662 947 766 995 γαρ
807 929 1032 988 πλείους
1073 925 1164 980 καὶ
1204 928 1458 995 βελτίους
1501 918 1788 993 εὑρεθεῖεν

112 1034 152 1064 10
177 1033 246 1065 αν
276 1000 436 1066 οῦτοί
460 1031 537 1079 γε.
602 1012 680 1063 12.
714 1032 779 1064 τα
810 1009 913 1080 μὲν
955 1009 1057 1064 οῦν
1087 1005 1225 1064 αλλα
1257 1006 1547 1080 προδήλως
1577 1009 1789 1063 πέπλα-

176 1108 322 1150 σται
365 1091 468 1149 δύο
501 1093 562 1149 δε
592 1096 763 1149 ταῦτα
795 1098 952 1150 δοκεῖ
978 1090 1345 1149 πιστεύεσθαι
1377 1088 1452 1148 δι’
1486 1115 1519 1147 α
1553 1092 1791 1164 ψέγουσί
1807 1115 1897 1155 (793)

175 1201 321 1243 τινες
353 1174 547 1233 αὐτόν·
595 1181 657 1233 ἓν
686 1177 817 1249 μὲν,
858 1173 940 1234 ὅτι
980 1176 1081 1248 τὴν
1104 1174 1358 1250 Ἑρμείου
1400 1174 1592 1249 γήμειε
1622 1174 1789 1249 φύσει

175 1262 276 1334 μὲν
318 1258 599 1333 ἀδελφὴν,
640 1260 815 1334 θετὴν
859 1262 922 1318 δὲ
962 1263 1246 1335 θυγατέρα
1279 1259 1576 1332 Πυθιάδα,
1624 1268 1790 1317 κολα-

176 1344 358 1404 κεύων
398 1343 568 1402 αὐτόν
588 1360 598 1370 ·
632 1344 952 1419 (Θεόκριτος
982 1349 1122 1418 γοῦν
1151 1344 1180 1402 ὁ
1212 1354 1346 1412 Χῖος
1379 1347 1637 1418 ἐποίησεν
1670 1348 1789 1402 ε’πί-

112 1454 153 1486 15
176 1455 398 1504 γραμμα
427 1433 680 1487 τοιοῦτον

308 1534 551 1602 “Ερμείου
579 1529 822 1620 εὐνούχου
847 1556 896 1588 τε
923 1537 1005 1587 καὶ
1034 1531 1303 1603 Εὐβούλου
1329 1532 1438 1587 τόδε
1466 1535 1646 1588 δούλου

387 1611 558 1691 μνῆμα
584 1602 731 1657 κενὸν
758 1605 1020 1674 κενόφρων
1047 1611 1209 1672 θῆκεν
1229 1605 1590 1673 Ἀριστοτέλης·

316 1674 369 1737 ὃς
395 1673 476 1727 δια
484 1673 592 1760 τὴν
618 1670 810 1745 ἀκρατῆ
835 1675 1043 1746 γαστρὸς
1068 1675 1224 1742 φύσιν
1250 1679 1406 1729 εἵλετο
1433 1679 1596 1729 ναίειν

386 1768 477 1798 αντ
484 1741 848 1815 ’Ἀκαδημείας
875 1748 1181 1816 Βορβόρου’
1163 1769 1218 1800 εν
1245 1751 1523 1816 προχοαῖς.)
1814 1764 1835 1796 b

111 1875 152 1907 20
177 1854 365 1925 ἕτερον
398 1850 526 1923 δε,
507 1849 591 1909 ότι
615 1850 946 1926 ἠχαρίστησε
969 1850 1246 1910 Πλατωνι.
1297 1856 1376 1909 13.
1410 1854 1536 1955 περὶ
1559 1876 1662 1926 μεν
1686 1845 1790 1910 οῦν

165 1931 419 2009 Ἑρμείου
460 1938 553 1992 καὶ
599 1939 695 2008 τῆς
733 1933 1138 2010 Ἀριστοτέλους
1191 1937 1326 2009 πρὸς
1380 1933 1549 1994 αὐτὸν
1600 1943 1787 2010 φιλίας

174 2017 329 2077 ἄλλοι
351 2043 410 2077 τε
433 2023 626 2077 πολλοὶ
651 2040 1069 2096 συγγεγραφασι
1100 2022 1192 2077 καὶ
1225 2020 1294 2093 δὴ
1318 2023 1410 2078 καὶ
1428 2020 1788 2091 Ἀπελλικῶν,

174 2095 242 2160 οῦ
279 2118 394 2169 τοῖς
435 2109 671 2175 βιβλίοις
713 2103 742 2162 ὁ
776 2105 1021 2178 ἐντυχών
1061 2103 1402 2162 πεπαύσεται
1442 2109 1789 2207 βλασφημῶν

176 2186 392 2254 αὐτούς.
458 2191 538 2244 14.
572 2190 698 2261 περὶ
741 2189 801 2245 δε
844 2194 941 2245 τοῦ
986 2213 1166 2262 γαμου
1197 2191 1298 2246 τοῦ
1326 2188 1621 2256 Πυθιαδος
1651 2188 1786 2246 ἀπο-

111 2294 152 2326 25
175 2270 431 2347 χρῶντως
472 2270 636 2338 αὐτὸς
669 2276 728 2329 ἐν
758 2287 878 2338 ταῖς
917 2272 1058 2347 πρὸς
1081 2271 1444 2348 Ἀντίπατρον
1476 2277 1788 2342 ἐπιστολαῖς

174 2355 589 2429 ἀπολελόγηται.
632 2359 939 2423 τεθνεῶτος
969 2355 1074 2429 γὰρ
1097 2355 1370 2430 Ἑρμείου,
1403 2356 1495 2415 διὰ
1517 2360 1619 2431 τὴν
1650 2358 1788 2432 πρὸς

176 2444 390 2498 ἐκεῖνον
422 2439 646 2498 εὔνοιαν
686 2446 888 2514 ἔγημεν
929 2439 1132 2515 αὐτὴν,
1174 2439 1352 2509 ἄλλως
1391 2443 1494 2516 μὲν
1521 2441 1784 2516 σώφρονα

174 2527 263 2581 καὶ
310 2523 533 2597 ἀγαθὴν
565 2517 769 2598 οὖσαν,
811 2521 1127 2599 ἀτυχοῦσαν
1156 2528 1344 2598 μέντοι
1376 2525 1468 2584 διὰ
1497 2525 1592 2594 τοὶς
1623 2552 1783 2585 κατα-

173 2607 450 2681 λαβούσας
485 2607 772 2683 συμφορᾶς
802 2607 899 2667 τὸν
929 2607 1176 2684 ἀδελφὸν
1210 2608 1437 2684 αύτῆς.”

109 2715 150 2748 30
294 2698 385 2751 15.
419 2693 555 2752 Εἶθ’
595 2697 716 2766 ἑξῆς
746 2713 882 2767 φησι

294 2773 493 2835 “Μετά
535 2780 595 2836 δὲ
635 2777 737 2850 τὴν
767 2776 1060 2846 Πυθιάδος
1099 2783 1194 2852 τῆς
1228 2778 1481 2854 Ἑρμείου
1520 2777 1783 2849 τελευτὴν

165 2859 537 2936 Ἀριστοτέλης
579 2869 778 2936 ἔγημεν
814 2861 1151 2936 Ἑρπυλλίδα
1197 2873 1573 2938 Σταγειρῖτιν,
1627 2866 1678 2930 ἐξ
1721 2855 1783 2936 ἧς
