2014 3146
591 118 804 160 PRAEP.
826 117 1047 161 EVANG.
1070 118 1151 162 XI.
1174 120 1241 160 24.
1265 119 1332 159 25
1708 115 1777 168 53

168 235 455 310 ἐπάγησαν
495 237 702 310 ἑσπέρα
731 257 791 291 τε
831 237 920 291 καὶ
954 242 1156 309 πρωΐα,
1194 231 1315 291 κατ’
1342 230 1648 307 ἀναγκαῖον
1678 237 1777 291 τοῦ

165 319 369 396 χρόνον
429 322 631 394 μέτρον
698 315 1012 377 ἄπετελεῑτο
1073 318 1246 387 εὐθὺς
1314 315 1345 376 ὃ
1403 321 1495 376 καὶ
1563 317 1775 392 ἡμέραν

165 411 347 472 καλῶς
395 426 571 462 ποιων
624 402 907 461 ἐκάλεσεν
986 406 1078 461 καὶ
1117 399 1328 478 ἡμέραν
1367 403 1490 477 οὐχὶ
1513 401 1775 503 πρωτην,

163 487 302 547 ἀλλὰ
340 494 501 563 μίαν,
553 484 590 561 ἢ
628 490 876 546 λέλεκται
917 486 1010 545 διὰ
1049 487 1151 562 τὴν
1189 491 1290 546 τοῦ
1329 491 1532 561 νοητοῦ
1569 486 1778 561 κόσμου

121 599 140 632 5
163 573 438 648 μόνωσιν,
470 570 779 647 μοναδικὴν
811 579 1029 646 ἔχοντος
1059 571 1249 646 φύσιν.
1344 577 1425 631 12.
1467 571 1495 629 ὁ
1536 573 1638 646 μὲν
1676 573 1779 630 οὐν

164 657 454 732 ἀσώματος
497 655 697 731 κόσμος
737 655 845 730 ἤδη
886 660 1055 730 πέρας
1097 658 1272 731 εἶχεν,
1316 659 1570 732 ἱδρυθεὶς
1604 661 1664 714 ἐν
1703 660 1778 733 τῷ

164 750 305 821 θείςο
346 740 516 819 λόγῳ’
576 739 605 798 ὁ
650 739 702 798 δ’
737 741 1004 815 αἰσθητὸς
1033 740 1170 815 πρὸς
1200 740 1550 815 παράδειγμα
1580 740 1779 798 τούτου

166 831 608 899 ἐτελειογονεϊτο·
659 828 752 883 καὶ
784 829 1006 900 πρῶτον
1037 823 1208 883 αὐτοῦ
1239 830 1352 883 τῶν
1381 829 1595 900 μερῶν,
1626 822 1656 882 ὂ
1687 827 1776 882 καὶ
1801 849 1818 871 e

163 911 392 969 πάντων
430 910 687 985 ἄριστον,
732 913 905 969 ἐποίει
943 908 1042 968 τὸν
1082 908 1325 985 οὐρανὸν
1363 907 1392 967 ὁ
1425 907 1776 984 δημιουργὸς,

99 1022 140 1053 10
162 994 229 1054 ὃν
261 993 473 1070 ἐτύμως
506 997 788 1069 στερέωμα
818 994 1298 1070 προσηγόρευσεν,
1340 992 1434 1052 ἅτε
1464 993 1779 1068 σωματικὸν

160 1079 310 1138 ὄντα.
377 1078 436 1137 τὸ
488 1078 594 1154 γὰρ
646 1083 803 1154 σῶμα
853 1078 1023 1154 φύσει
1071 1079 1324 1155 στερεὸν,
1376 1078 1406 1137 ὅ
1446 1104 1498 1136 τι
1539 1102 1644 1151 περ
1686 1082 1779 1136 καὶ

161 1168 318 1239 τριχῆ
351 1162 660 1222 διαστατόν.
722 1169 948 1238 στερεοῦ
983 1165 1044 1221 δὲ
1074 1167 1168 1222 καὶ
1199 1163 1447 1238 σώματος
1480 1170 1667 1222 ἔννοια
1696 1171 1778 1231 τίς

165 1251 324 1323 ἑτέρα
373 1247 519 1322 πλὴν
554 1246 615 1305 τὸ
646 1247 824 1320 πάντη
861 1248 1170 1321 διεστηκός;
1219 1247 1440 1316 εἰκότως
1481 1241 1584 1306 οὖν
1623 1246 1772 1307 ἄντι-

162 1336 285 1400 θεὶς
325 1337 402 1410 τῷ
441 1336 622 1409 νοητῷ
667 1334 759 1390 καὶ
799 1330 1074 1410 ἀσωμάτῳ
1113 1333 1210 1391 τὸν
1240 1333 1513 1406 αἰσθητὸν
1543 1335 1634 1390 καὶ
1666 1352 1777 1390 σω-

99 1441 140 1475 15
162 1422 444 1492 ματοειδῆ,
476 1421 675 1475 τοῦτον
704 1417 933 1492 στερεὸν
965 1415 1246 1476 ἐκάλεσε.”

297 1504 483 1561 Ταυτα
513 1500 542 1559 ὁ
577 1507 780 1560 Φίλων.
829 1501 1062 1560 συναδει
1095 1503 1155 1559 δε
1186 1501 1336 1560 αὐτω
1367 1504 1459 1559 καὶ
1490 1526 1519 1559 ο
1547 1500 1776 1576 Κλήμης

163 1589 223 1644 ἐν
253 1611 328 1644 τω
361 1589 499 1643 ε’κτω
533 1586 865 1661 Στρωματεῐ
891 1588 1070 1660 λέγων
1102 1588 1211 1644 ωδε

289 1682 433 1732 XXV.
483 1666 749 1745 “Κόσμον
778 1695 837 1729 τε
867 1663 1036 1739 αὖθις
1066 1670 1164 1730 τὸν
1193 1696 1295 1745 μεν
1326 1670 1526 1744 νοητὸν
1556 1671 1710 1728 οἶδεν
1741 1669 1774 1744 ἡ
1801 1683 1822 1714 d

162 1753 443 1830 βαρβαρος
494 1762 827 1829 φιλοσοφία,
878 1756 974 1814 τὸν
1026 1757 1088 1814 δε
1140 1754 1438 1829 αἰσθητόν·
1524 1755 1623 1813 τὸν
1673 1780 1776 1829 μεν

97 1865 138 1897 20
162 1836 502 1914 ἀρχέτυπον,
544 1839 640 1899 τὸν
671 1841 734 1898 δὲ
766 1839 954 1899 εἰκόνα
983 1845 1081 1899 τοῦ
1111 1844 1288 1898 καλοῦ
1315 1845 1771 1916 παραδείγματος.

161 1927 253 1981 καὶ
283 1924 380 1982 τὸν
417 1949 521 1998 μεν
560 1923 861 1999 ἀνατίθησι
899 1925 1128 1999 μονάδι,
1173 1950 1246 1992 ως
1286 1950 1356 1983 αν
1394 1924 1623 1999 νοητὸν,
1677 1924 1774 1983 τὸν

162 2010 223 2066 δε
264 2007 537 2082 αἰσθητὸν
576 2008 752 2078 ἑξαδι
810 2035 982 2084 γαμος
1021 2035 1126 2086 γαρ
1166 2033 1315 2084 παρα
1352 2026 1467 2078 τοις
1505 2021 1774 2083 Πυθαγο-

162 2099 359 2166 ρείοις,
415 2118 488 2162 ως
540 2119 610 2161 αν
660 2093 884 2168 γόνιμος
936 2092 1201 2170 αριθμός,
1254 2091 1288 2167 ἡ
1341 2095 1461 2163 εξὰς
1507 2103 1768 2152 καλειται.

160 2182 209 2235 2.
252 2180 344 2236 καὶ
387 2182 448 2236 ἐν
487 2203 589 2252 μεν
627 2183 694 2254 τῇ
734 2177 936 2253 μοναδι
972 2185 1300 2252 συνίστησιν
1329 2177 1571 2253 οὐρανὸν
1600 2177 1771 2250 αόρα-

98 2286 138 2318 25
159 2286 257 2320 τον
296 2265 388 2320 καὶ
429 2267 535 2336 γῆν
576 2262 744 2336 ἁγίαν
785 2265 878 2320 καὶ
918 2288 1036 2335 φως
1075 2262 1289 2335 νοητόν.
1359 2261 1445 2321 “ἐν
1485 2260 1627 2365 ἀρχῇ
1665 2261 1880 2336 γάρ(549)

162 2346 387 2419 (φησὶν)
425 2350 682 2419 ἐποίησεν
714 2345 742 2403 ὁ
774 2347 906 2414 θεὸς
944 2347 1040 2404 τὸν
1079 2345 1323 2421 οὐρανὸν
1362 2350 1454 2405 και
1492 2346 1595 2420 τὴν
1637 2352 1766 2421 γῆν·

164 2428 194 2502 ἡ
228 2430 290 2486 δε
320 2433 390 2503 γῆ
420 2432 490 2503 ἠν
521 2427 781 2503 ἀόρατος)
831 2427 930 2488 εἶτ’
961 2434 1208 2505 ἐπιφέρει
1232 2428 1346 2489 καὶ
1381 2431 1536 2490 εἶπεν
1565 2431 1593 2489 ὁ
1618 2433 1769 2503 θεὸς,

160 2517 412 2586 γενέσθω
442 2539 580 2588 φως,
612 2517 754 2572 καὶ’
730 2517 945 2588 εγένετο
969 2513 1119 2589 φως.’
1168 2520 1227 2574 ἐν
1259 2518 1320 2574 δε
1343 2521 1410 2591 τῇ
1435 2524 1768 2591 κοσμογονιά

160 2601 228 2672 τῇ
258 2603 499 2674 αἰσθητῇ
531 2599 757 2674 στερεὸν
787 2596 1030 2675 οὐρανὸν
1063 2606 1390 2675 δημιουργεῖ
1401 2617 1410 2627 ·
1457 2600 1518 2658 τό
1552 2602 1612 2658 δὲ
1642 2619 1768 2658 στε-

100 2704 138 2738 30
162 2682 291 2754 ρεὸν
321 2683 618 2756 αἰσθητόν·
675 2687 782 2757 γῆν
810 2708 869 2742 τε
898 2683 1103 2761 ὁρατὴν
1131 2688 1223 2743 καὶ
1254 2690 1372 2759 φῶς
1404 2685 1763 2759 βλεπόμενον.

161 2875 182 2915 f
276 2815 626 2919 186ζί166μον-]
662 2822 873 2864 Clemens
904 2823 976 2864 Al.
1009 2823 1170 2865 ὃτι-,σω
1205 2826 1244 2875 5,
1279 2826 1343 2867 14.
1377 2838 1418 2877 p.
1453 2825 1547 2866 702.
1601 2823 1667 2866 Cf
1700 2823 1766 2861 in-

182 2888 233 2916 ra
262 2889 290 2928 p
426 2890 452 2917 a
