2014 3146
582 131 792 173 PRAEP.
825 130 1046 174 EVANG.
1082 133 1178 172 XV.
1211 133 1253 175 5.
1282 133 1323 172 6.
1659 130 1759 182 351

153 243 440 303 ἀπολιπών
473 250 574 315 ἔξω
603 272 655 303 τι
684 249 784 304 τοῦ
812 245 1048 320 κόσμου,
1080 243 1202 303 ἀλλ’
1236 243 1370 304 οὐδὲ
1399 261 1512 313 τοῖς
1544 249 1633 304 ε’πὶ
1664 250 1762 319 γῆς

154 330 523 404 προσαγαγών
552 329 679 398 τούς
709 331 907 402 θεοὺς,
940 330 1188 403 ἀνάγκην
1220 336 1379 404 ἔσχεν
1408 328 1442 404 ἢ
1473 329 1760 389 παντάπα-

154 434 244 472 σιν
275 413 442 482 ἄθεος
486 415 627 474 εἶναι
668 414 987 489 ὁμολογεῖν,
1038 411 1070 488 ἢ
1111 414 1213 488 τὴν
1251 418 1365 476 τοῦ,
1394 421 1582 474 δοκεῖν
1622 412 1762 473 ἄπο-

153 507 335 557 λιπεῖν
382 498 549 567 θεοὺς
605 498 770 568 δόξαν
813 496 1146 572 ἀνασώζειν,
1201 499 1446 558 ἐνταῦθα
1483 522 1592 558 που
1629 501 1760 566 τούς
1831 506 1834 508 ’

109 607 129 640 5
151 583 321 650 θεοὺς
352 582 656 651 ἀποικίσας.
713 580 741 640 ὁ
776 583 837 640 δε
860 583 961 656 τὴν
983 588 1094 641 τῶν
1118 583 1446 657 κρειττόνων
1469 581 1759 657 ἀκρίβειαν

152 667 626 742 παραιτησάμενος
666 673 732 742 τῇ
772 665 958 744 αμιξία
1009 675 1186 726 ἔοικεν
1238 665 1588 742 εὐσχημόνως
1630 691 1756 726 απι-

152 765 303 810 στειν
334 768 445 819 τοῖς
475 751 668 820 θεοῖς’

285 840 467 895 Ταῦτα
491 834 519 895 ὁ
537 835 774 904 Ἀττικὸς
795 836 930 910 πρὸς
948 833 1327 912 Ἀριστοτέλην
1350 839 1759 910 χρεοκοποῦντα
1778 860 1871 902 (801)

149 919 244 978 τὸν
275 924 400 996 περὶ
431 928 692 995 προνοίας
732 919 912 994 λόγον.
975 917 1004 978 ὁ
1038 918 1091 978 δ’
1135 917 1298 987 αὐτὸς
1338 927 1415 978 ἔτι
1457 923 1549 978 καὶ
1588 923 1759 978 ταῦτα

86 1027 124 1061 10
147 1020 260 1072 τοῖς
293 1009 597 1080 εἰρημένοις
628 1012 991 1079 προστίθησι,
1034 1004 1170 1079 πρὸς
1210 1005 1306 1063 τὸν
1346 1004 1515 1064 αὐτὸν
1545 1001 1758 1063 ἀποτει-

150 1088 378 1163 νόμενος
407 1090 480 1164 μὴ
512 1090 854 1164 βουλόμενον
882 1088 1150 1164 γεννητὸν
1181 1091 1323 1148 εἶναι
1346 1088 1443 1148 τὸν
1473 1088 1698 1163 κόσμον.

276 1187 351 1236 VI.
396 1174 579 1233 Πάλιν
619 1178 870 1242 Μωσέως
911 1174 1178 1248 γεννητὸν
1222 1175 1364 1232 εἶναι
1405 1173 1501 1232 τὸν
1552 1172 1758 1248 κόσμον
1783 1194 1805 1226 b

146 1257 509 1334 ὁρισαμένου,
559 1258 790 1332 ποιητήν
829 1284 888 1318 τε
936 1261 1028 1317 καὶ
1071 1258 1409 1333 δημιουργὸν
1459 1273 1571 1326 τοῖς
1611 1258 1756 1327 ὅλοις
1775 1277 1869 1322 [468]

147 1340 243 1400 τὸν
285 1342 423 1402 θεὸν
477 1343 897 1417 ἐπιστήσαντος,
949 1347 1048 1402 τοῦ
1098 1367 1157 1400 τε
1196 1342 1496 1411 Πλάτωνος
1547 1341 1612 1400 τοὶ
1667 1353 1757 1400 ἴσα

85 1448 124 1481 15
148 1436 357 1486 Μωσεῖ
393 1432 860 1503 φιλοσοφοῦντος,
914 1428 1015 1502 τὴν
1068 1431 1325 1486 ἐναντίαν
1364 1425 1469 1486 κᾶν
1509 1425 1685 1485 τούτω
1727 1424 1755 1485 ὁ

139 1512 510 1587 Ἀριστοτέλης
535 1513 772 1580 ὁδεύσας
798 1511 1151 1592 ἀπελέγχεται
1175 1513 1311 1587 πρὸς
1341 1516 1438 1569 τοῦ
1473 1513 1755 1586 δηλωθέν-

146 1621 235 1664 τος
266 1599 659 1671 συγγραφέως,
695 1599 805 1654 ὠδε
835 1596 970 1671 πρὸς
1002 1601 1148 1672 ῥῆμα
1178 1596 1488 1671 γράφοντος

273 1679 359 1739 2.
363 1678 620 1757 Πρῶτον
664 1680 731 1754 δὴ
771 1685 898 1784 περὶ
950 1685 1216 1755 γενέσεως
1255 1680 1465 1754 κόσμου
1511 1684 1752 1754 σκοπῶν,
1779 1712 1797 1734 c

146 1768 236 1822 καὶ
278 1766 338 1823 τὸ
377 1770 472 1839 τῆς
512 1774 775 1839 προνοίας
814 1766 874 1824 τὸ
915 1768 1054 1840 μέγα
1083 1789 1246 1823 τουτο
1276 1768 1368 1823 καὶ
1401 1766 1756 1837 πολυωφελὲς

81 1871 122 1903 20
148 1849 324 1924 δόγμα
354 1849 532 1909 πάντα
565 1859 744 1925 ζητεῖν
774 1850 1080 1924 ἀναγκαῖον
1109 1849 1439 1924 ἡγούμενος,
1479 1852 1571 1907 καὶ
1603 1859 1753 1922 λογι-

144 1956 379 2008 σαμενος
410 1934 495 1992 ὅτι
524 1959 599 1993 τω
631 1936 704 2010 μὴ
738 1937 1017 2013 γενομένω
1041 1933 1168 1994 οὔτε
1189 1933 1336 2002 τινὸς
1367 1938 1596 2007 ποιητοῦ
1627 1933 1755 1992 οὔτε

143 2018 290 2086 τινός
321 2019 625 2093 κηδεμόνος
665 2020 801 2096 πρὸς
839 2018 899 2077 τό
930 2022 1195 2093 γενέσθαι
1225 2023 1405 2086 καλῶς
1445 2025 1627 2122 χρεία,
1661 2024 1753 2075 ι’να

143 2102 216 2176 μὴ
249 2101 596 2180 ἀποστερήσῃ
638 2105 736 2163 τὸν
773 2103 980 2178 κόσμον
1019 2108 1116 2176 τῆς
1161 2109 1423 2177 προνοίας
1465 2101 1663 2175 ἀφεῖλε
1692 2102 1752 2159 τὸ

142 2187 446 2261 ἀγέννητον
475 2186 661 2246 αυτοῦ.
725 2192 772 2245 3.
806 2187 1226 2262 παραιτούμεθα
1261 2188 1322 2244 δε
1352 2189 1457 2244 νῦν
1485 2210 1559 2259 μη
1593 2189 1752 2259 ἐμπο-

81 2293 122 2324 25
149 2271 263 2329 δων
293 2269 426 2347 ἡμῖν
455 2270 583 2339 τούς
625 2271 731 2330 ἀπὸ
761 2278 856 2346 τῆς
887 2269 1054 2345 αυτῆς
1088 2274 1269 2338 εστίας
1304 2271 1478 2343 εἶναι,
1511 2278 1592 2337 οἱς
1623 2267 1754 2343 αρέ-

145 2375 262 2414 σκει
293 2360 384 2414 καὶ
416 2355 554 2414 κατὰ
583 2355 859 2414 Πλατωνα
887 2356 985 2414 τὸν
1014 2355 1222 2429 κόσμον
1252 2353 1557 2428 ἀγέννητον
1589 2355 1746 2412 εἶναι.

146 2447 349 2499 δίκαιοι
391 2440 495 2515 γάρ
539 2447 679 2499 εἰσιν
719 2439 854 2514 ἡμῖν
894 2440 1230 2514 συγγνώμην
1270 2443 1490 2514 νέμειν,
1535 2445 1586 2497 εἰ
1623 2442 1752 2511 περὶ

144 2530 255 2584 τῶν
281 2524 598 2584 δοκούντων
621 2524 883 2584 Πλάτωνι
906 2524 1238 2599 πιστεύομεν
1261 2521 1343 2592 οἷς
1369 2521 1530 2591 αὐτὸς
1548 2520 1750 2596 Ἕλλην
1778 2545 1798 2576 -ι

145 2607 223 2668 c3v
247 2607 659 2685 πρόςἝλληνας
682 2609 821 2683 ἡμᾶς
846 2623 1017 2683 σαφεῖ
1031 2635 1089 2668 τε
1110 2612 1203 2667 καὶ
1223 2613 1406 2687 τρανςὸ
1431 2612 1507 2686 τῷ
1528 2606 1752 2681 στόματι

82 2714 122 2747 30
147 2699 455 2754 διείλεκται.
529 2700 577 2753 4.
612 2693 952 2769 παραλαβών
989 2693 1127 2769 γὰρ,
1174 2697 1376 2768 φησὶν,
1420 2690 1448 2750 ὁ
1479 2690 1609 2759 θεὸς
1640 2696 1752 2749 πᾶν

259 2892 308 2930 31
343 2883 632 2944 παραλαβών
654 2887 725 2942 -]
756 2888 894 2929 Plato
916 2888 1030 2929 Tim.
1052 2903 1093 2943 p.
1117 2889 1185 2930 30.
