2014 3146
291 129 400 180 210
958 129 1205 171 EUSEBII

427 233 649 306 τάγαθὸν
677 237 859 308 ε’ρωτᾷς
884 237 938 303 μ’
968 234 1077 288 οἷόν
1101 231 1195 289 ἐστ’
1214 261 1226 301 3
1266 234 1417 291 ἄκουε
1444 239 1517 306 δή.

428 309 741 376 τεταγμένον,
765 305 1018 373 δίκαιον,
1003 306 1159 371 όσιον,
1186 304 1399 376 εὐσεβὲς,

427 383 646 444 κρατοῦν
674 380 866 443 ἑαυτοῦ,
897 377 1154 462 χρήσιμον,
1181 377 1351 445 καλὸν,
1380 381 1505 445 δέον,

425 445 686 517 αὐστηρὸν,
713 445 1057 514 αὐθέκαστον,
1063 444 1414 540 ἆεισύμφορον,

426 519 636 604 α’φοβον,
664 520 892 604 ἄλυπον,
900 521 1158 584 λυσιτελὲς,
1185 519 1459 585 ἀνώδυνον,
1941 538 1964 571 5

429 585 693 657 ὠφέλιμον,
721 585 999 658 εὖαρεστον,
1025 588 1254 657 ἀσφαλὲς,
1285 594 1450 656 φίλο-,ν

427 664 639 745 ἔντιμον,
667 658 1082 747 ομολογούμενον,

426 727 636 793 εὐκλεὲς,
664 753 874 798 ατυφον,
903 732 1145 817 ἐπιμελὲς,
1166 735 1340 800 πρᾶον,
1373 727 1609 801 σφοδρὸν,

426 800 793 871 χρονιζόμενον,
821 823 1092 870 αμεμπτον,
1118 799 1195 854 ἆεὶ
1223 803 1470 869 διαμένον.

239 925 260 957 d
282 911 366 964 38.
416 906 444 964 ὁ
478 908 539 965 δὲ
571 907 736 976 αὐτὸς
767 907 904 964 κατὰ
932 905 992 965 τὸ
1025 906 1386 981 σιωπώμενον
1410 906 1511 980 τὴν
1541 911 1653 965 τῶν
1676 911 1898 966 πολλῶν
1920 938 1963 971 10

285 990 605 1064 διαβαλλων
638 998 1068 1065 εἰδωλολατρίαν
1100 995 1348 1066 ἐπιφέρει

423 1079 751 1169 ἆνελευθερος
776 1089 872 1146 πᾶς
893 1082 1023 1145 όστις
1046 1087 1113 1145 εἰς
1141 1083 1290 1146 δόξαν
1309 1087 1493 1152 βλέπει,

428 1177 491 1216 ως
520 1154 579 1221 δὴ
606 1177 704 1221 παρ
755 1156 943 1221 ἐκείνης
968 1153 1254 1221 τευξόμενός
1280 1175 1415 1216 τινος
1441 1158 1610 1209 καλοῦ.

282 1257 489 1317 οὔκουν
528 1266 607 1316 ἐτι
648 1284 786 1316 κατα
824 1258 925 1333 τὴν
965 1265 1077 1317 τῶν
1129 1264 1351 1318 πολλῶν
1404 1259 1571 1328 δόξαν
1622 1262 1749 1335 περὶ
1797 1263 1896 1318 τοῦ

280 1351 446 1402 θείου
475 1342 850 1417 ὑποληπτέον
1915 1366 1960 1399 15

427 1469 490 1475 —
510 1469 565 1475 —
599 1433 714 1489 οὐδὲ
739 1458 833 1520 γαρ
860 1435 1026 1504 λαθρα
1054 1438 1199 1501 δοκῶ,

424 1503 589 1572 φωτὸς
615 1505 899 1598 κακούργου
925 1503 1130 1575 σχήματ’
1163 1505 1541 1574 ἕκμιμούμενον,

424 1579 500 1629 σοὶ
527 1574 672 1643 τήνδ’
703 1579 751 1641 ἐς
777 1574 943 1643 εὐνήν,
969 1576 1127 1645 ω’σπερ
1147 1575 1438 1646 ανθρωπον,
1459 1584 1645 1644 μολεῖν,

168 1678 526 1755 (680)Ἀμφίων
567 1684 713 1755 λέγει
752 1687 818 1758 τῇ
853 1682 1128 1757 Ἀντιόπῃ.
1205 1681 1234 1739 ὁ
1267 1686 1561 1756 Σοφοκλῆς
1593 1684 1653 1740 δε
1686 1679 1891 1758 εὐθυρ-

279 1765 531 1839 ρημόνως
562 1766 764 1841 γράφει
1912 1787 1954 1820 20

419 1853 511 1921 τὴν
536 1861 681 1909 τοῦδε
705 1857 798 1926 γάρ
826 1878 900 1908 τοι
927 1854 1051 1919 Ζευς
1077 1860 1225 1925 ε’γημε
1250 1859 1451 1925 μητέρα,

420 1925 479 1979 οὗ
506 1927 863 2011 χρυσόμορφος,
891 1924 998 1979 οὐδ’
1031 1929 1421 1995 ε’πημφιεσμένος

419 2001 592 2050 πτίλον
618 1995 867 2060 κύκνειον,
894 1994 956 2084 ὦῚς
977 1997 1140 2084 κόρην
1168 2002 1495 2066 Πλευρωνιάν

419 2066 802 2137 ὖπημβρύωσεν,
831 2066 936 2120 οἰλλ7
968 2064 1228 2138 ὁλοσχερὴς
1255 2067 1401 2136 ἀνήρ.

278 2171 395 2230 εἶτα
425 2172 693 2231 ὑπελθών
724 2177 814 2231 καὶ
847 2173 916 2247 δὴ
949 2172 1189 2247 ἐπήγαγε
1908 2207 1951 2240 25

418 2286 565 2350 ταχυς
595 2267 646 2318 δὲ
671 2271 891 2334 βαθμοῖς
917 2273 1189 2333 νυμφικοῖς
1215 2263 1466 2331 ἕπεσταθη

422 2331 447 2385 ὃ
475 2336 657 2402 μοιχός.

278 2434 369 2510 ἐφ’
404 2435 484 2504 οἷς
517 2445 594 2495 ἔτι
625 2439 1016 2514 φανερώτερον
1046 2440 1148 2512 τὴν
1179 2437 1453 2514 ἀκρασίαν
1482 2443 1581 2498 τοῦ
1609 2451 1887 2514 μυθοποι-

276 2523 518 2595 ουμένου
549 2522 685 2590 Διὸς
717 2516 830 2581 ὧδέ
855 2547 970 2591 πως
1005 2528 1337 2598 ἐκδιηγεῖται

161 2619 257 2694 [Βθῖ]
417 2609 442 2664 ὃ
471 2612 515 2663 δ’
548 2612 658 2666 οὔτε
686 2611 848 2676 δαιτὸς
874 2614 985 2668 οὕτε
1010 2618 1234 2684 χέρνιβος
1259 2613 1424 2683 θιγών
1906 2646 1949 2678 30

417 2682 539 2767 πρὸς
567 2686 768 2770 λέκτρον
794 2682 869 2755 ᾔει
897 2689 1108 2751 καρδίαν
1138 2685 1432 2754 ὠδαγμένος,

418 2750 538 2820 όλην
567 2751 608 2804 δ’
640 2757 835 2820 ἐκείνην
847 2754 1112 2861 εὐφρόνην
1139 2756 1394 2824 ε’θόρνυτο.

274 2859 365 2916 39.
439 2861 597 2916 ταυτὶ
647 2861 750 2933 μὲν
800 2851 903 2917 οὖν
954 2868 1242 2936 παρείσθω
1293 2873 1412 2925 ταις
1463 2862 1574 2916 τῶν
1623 2857 1885 2934 θεάτρων
