2014 3146
213 1021 231 1043 C

262 114 364 166 388
931 112 1181 155 EUSEBII

257 230 347 288 51.
380 227 614 301 πότερον
647 228 707 285 δὲ
737 226 940 285 ἀϊδίων
970 225 1150 285 ὄντων
1173 231 1285 285 τῶν
1307 234 1402 301 τῆς
1425 227 1620 302 ἀρετῆς
1650 239 1871 303 θεωρη-

256 314 444 388 μάτων
483 314 577 370 καὶ
618 316 731 370 τῶν
770 310 956 369 ἄλλων
985 315 1098 369 τῶν
1128 316 1344 385 νοητῶν
1383 308 1417 384 ἦ
1450 311 1599 386 ψυχὴ
1632 313 1872 387 ἐφάπτε-

255 422 371 470 ται,
413 394 446 470 ἢ
493 403 710 470 γίνεταί
748 420 823 474 τςο
868 392 901 470 ἡ
947 393 1110 470 ἀρετὴ
1171 399 1264 454 καὶ
1305 396 1514 469 ὠφελεῖ
1557 399 1650 455 καὶ
1703 398 1869 456 πάλιν

258 487 579 556 φθείρεται;
622 479 761 538 ἀλλὰ
798 486 879 547 τίς
920 479 948 538 ὁ
990 484 1165 538 ποιῶν
1205 482 1298 538 καὶ
1337 479 1544 551 πόθεν;
1593 480 1736 540 οὕτω
1767 481 1871 592 γὰρ

259 563 329 622 ἂν
371 569 553 623 ἐκεῖνο
594 563 763 623 πάλιν
801 568 972 638 μένοι.
1030 570 1153 622 -δεῖ
1192 563 1319 639 ἄρα
1348 563 1552 623 ἀϊδίων
1596 565 1738 623 εἶναι
1779 570 1872 624 καὶ
1897 590 1917 623 5

258 650 572 724 μενόντων,
620 647 710 708 οἷα
752 651 846 707 καὶ
886 647 952 707 τά
994 652 1054 707 ἐν
1094 655 1415 725 γεωμετρίᾳ.
1489 656 1540 707 εἰ
1583 650 1642 707 δε
1672 647 1872 708 ἀιδίων

259 737 351 792 καὶ
382 734 693 808 μενόντων,
737 733 803 792 οὐ
846 732 1131 807 σωμάτων.
1206 736 1298 790 καὶ
1342 739 1432 792 δεῖ
1469 731 1575 807 ἄρα
1614 737 1708 792 καὶ
1739 739 1799 792 ἐν
1830 759 1872 792 ω

261 826 444 892 ἔσται,
486 823 736 877 τοιοῦτον
778 818 945 876 εἶναι·
1004 815 1111 890 ἄρα
1142 818 1216 892 μὴ
1250 821 1407 891 σῶμα
1439 819 1596 876 εἶναι.
1671 816 1736 876 οὐ
1767 818 1872 892 γὰρ

259 907 439 977 μένει,
473 900 611 960 ἀλλά
643 907 732 978 ῥεῖ
757 898 791 976 ἡ
824 901 1072 976 σώματος
1104 901 1272 978 φύσις
1303 899 1506 960 ποῖσα.”

389 992 472 1045 52.
500 983 614 1046 “Ει’
651 988 711 1045 δὲ
750 985 845 1054 τὰς
887 990 999 1044 τῶν
1039 985 1310 1060 σωμάτων
1348 986 1594 1059 ποιήσεις
1635 983 1873 1060 ὁρῶντες
1898 1011 1937 1044 10

261 1071 675 1147 θερμαινούσας
717 1074 810 1128 καὶ
859 1069 1143 1144 ψυχούσας
1184 1073 1278 1128 καὶ
1319 1068 1578 1138 ὦθούσας
1627 1073 1719 1128 καὶ
1770 1077 1875 1143 βα-

150 1179 243 1223 [486]
262 1155 541 1229 ρυνούσας
594 1160 840 1213 ἐνταῦθα
900 1154 1158 1213 τάττουσι
1207 1155 1310 1227 τὴν
1369 1153 1583 1229 ψυχὴν,
1641 1152 1762 1212 οἷον
1815 1159 1875 1213 ἐν

217 1686 239 1717 d

262 1247 577 1317 δραστηρίῳ
600 1239 749 1317 τόπῳ
783 1238 1068 1314 ἱδρύοντες
1100 1238 1302 1312 αὐτὴν,
1347 1243 1567 1313 πρῶτον
1589 1239 1692 1312 μὲν
1714 1236 1874 1313 ἀγνο-

262 1328 423 1382 οὖσιν
476 1323 549 1391 ὡς
592 1326 684 1382 καὶ
733 1328 905 1382 ταῦτα
944 1322 1008 1381 τά
1065 1323 1291 1398 σώματα
1331 1322 1601 1398 δυνάμεσι
1649 1338 1768 1391 ταῖς
1816 1327 1875 1381 ἐν

262 1406 449 1475 αὐτοῖς
505 1407 812 1482 ἀσωμάτοις
852 1411 1026 1466 ταῦτα
1068 1407 1366 1482 ἐργάζεται·
1436 1415 1625 1466 ἔπειτα
1673 1406 1756 1465 ὅτι
1806 1409 1873 1466 οὐ
1898 1429 1939 1461 15

261 1492 463 1560 ταύτας
486 1493 580 1560 τὰς
607 1492 872 1567 δυνάμεις
895 1494 1021 1566 περὶ
1053 1492 1238 1567 ψυχὴν
1259 1494 1402 1550 εἶναι
1424 1491 1705 1566 ἀξιοῦμεν,
1737 1485 1875 1550 ἀλλά

262 1578 322 1635 τὸ
361 1592 542 1651 νοειν,
594 1577 655 1635 τὸ
697 1576 1102 1649 αἰσθάνεσθαι,
1155 1584 1500 1649 λογίζεσθαι,
1556 1581 1874 1650 ἐπιθυμεῖν,

264 1666 646 1736 ἐπιμελεισθαι
700 1661 987 1736 ἐμφρόνως
1036 1664 1129 1718 καὶ
1172 1665 1351 1729 καλῶς
1401 1660 1647 1733 ἅπαντα,
1702 1660 1876 1732 άλλην

263 1746 463 1804 οὐσίαν
494 1755 652 1819 ζητει.
713 1750 796 1802 53.
830 1745 926 1813 τὰς
966 1739 1068 1803 οὖν
1110 1744 1373 1819 δυνάμεις
1413 1749 1526 1802 τῶν
1567 1743 1875 1818 ἀσωμάτων

263 1829 733 1904 μεταβιβάσαντες
792 1835 868 1896 εἰς
919 1827 983 1886 τὰ
1037 1827 1263 1902 σώματα
1322 1826 1592 1902 οὐδεμίαν
1645 1832 1873 1896 ἐκείνοις
1898 1849 1938 1881 20

263 1920 706 1972 καταλείπουσιν.
789 1912 872 1970 ὅτι
925 1914 986 1970 δε
1037 1915 1129 1970 καὶ
1179 1937 1244 1970 τα
1301 1911 1526 1986 σώματα
1565 1910 1873 1986 ἀσωμάτοις

265 1997 537 2072 δυνάμεσι
569 1997 800 2055 δύναται
832 2022 866 2053 α
910 1996 1142 2055 δύναται
1188 2001 1247 2055 ἐκ
1283 2001 1462 2055 τωνδε
1495 2001 1680 2070 δῆλον.
1742 1996 1876 2070 ὁμο-

265 2082 563 2155 λογήσουσι
604 2081 706 2157 γὰρ
748 2105 936 2183 ετερον
976 2080 1235 2155 ποιότητα
1275 2084 1367 2139 καὶ
1404 2081 1678 2154 ποσότητα
1711 2081 1872 2153 εἶναι,

264 2171 355 2225 καὶ
387 2170 499 2224 πᾶν
530 2185 686 2240 σωμα
718 2164 891 2224 ποσὸν
922 2166 1084 2239 εἶναι,
1116 2169 1209 2223 καὶ
1240 2173 1319 2223 ἔτι
1348 2190 1413 2224 ου
1445 2170 1557 2224 πᾶν
1587 2170 1744 2240 σῶμα
1774 2188 1877 2223 πο-

265 2250 367 2309 σὸν
402 2251 574 2324 εἶναι,
608 2249 792 2325 ὥσπερ
822 2248 924 2324 τὴν
954 2249 1109 2324 ὕλην.
1175 2253 1346 2307 ταῦτα
1378 2251 1438 2307 δὲ
1475 2247 1874 2324 ὁμολογοῦντες
1897 2270 1938 2302 25

266 2335 367 2407 τὴν
411 2335 671 2408 ποιότητα
732 2331 1170 2408 ὁμολογήσουσιν
1210 2338 1401 2406 ἕτερον
1451 2327 1626 2393 οὖσαν
1679 2337 1874 2406 ποσοῦ,

267 2423 457 2491 ἕτερον
488 2418 735 2493 σώματος
769 2419 925 2477 εἶναι.
998 2423 1082 2477 54.
1117 2423 1231 2485 πῶς
1271 2418 1376 2492 γὰρ
1407 2416 1480 2492 μὴ
1521 2418 1697 2476 ποσὸν
1736 2409 1875 2476 οὖσα

267 2507 424 2576 σῶμα
455 2509 632 2575 ἔσται,
681 2513 833 2577 εἰπερ
865 2509 977 2561 πᾶν
1008 2522 1165 2601 σωμα
1203 2502 1404 2573 ποσόν,
1446 2504 1538 2559 καὶ
1569 2501 1708 2576 μὴν,
1740 2501 1874 2609 ὅπερ

267 2590 360 2644 καὶ
390 2585 505 2645 άνω
537 2610 645 2644 που
679 2590 916 2660 ἐλέγετο,
963 2593 1012 2687 εἰ
1041 2591 1153 2645 πᾶν
1193 2605 1350 2660 σωμα
1389 2585 1744 2660 μεριζόμενον
1783 2588 1874 2642 καὶ

158 2670 427 2744 (833)3712<09
469 2677 575 2738 πᾶς
616 2667 932 2744 ἀφαιρειται
982 2668 1119 2745 ὅπερ
1170 2673 1268 2743 ἠν,
1319 2672 1773 2744 κερματιζομένου
1816 2671 1876 2727 δε
1899 2691 1938 2722 30

267 2761 366 2814 τοῦ
408 2754 656 2829 σώματος
710 2753 796 2828 ἐφ’
843 2753 1053 2812 εκάστω
1094 2756 1247 2829 μέρει
1277 2780 1310 2828 η
1343 2751 1479 2828 αυτὴ
1524 2753 1623 2827 ὅλη
1654 2753 1874 2827 ποιότης

268 2842 446 2914 μένει,
493 2836 613 2899 οἷον
642 2864 676 2913 η
706 2837 978 2911 γλυκύτης
1009 2835 1042 2911 ἡ
1074 2864 1172 2897 του
1207 2841 1422 2912 μέλιτος
1458 2836 1627 2895 οὐδεν
1652 2844 1874 2896 ἔλαττον
