2014 3146
617 100 828 141 PRAEP.
861 99 1079 141 EVANG.
1120 100 1214 140 xv.
1249 101 1314 140 13.
1667 97 1771 149 369

155 216 360 275 ταυτὸν
391 216 489 290 δὴ,
535 214 600 272 τὰ
644 219 743 272 τοῦ
788 219 927 272 θεοῦ
972 214 1219 288 νοήματα
1263 213 1614 289 πρεσβύτερα
1659 219 1771 273 τῶν

158 299 524 375 πραγμάτων,
556 299 621 357 τά
654 303 766 358 τῶν
795 301 1111 373 γενομένων
1142 303 1588 373 παραδείγματα,
1621 296 1771 357 ‹io-05-

157 409 300 458 ματα
331 387 423 442 καὶ
463 382 658 457 νοητά,
701 383 838 441 κατὰ
879 383 945 441 τά
987 381 1124 442 αὐτὰ
1156 385 1243 440 καὶ
1280 382 1545 451 ὡσαύτως
1577 390 1770 458 ἔχοντα

157 468 270 543 ἀεὶ,
314 468 548 543 μάλιστα
591 470 694 541 μὲν
724 470 814 525 καὶ
849 466 1077 540 πρώτως
1119 466 1258 525 αὐτοὶ
1300 466 1460 540 ὄντα,
1508 474 1769 541 παραίτια

111 578 134 611 5
162 556 221 612 δε
252 556 344 611 καὶ
384 567 499 620 τοῖς
530 551 715 618 ἄλλοις
746 557 843 610 τοῦ
875 552 1017 609 εἶναι
1058 555 1284 610 τοιαῦτα
1315 555 1514 609 ἕκαστα
1545 550 1635 610 οἷά
1665 576 1767 628 περ
1795 576 1879 615 (816)

157 641 292 712 ἐστὶ,
324 663 461 695 κατα
490 636 592 711 τὴν
623 637 758 711 πρὸς
783 635 922 694 αὐτά
944 635 1253 710 ὁμοιότητα,
1286 635 1535 694 συνιδων
1564 633 1592 694 ὅ
1613 638 1767 696 Πλά-

154 748 269 781 των
298 721 432 780 ὄντα
463 747 529 780 ου
560 726 733 798 ῥᾷστα
763 718 1043 795 ὀφθῆναι,
1085 745 1151 778 ου
1183 719 1294 794 μῆν
1324 720 1455 778 οὐδὲ
1496 721 1640 822 λόγῳ
1674 742 1766 778 σα-

155 832 275 880 φως
309 811 635 880 δηλωθῆναι
668 804 971 879 δυνάμενα,
1005 802 1172 871 αὐτὸς
1197 830 1270 871 ως
1294 803 1413 862 οἷόν
1437 830 1494 863 τε
1525 798 1595 879 ἦν
1625 803 1765 875 ὑπὲρ

158 890 344 950 αὐτῶν
387 898 566 948 εἰπεῖν
605 893 696 947 καὶ
737 892 1014 963 φρονῆσαι
1058 892 1148 945 καὶ
1179 889 1599 961 παρασκευάσαι
1639 890 1767 956 τοὺς

94 1000 133 1031 10
156 979 453 1051 μέλλοντας
487 972 960 1046 ἐπακολουθήσειν
990 972 1551 1048 πραγματευσάμενος
1575 978 1764 1048 ταῦτα,

156 1063 248 1118 καὶ
280 1059 382 1134 τὴν
411 1058 709 1133 σύμπασαν
749 1057 924 1116 αὑτοῦ
951 1066 1290 1132 φιλοσοφίαν
1322 1065 1399 1124 είς
1438 1062 1598 1116 τοῦτο
1630 1078 1769 1116 συν-

155 1144 487 1218 ταξάμενος,
528 1146 654 1219 περὶ
694 1141 867 1200 ταῦτά
898 1162 1034 1242 φησι
1066 1145 1155 1200 καὶ
1196 1142 1296 1215 τὴν
1328 1141 1542 1200 τούτων
1572 1142 1768 1216 νόησιν

155 1231 246 1286 καὶ
271 1228 372 1302 τὴν
398 1235 607 1303 σοφίαν
631 1227 774 1286 εἶναι
799 1229 890 1285 καὶ
914 1225 1016 1299 τὴν
1039 1225 1362 1300 ἐπιστήμην,
1398 1224 1476 1284 δι’
1501 1220 1566 1299 ῆς
1589 1226 1700 1285 τὸ
1672 1253 1765 1284 αν-

153 1312 446 1388 θρώπινον
471 1315 624 1380 τέλος
648 1315 739 1370 καὶ
763 1311 796 1385 ἡ
827 1311 1133 1386 μακαριστῆ
1166 1309 1323 1384 βιοτὴ
1355 1312 1744 1384 παραγίνεται.
1752 1310 1812 1368 ἰ)

91 1423 131 1455 15
282 1403 329 1457 6.
373 1404 624 1457 Τοσαῦτα
655 1396 684 1454 ὁ
712 1394 963 1464 Ἀττικός.
1019 1399 1204 1470 παρῆν
1238 1396 1299 1452 δε
1323 1397 1411 1452 καὶ
1444 1396 1656 1454 τούτων
1689 1404 1766 1454 ε”τι

154 1488 326 1540 πλείω
374 1485 432 1539 ἐκ
476 1489 571 1554 τῆς
618 1487 968 1555 δηλωθείσης
1013 1483 1372 1555 παραθέσθαι
1418 1485 1516 1537 τοῦ
1561 1477 1766 1555 ἀνδρὸς

154 1571 369 1642 γραφῆς
386 1583 396 1592 ·
432 1565 577 1640 πλὴν
600 1563 739 1622 ἀλλὰ
755 1579 868 1633 τοῖς
893 1569 1199 1623 ἐκτεθεῖσιν
1222 1563 1589 1639 ἀρκεσθέντες
1605 1589 1763 1638 μετα-

153 1650 443 1724 βησόμεθα
475 1653 566 1708 καὶ
599 1653 688 1708 ἐπὶ
717 1650 818 1722 τὴν
850 1657 961 1708 τῶν
985 1654 1255 1708 Στωϊκῶν
1279 1655 1507 1720 αἵρεσιν.
1562 1655 1606 1708 7.
1643 1660 1765 1708 Σω-

154 1735 390 1809 κράτους
420 1742 614 1793 τοίνυν
644 1732 915 1806 ἀκουστὴς
963 1735 1178 1806 ἐγένετο
1206 1731 1581 1807 Ἀντισθένης,
1606 1730 1764 1805 Ἡρα-

89 1843 131 1876 20
155 1819 449 1885 κλεωτικός
480 1844 559 1886 τις
590 1815 732 1894 άνὴρ
762 1819 821 1876 τὸ
852 1818 1138 1894 φρόνημα,
1171 1815 1230 1885 ὃς
1262 1824 1366 1892 ἔφη
1397 1825 1495 1875 τοῦ
1526 1815 1764 1891 ἥδεσθαι

153 1902 212 1961 τό
252 1910 554 1978 μαίνεσθαι
596 1919 846 1976 κρεῖττον
891 1904 1057 1961 εἶναι·
1116 1904 1202 1961 διὸ
1244 1905 1336 1960 καὶ
1376 1902 1611 1978 παρῄνει
1651 1918 1765 1970 τοῖς

153 1995 450 2062 γνωρίμοις
473 1991 748 2062 μηδέποτε
771 1986 932 2062 χάριν
955 1987 1161 2061 ἡδονῆς
1181 1986 1456 2045 δάκτυλον
1482 1992 1761 2046 ἐκτείνειν.
1789 2021 1807 2042 0

154 2078 200 2129 8.
234 2071 432 2129 τούτου
473 2074 533 2129 δὲ
574 2071 846 2145 ἀκουστὴς
886 2074 1078 2144 γέγονε
1110 2074 1382 2143 Διογένης
1422 2070 1448 2128 ὁ
1491 2070 1671 2143 κύων,
1705 2068 1763 2138 ὃς

154 2158 246 2212 καὶ
279 2153 445 2223 αὐτὸς
475 2157 895 2229 θηριωδέστατα
918 2169 1152 2229 φρονεῖν
1178 2155 1338 2223 δόξας
1363 2154 1598 2221 πολλοὺς
1631 2159 1765 2227 ἐπη-
1783 2177 1875 2220 [477]

88 2264 130 2296 25
154 2239 366 2313 γάγετο.
427 2246 625 2297 τοῦτον
649 2238 867 2313 Κράτης
895 2243 1198 2307 διεδέξατο·
1246 2238 1532 2312 Κράτητος
1557 2240 1619 2296 δὲ
1652 2243 1762 2312 ἐγέ-

153 2349 277 2382 νετο
291 2323 488 2397 Ζήνων
511 2323 539 2380 ὁ
566 2322 806 2396 Κιτιεύς,
839 2322 867 2380 ὁ
892 2326 986 2396 τῆς
1009 2328 1121 2381 τῶν
1145 2329 1414 2382 Στωϊκῶν
1438 2322 1763 2396 φιλοσόφων

155 2411 418 2483 αἱρέσεως
449 2405 718 2475 καταστάς
749 2405 998 2483 ἀρχηγός.
1048 2414 1094 2465 9.
1122 2407 1356 2480 Ζήνωνα
1383 2409 1442 2465 δὲ
1465 2408 1763 2481 Κλεάνθης

153 2495 452 2565 διεδέξατο,
471 2491 774 2564 Κλεάνθην
798 2493 860 2550 δὲ
882 2491 1224 2567 Χρύσιππος,
1257 2494 1452 2550 τοῦτον
1479 2494 1538 2550 δὲ
1564 2491 1764 2565 Ζήνων

153 2573 182 2635 ὅ
215 2581 396 2649 ἕτερος
446 2579 537 2633 καὶ
582 2580 639 2633 oc
664 2579 916 2651 καθεξῆς.
988 2579 1241 2650 λέγονται
1274 2575 1326 2634 δ’
1363 2569 1515 2635 οὗτοι
1561 2577 1762 2644 πάντες

88 2685 132 2716 30
158 2660 533 2734 διαφερόντως
574 2663 664 2717 καὶ
706 2666 834 2732 βίου
865 2666 1098 2736 στερροῦ
1133 2664 1224 2718 καὶ
1266 2667 1610 2733 διαλεκτικῆς
1644 2665 1763 2717 ἐπι-

155 2749 482 2819 μεληθῆναι.
563 2744 629 2802 τά
671 2749 738 2817 γέ
772 2770 854 2803 τοι
897 2750 991 2818 τῆς
1033 2743 1154 2803 κατ’
1189 2744 1390 2813 αὐτούς
1431 2752 1761 2820 φιλοσοφίας

158 2828 402 2903 δόγματα
433 2821 547 2887 οἶδέ
574 2854 688 2896 πως
722 2835 830 2903 ἔχει

242 2939 471 2967 EUSEBIUS
506 2939 559 2968 ῘΪ.
1443 2924 1518 2974 24:
