2014 3146
585 133 801 177 PRAEP.
833 134 1054 177 EVANG.
1087 135 1213 179 XIV.
1238 137 1306 178 23.
1647 133 1746 185 321

268 262 439 312 XXIII.
467 247 753 326 “Πο’τερον
777 254 838 308 ἕν
862 255 975 308 ἐστι
999 251 1244 324 συναφὲς
1267 250 1326 308 τὸ
1351 253 1481 322 πᾶν,
1515 246 1587 317 ὥς
1617 249 1751 324 ἡμῖν
1772 274 1793 305 d

141 360 200 393 τε
231 338 322 393 καὶ
351 349 464 402 τοῖς
495 334 832 409 σοφωτάτοις
849 331 1128 408 Ἑλλήνων
1150 334 1412 393 Πλάτωνι
1436 337 1528 392 καὶ
1552 345 1750 393 Πυθα-

143 419 281 496 γόρα
323 421 416 476 καὶ
456 434 569 486 τοῖς
610 417 715 477 ἀπὸ
755 426 852 492 τῆς
883 423 1043 487 στοάς
1074 422 1167 476 καὶ
1191 417 1525 497 “Ηρακλείτω
1557 427 1750 493 φαίνε-

141 529 249 577 ται,
282 500 315 577 ἢ
349 502 479 576 δύο,
522 503 594 570 ὥς
635 513 767 571 ἴσως
797 528 876 570 τις
906 500 1213 577 ὑπέλαβεν,
1258 501 1290 578 ἢ
1331 507 1423 561 καὶ
1453 503 1628 562 πολλοὶ
1659 509 1750 562 καὶ

98 614 118 646 5
141 588 369 662 ἄπειρα,
412 585 483 656 ὥς
514 607 660 646 τισιν
690 587 874 655 ἀλλοις
906 591 1120 661 ἔδοξεν,
1163 595 1218 646 οἳ
1245 596 1472 656 πολλαῖς
1501 592 1594 662 τῆς
1630 594 1751 646 δια-

140 681 295 740 νοίας
327 688 676 746 παραφοραῑς
708 675 799 729 καὶ
829 678 1101 739 ποικίλαις
1133 688 1440 748 προφοραῖς
1465 671 1751 746 ὀνομάτων

139 756 241 830 τὴν
278 761 390 815 τῶν
428 756 576 815 ὅλων
619 761 979 830 ἐπεχείρησαν
1018 764 1501 830 κατακερματίζειν
1531 756 1749 830 οὐσίαν,

139 840 372 914 ἀπειρόν
411 866 468 899 τε
499 844 590 898 καὶ
619 838 923 913 ἀγέννητον
953 843 1043 897 καὶ
1081 839 1426 914 ἀπρονόητον
1455 840 1751 900 ὑποτίθεν-
1772 869 1863 908 (773)

139 950 254 996 ταις
343 933 391 982 2.
439 929 496 983 οἱ
519 925 622 999 μὲν
653 925 756 999 γὰρ
788 924 1024 998 ἀτόμους
1055 925 1445 999 προσειπόντες
1490 924 1751 999 ἀφθαρτά

75 1034 116 1066 10
140 1035 263 1068 τινα
303 1012 395 1067 καὶ
434 1008 766 1083 σμικρότατα
807 1008 1031 1083 στόματα
1069 1013 1282 1082 πλῆθος
1313 1009 1625 1084 ἀνάριθμα,
1658 1017 1757 1067 καί

139 1121 190 1152 τι
220 1101 424 1169 χωρίον
455 1092 618 1152 κενὸν
646 1096 881 1168 μέγεθος
912 1092 1302 1168 ἀπεριόριστον
1327 1093 1751 1169 προβαλόμενοι,

138 1178 340 1246 ταύτας
382 1177 452 1251 δή
491 1197 629 1252 φασι
670 1178 762 1246 τὰς
803 1177 1038 1252 ἀτόμους
1082 1177 1154 1245 ὡς
1186 1185 1379 1252 ἔτυχεν
1412 1182 1470 1236 ἐν
1501 1184 1575 1256 τῷ
1608 1184 1751 1256 κενῷ

139 1266 449 1337 φερομένας
482 1261 800 1337 αὐτομάτως
831 1286 890 1320 τε
922 1261 1340 1336 συμπιπτούσας
1371 1262 1633 1336 ἀλλήλαις
1661 1262 1752 1321 διά

140 1346 323 1423 ρ’ύμην
363 1347 600 1405 ἄτακτον
638 1350 731 1405 καὶ
773 1351 1226 1421 συμπλεκομένας
1258 1346 1349 1404 διὰ
1379 1348 1439 1404 τὸ
1470 1347 1754 1422 πολυσχή-
1810 1342 1817 1349 ’

77 1454 118 1487 15
140 1457 311 1506 μονας
342 1430 511 1499 οὔσας
541 1430 796 1505 ἀλλήλων
823 1430 1318 1504 ἐπιλαμβάνεσθαι,
1358 1435 1450 1489 καὶ
1481 1430 1624 1490 οὕτω
1656 1431 1753 1490 τόν

139 1541 197 1574 τε
228 1515 436 1618 κόσμον
466 1518 556 1574 καὶ
588 1515 654 1573 τοὶ
688 1519 746 1574 ἐν
786 1513 962 1592 αὐτῷ,
994 1520 1204 1589 μᾶλλον
1237 1517 1298 1573 δὲ
1329 1515 1567 1590 κόσμους
1599 1516 1753 1575 ἀπεί-

141 1625 271 1674 ρους
311 1598 614 1659 ἆποτελεῖν.
705 1605 751 1657 3.
821 1599 1021 1672 ταύτης
1067 1602 1126 1658 δε
1166 1606 1262 1673 τῆς
1305 1600 1464 1674 δόξης
1498 1600 1753 1659 Ἐπίκου-

141 1710 233 1758 ρος
286 1684 548 1758 γεγόνασι
599 1686 691 1742 καὶ
744 1683 1115 1758 Δημόκριτος
1196 1689 1462 1744 τοσοῦτον
1522 1687 1584 1742 δε
1637 1692 1751 1744 διε-
1773 1713 1862 1754 [452]

139 1768 409 1842 φώνησαν
467 1767 600 1827 όσον
661 1766 689 1826 ὁ
751 1794 855 1843 μεν
915 1773 1199 1842 ἐλαχίστας
1259 1768 1437 1837 πάσας
1507 1773 1598 1827 καὶ
1662 1768 1752 1827 διὰ
1780 1800 1799 1830 1

77 1876 118 1908 20
141 1859 302 1911 τοῦτο
343 1853 899 1927 ἀνεπαισθήτους,ο
871 1854 1010 1911 οδε
1051 1856 1144 1911 καὶ
1184 1861 1444 1927 μεγίστας
1489 1854 1638 1912 εἷναί
1671 1880 1754 1912 τι-

140 1962 240 2004 νας
279 1935 515 2011 ἀτόμους
557 1934 585 1995 ὁ
629 1937 973 2012 Δημόκριτος
1023 1935 1317 2011 ὑπέλαβεν.
1395 1937 1632 2012 ἀτόμους
1693 1941 1753 1996 δὲ

143 2022 290 2079 εἷναί
325 2040 499 2095 φασιν
543 2021 843 2096 ἀμφότεροι
895 2025 986 2079 καὶ
1037 2025 1298 2095 λέγεσθαι
1340 2022 1431 2080 διὰ
1474 2022 1576 2096 τὴν
1616 2022 1752 2081 ἅλυ-

141 2129 238 2163 τον
276 2105 619 2180 στερρότητα.
709 2111 757 2164 4.
827 2111 884 2163 οἱ
921 2108 982 2163 δὲ
1029 2107 1123 2173 τὰς
1163 2105 1398 2178 ἀτόμους
1449 2107 1754 2181 μετονομά-

142 2208 336 2256 σαντες
367 2187 542 2264 ἀμερῆ
570 2208 744 2263 φασιν
776 2190 919 2247 εἶναι
949 2189 1200 2263 σώματα,
1233 2194 1332 2248 τοῦ
1362 2189 1564 2258 παντὸς
1594 2195 1751 2265 μέρη,

78 2297 119 2329 25
146 2277 196 2342 ἐξ
239 2266 317 2330 ὦν
367 2273 698 2348 ἀδιαιρέτων
739 2272 919 2331 ὄντων
960 2281 1284 2332 συντίθεται
1323 2276 1389 2331 τὰ
1441 2275 1620 2333 πάντα
1659 2278 1751 2332 καὶ

145 2364 222 2423 εἰς
253 2355 287 2414 ἂ
320 2357 617 2416 διαλύεται.
695 2360 786 2414 καὶ
827 2356 1038 2415 τούτων
1069 2361 1206 2431 φασὶ
1236 2363 1347 2416 τῶν
1379 2356 1600 2433 ἀμερῶν
1629 2359 1751 2418 ὀνο-

141 2442 441 2515 ματοποιὸν
483 2442 776 2517 Διόδωρον
816 2445 1126 2515 γεγονέναι
1186 2441 1359 2516 ὄνομα
1413 2445 1501 2517 δε,
1556 2447 1749 2517 φασὶν,

142 2525 327 2594 αὐτοῖς
369 2524 500 2583 ἀλλο
536 2522 893 2599 Ἡρακλείδης
932 2528 1167 2600 θεμενος
1220 2527 1479 2585 ἐκάλεσεν
1531 2527 1748 2601 ὄγκους,

143 2609 272 2684 παρ’
310 2603 377 2667 οὗ
407 2613 498 2667 καὶ
523 2609 925 2684 Ἀσκληπιάδης
966 2610 993 2667 ὁ
1041 2611 1223 2686 ἰατρὸς
1257 2612 1660 2687 ἐκληρονόμησε
1690 2614 1748 2670 τὸ
1783 2647 1798 2668 0

80 2717 120 2748 30
143 2691 366 2767 όνομα.”

279 2777 447 2835 Ταῦτ’
483 2777 654 2836 εἰπών
684 2781 804 2852 ἑξῆς
828 2778 1187 2849 ἀνασκευάζει
1209 2779 1272 2837 τὸ
1300 2779 1476 2854 δόγμα
1502 2780 1592 2838 διὰ
1616 2789 1749 2838 πολ-

146 2866 277 2934 λῶν,
309 2860 445 2937 ἀτάρ
477 2866 568 2920 καὶ
602 2862 692 2920 διὰ
721 2861 932 2921 τούτων

244 2970 473 2999 ΕυεΕΒιυε
507 2971 560 3001 11.
1437 2957 1502 3008 21
