2014 3146
277 106 378 157 122
952 106 1199 147 EUSEBII

262 220 379 296 “μὴ
411 228 716 279 πεποίθατε
757 220 840 277 ἐπ’
888 219 1184 295 ἄρχοντας,
1229 217 1319 294 ἐφ’
1350 219 1508 323 υέοὐς
1538 218 1880 296 ἀνθρώπων,

274 304 357 373 οἷς
388 305 489 363 οὐκ
522 312 635 362 ἔστι
666 311 924 378 σωτηρία.
976 302 1315 372 ἐξελεύσεται
1349 303 1408 362 τὸ
1440 308 1658 379 πνεῦμα
1687 303 1877 371 αὐτοῦ,

276 392 364 447 καὶ
417 387 777 447 απελεύσεται
829 395 906 455 εἰς
953 388 1056 461 τὴν
1095 391 1202 462 γῆν
1241 386 1437 446 αὐτοῦ·
1491 393 1550 446 ἐν
1592 392 1774 463 ἐκείνῃ
1813 395 1880 464 τῇ

275 473 451 549 ἡμέρα
481 470 818 531 ἀπολοῦνται
848 471 1049 539 πάντες
1080 477 1137 530 οἱ
1164 475 1508 547 διαλογισμοὶ
1541 471 1746 532 αὐτοῦ)

224 581 250 614 <1
401 569 568 618 XXXI
606 554 973 632 “Νομοθέτης
1005 558 1066 615 δὲ
1096 581 1162 615 ου
1192 582 1243 614 τι
1276 559 1367 615 καὶ
1399 555 1631 632 σμικρὸν
1660 547 1923 631 ὅφελος,5

275 649 326 700 ει’
347 645 440 700 καὶ
462 641 536 716 μὴ
558 646 717 700 τοῦτο
749 634 820 714 ἦν
850 640 1027 709 οὕτως
1051 648 1196 716 ἔχον,
1230 666 1301 708 ως
1324 645 1416 700 καὶ
1435 667 1542 700 νυν
1563 640 1695 700 αὐτὸ
1716 640 1878 718 ᾕρηχ’

273 726 302 784 ὁ
334 726 494 799 λόγος
535 733 709 800 ἐχειν,
754 736 907 801 εἴπερ
949 751 1001 784 τι
1043 729 1134 784 καὶ
1178 725 1310 785 ἄλλο
1355 725 1652 801 ἐτόλμησεν
1691 724 1762 785 ἂν
1794 725 1876 784 ἐπ’

273 811 473 888 ἀγαθῷ
502 810 814 879 ψεύδεσθαι
845 811 981 886 πρὸς
1000 809 1129 878 τούς
1151 815 1331 884 νέους,
1365 817 1514 869 ἔστιν
1543 809 1575 869 o'
1603 836 1656 869 τι
1685 811 1883 870 τούτου

275 899 480 964 ψεῦδος
513 898 964 970 λυσιτελέστερον
993 891 1064 953 ἂν
1097 894 1370 964 ἐψεύσατό
1400 919 1533 954 ποτε
1573 899 1666 954 καὶ
1707 895 1883 955 δυνά-

274 1004 445 1054 μενον
483 985 693 1054 μᾶλλον
733 996 916 1039 ποιεῖν
955 978 1029 1054 μὴ
1070 986 1193 1057 βία,
1235 977 1357 1038 ἀλλ’
1401 980 1625 1048 ἑκόντας
1668 980 1878 1048 πάντας
1903 1006 1943 1039 10

276 1063 457 1123 πάντα
487 1065 552 1122 τὰ
587 1070 800 1136 δικαια;

401 1150 592 1208 Καλὸν
619 1148 772 1223 μενὴ
795 1147 1050 1223 ἀλήθεια,
1085 1141 1129 1206 ὦ
1151 1152 1291 1221 ξένε,
1324 1152 1416 1207 καὶ
1446 1148 1704 1224 μόνιμον·
1739 1157 1882 1208 ἔοικε

273 1232 383 1307 μὴν
414 1232 481 1291 οὐ
513 1233 710 1310 ῥᾴδιον
742 1234 885 1292 εἶναι
915 1231 1190 1292 πείθειν·.”

399 1323 448 1376 2.
484 1325 682 1390 Μυρία
707 1316 760 1376 δ’
778 1315 848 1376 ἂν
871 1318 1050 1392 εὕροις
1062 1307 1286 1376 τοιαῦτα
1303 1321 1394 1376 καὶ
1410 1322 1469 1377 ἐν
1484 1332 1602 1386 ταῖς
1606 1317 1882 1393 Εβραίων

156 1424 247 1465 (608)
238 1417 541 1477 )γραφαῖς,
584 1402 656 1470 ὡς
687 1400 757 1461 οὶν
787 1407 913 1475 περὶ
943 1407 1084 1461 θεοῦ
1114 1410 1437 1477 ζηλοῦντος,
1478 1401 1511 1476 ἢ
1550 1402 1880 1476 ὑπνοῦντος,
1905 1426 1945 1459 15

273 1484 306 1561 ἢ
337 1486 722 1562 ὀργιζομενου,
767 1486 803 1560 ἥ
832 1509 978 1546 τισιν
1007 1487 1192 1555 ἄλλοις
1223 1487 1737 1562 ἀνθρωποπαθέσιν
1769 1491 1883 1546 ε’νε-

273 1574 509 1648 χομένου
543 1570 624 1630 ἐπ’
663 1571 905 1650 ωφελεία
935 1577 1047 1631 τῶν
1080 1577 1358 1647 δεομένων
1388 1577 1486 1631 τοῦ
1516 1576 1734 1631 τοιοῦδε
1762 1571 1883 1647 τρό-

274 1681 384 1716 που
417 1659 847 1760 παρειλημμένα.

228 1761 252 1792 b
405 1753 594 1802 XXXII
647 1734 785 1815 εἎρ’
833 1743 935 1799 οὐν
972 1738 1107 1815 ἡμῖν
1136 1766 1202 1799 τα
1232 1765 1294 1814 γε
1326 1748 1645 1815 ἔμπροσθεν
1683 1739 1882 1814 ὁμολο-

274 1841 477 1899 γεῖται;
1903 1849 1944 1882 20

411 1912 523 1969 Τοῦ
557 1912 711 1983 πέρι;

410 1993 481 2052 Τὸ
516 1998 636 2051 δεῖν
666 1992 845 2051 πάντα
876 1991 1055 2066 ἄνδρα
1086 1995 1178 2050 καὶ
1210 1999 1415 2066 παῖδα,
1460 1992 1760 2068 ἐλεύθερον
1790 1996 1883 2050 καὶ

277 2082 497 2151 δοῦλον,
530 2076 715 2150 θῆλύν
745 2100 804 2135 τε
835 2080 923 2135 καὶ
956 2075 1182 2152 ἄρρενα,
1214 2080 1305 2135 καὶ
1335 2077 1435 2153 ὅλῃ
1458 2082 1523 2152 τῇ
1555 2077 1714 2135 πόλει
1745 2075 1881 2150 ὅλην

156 2192 250 2234 1357]
273 2163 373 2237 τὴν
403 2162 566 2221 πόλιν
597 2160 772 2235 αὐτὴν
805 2164 976 2236 ἑαυτῇ
1000 2161 1318 2238 ἐπᾴδουσαν
1340 2161 1413 2236 μὴ
1437 2161 1727 2220 παύεσθαί
1751 2184 1883 2219 ποτε

233 2282 250 2304 c
274 2251 444 2305 ταῦτα
474 2244 509 2304 α’
553 2245 990 2320 διεληλύθαμεν,
1037 2244 1378 2321 ἀμωσγέπως
1419 2244 1505 2304 ἀεὶ
1544 2245 1878 2321 μεταβαλλό-
1903 2269 1945 2301 25

273 2354 413 2405 μενα
444 2334 535 2388 καὶ
567 2331 783 2397 πάντως
813 2329 1160 2406 παρεχόμενα
1190 2338 1497 2404 ποικιλίαν,
1539 2329 1667 2388 ὥστ’
1703 2329 1883 2404 ἀπλη-

273 2421 435 2472 στίαν
467 2416 616 2473 εἷναί
639 2440 763 2474 τινα
792 2419 904 2473 τῶν
932 2414 1127 2489 ν’μνων
1156 2431 1271 2482 τοῖς
1309 2415 1509 2474 αδουσι
1539 2418 1631 2473 καὶ
1653 2413 1878 2489 ἡδονήν.

401 2505 531 2564 Πῶς
565 2496 619 2555 δ
663 2497 766 2556 οὐκ
807 2497 875 2556 ἂν
906 2498 1216 2573 ὁμολογοῖτ’
1258 2495 1328 2559 ‹321›
1369 2506 1490 2558 δεῖν
1530 2503 1703 2557 ταῦτα
1733 2496 1878 2556 οὕτω

271 2578 645 2659 πραττεσθαι·
632 2629 646 2653 ,
658 2580 686 2601 ”

388 2793 413 2832 5
447 2786 734 2844 Νομοθέτης
757 2788 829 2842 -]
860 2790 992 2832 Plato
1015 2791 1128 2844 Leg.
1153 2793 1176 2830 2
1198 2805 1239 2843 p.
1265 2791 1358 2831 663.

363 2863 413 2901 19
436 2849 528 2914 Ἆρ’
554 2849 640 2902 οὖν
661 2858 733 2915 -]
769 2861 902 2901 Plato
926 2861 1036 2914 Leg.
1060 2863 1084 2901 2
1107 2875 1149 2914 p.
1173 2861 1267 2903 665.
