2014 3146
587 133 799 173 PRAEP.
831 130 1051 174 EVANG.
1086 131 1213 174 XIII.
1248 132 1404 173 16.17.
1713 130 1818 183 235

209 246 544 314 διαστάσεως
585 245 771 304 αὐτῶν
810 248 1138 320 γιγνομένης
1189 244 1572 319 ἀφανισθῆναι
1623 244 1865 320 αὐτὴν,ᾱ

209 333 282 399 ὡς
311 332 413 404 τὴν
443 336 542 390 τοῦ
571 335 741 404 μέσου
773 329 1057 404 χρώματος
1089 329 1384 403 σύστασιν,
1429 334 1516 389 ἐπὶ
1546 330 1612 388 τά
1642 338 1819 389 οἰκεῖα

207 416 440 474 ἑκάστου
474 419 526 484 ἐξ
560 417 638 473 ων
669 418 910 488 συνέστη
944 418 1002 472 ἐν
1031 413 1211 492 χρόνῳ
1236 413 1403 488 φύσει
1432 419 1816 491 χωριζομένου.

210 508 262 558 εἰ
291 502 352 558 δὲ
392 504 580 572 τοῦτο,
622 498 883 575 φθαρτὴν
914 498 1344 573 ἀποφανοῦμεν,
1377 498 1501 557 ἀλλ’
1545 497 1649 558 οὐκ
1679 498 1818 558 ἀθά-

133 610 161 644 5
208 610 375 643 νατον
397 583 498 658 τὴν
520 584 719 687 ψυχήν.
774 589 822 642 2.
859 591 908 643 εἰ
931 609 1035 659 γαρ
1065 587 1226 641 τοῦτο
1249 583 1611 658 ὁμολογεῖται,
1643 586 1820 658 μηδὲν

206 675 319 727 τῶν
351 673 410 727 ἐν
439 673 508 743 τῇ
537 669 706 742 φύσει
735 666 913 726 ὄντων
953 667 1090 725 άνευ
1120 671 1221 725 τοῦ
1251 671 1505 726 ἐναντίου
1551 670 1720 742 εἶναι,
1751 668 1819 726 τά

205 778 264 812 τε
307 758 367 812 ἐν
405 759 480 830 τῷ
521 753 706 829 κόσμῳ
749 756 807 809 ἐκ
846 759 941 825 τῆς
979 756 1091 810 τῶν
1133 755 1402 809 ἐναντίων
1443 752 1668 826 φύσεως
1708 753 1818 811 ὑπὸ

205 843 304 896 τοῦ
334 841 476 896 θεοῦ
504 841 911 909 κεκοσμῆσθαι,
946 843 1141 909 φιλίαν
1177 834 1364 903 αὐτοῖς
1395 839 1486 893 καὶ
1519 845 1819 895 κοινωνίαν

207 921 603 1031 ἐμποιήσαντος
646 919 847 992 αὐτοῦ,
889 918 1009 978 οἷον
1049 945 1124 977 τω
1167 923 1316 997 ξηρω
1354 919 1489 994 πρὸς
1530 920 1589 979 τὸ
1620 918 1817 995 υγρὸν,

141 1035 182 1065 10
206 1009 294 1065 καὶ
327 1032 402 1064 τω
432 1010 625 1082 θερμῷ
656 1004 792 1078 πρὸς
822 1005 881 1063 τὸ
913 1004 1161 1079 ψυχρὸν,
1204 1029 1278 1063 τω
1309 1028 1370 1062 τε
1401 1013 1563 1078 βαρεῖ
1593 1005 1728 1078 πρὸς
1759 1004 1819 1064 τὸ

205 1069 448 1164 κοῦφόν,
481 1095 661 1168 λευκῷ
691 1115 751 1148 τε
781 1089 917 1162 πρὸς
947 1089 1006 1148 τὸ
1037 1092 1238 1163 μέλαν,
1280 1098 1478 1162 γλυκεῖ
1505 1115 1563 1148 τε
1593 1091 1728 1166 πρὸς
1759 1090 1818 1148 τὸ

204 1174 431 1251 πικρὸν,
474 1179 694 1252 σκληρῷ
734 1198 792 1231 τε
832 1173 966 1248 πρὸς
996 1173 1055 1232 τὸ
1094 1173 1372 1247 μαλακὸν,
1417 1177 1509 1231 καὶ
1540 1180 1674 1232 πᾶσι
1703 1190 1816 1243 τοῖς
1837 1198 1931 1241 (701)

202 1259 468 1327 τοιούτοις
498 1267 632 1334 μίαν
662 1258 837 1333 ἄλλην
867 1259 1094 1317 πάντων
1124 1265 1448 1332 κοινωνίαν,
1490 1263 1559 1334 τῇ
1586 1284 1645 1317 τε
1675 1257 1815 1317 άπα-

203 1356 303 1403 θεῖ
338 1342 503 1421 οὐσία
544 1343 680 1419 πρὸς
717 1343 819 1417 τὴν
859 1343 1148 1417 παθητὴν,
1193 1342 1258 1401 τά
1303 1345 1364 1400 δὲ
1404 1347 1685 1417 κραθέντα
1725 1347 1819 1401 καὶ

140 1454 181 1487 15
204 1431 474 1503 μιχθέντα
504 1428 784 1503 χωρισμὸν
813 1428 909 1485 τὸν
939 1425 1038 1486 ἀπ’
1071 1424 1327 1501 άλλήλων
1353 1431 1413 1485 ἐν
1441 1426 1621 1505 χρόνῳ
1653 1427 1820 1501 φύσει

207 1517 542 1588 ἐπιδέχεται,
583 1512 617 1586 ἡ
650 1515 711 1570 δὲ
742 1511 890 1586 ψυχὴ
931 1516 986 1582 ἐξ
1018 1511 1273 1578 ἀπαθοῦς
1313 1514 1404 1569 καὶ
1436 1516 1689 1585 παθητῆς
1720 1510 1821 1570 οὕ-

207 1605 328 1665 σίας
380 1601 671 1671 γεγονέναι
721 1594 1103 1670 ὑποκείσεται,
1157 1595 1371 1670 ἀνάγκη
1425 1596 1497 1664 ὡς
1548 1595 1608 1655 τὸ
1650 1599 1820 1670 μέσον

204 1707 394 1757 χρωμα
434 1681 579 1739 οὕτω
621 1684 712 1740 καὶ
743 1681 954 1755 ταύτην
985 1686 1046 1740 ἐν
1084 1680 1266 1759 χρόνω
1297 1680 1463 1754 φύσει
1504 1679 1819 1755 ἀφανισθῆ-

205 1792 326 1839 ναι,
359 1791 470 1824 των
503 1770 563 1824 ἐν
592 1773 658 1842 τῇ
688 1766 951 1824 συστάσει
982 1764 1151 1839 αὐτῆς
1184 1771 1454 1824 ἐναντίων
1485 1769 1574 1823 ἐπὶ
1604 1766 1706 1837 ,τὴν
1737 1773 1822 1824 οἰ-

141 1877 182 1910 20
207 1859 364 1909 κείαν
394 1850 568 1925 φύσιν
600 1853 985 1925 ἐπειγομένων.
1058 1856 1105 1908 3.
1138 1853 1171 1925 ἠ
1203 1876 1306 1925 γαρ
1338 1875 1438 1923 ουχ
1479 1847 1696 1923 ὁρωμεν
1728 1854 1820 1908 καὶ

203 1937 263 1993 τὸ
294 1935 462 2010 φύσει
493 1936 671 2009 βαρὺ,
702 1932 808 1993 κάν
836 1932 940 2039 υφ’
977 1935 1134 2010 ἡμων
1163 1934 1199 2008 ἥ
1228 1960 1376 2002 τινος
1409 1939 1619 2003 ἔξωθεν
1650 1954 1821 2006 φυσι-

202 2026 303 2093 κῆς
348 2023 793 2096 προσγενομένης
834 2045 983 2077 αυτω
1029 2020 1367 2093 κουφότητος
1410 2017 1525 2077 ἅνω
1565 2023 1860 2093 φέρηται,ὺ

206 2130 279 2173 ως
311 2104 444 2163 αὐτὸ
475 2105 675 2178 ὁμοίως
709 2108 798 2162 ἐπὶ
820 2105 921 2178 τὴν
943 2111 1156 2162 οἰκείαν
1174 2104 1350 2177 φύσιν
1372 2102 1518 2160 κάτω
1550 2103 1817 2175 βιάζεται;

205 2186 407 2262 ὁμοίως
440 2190 502 2246 δε
533 2191 625 2246 καὶ
654 2187 714 2246 τὸ
745 2188 914 2259 φύσει
944 2194 1162 2261 κοῦφον
1186 2213 1323 2245 κατα
1345 2187 1439 2252 τὰς
1470 2186 1660 2259 ὁμοίας
1692 2191 1819 2255 ἔξω·

139 2298 185 2331 25
208 2284 314 2331 θεν
346 2278 522 2338 αἰτίας
562 2272 707 2330 κάτω
738 2271 1076 2346 φερόμενον,
1123 2269 1194 2339 ὥς
1237 2269 1370 2329 αὐτὸ
1401 2266 1601 2343 ὁμοίως
1634 2274 1723 2328 ἐπὶ
1753 2271 1820 2328 τὰ

208 2359 323 2414 ἄνω
366 2355 632 2429 βιάζεται;
675 2356 740 2413 τὰ
779 2356 883 2429 γὰρ
927 2360 986 2413 ἐκ
1027 2355 1129 2414 δύο
1158 2361 1328 2414 τινῶν
1368 2353 1623 2427 ἀλλήλοις
1658 2359 1821 2413 ἐναν-

208 2450 343 2499 τίων
385 2447 461 2508 εἰς
501 2438 704 2498 ταυτὸν
745 2443 1099 2513 συναχθέντα
1139 2439 1419 2498 ἀδύνατον
1462 2443 1521 2496 ἐν
1560 2443 1638 2516 τῷ
1669 2437 1822 2515 αὐτῷ

208 2523 294 2582 άεὶ
329 2525 500 2597 εἶναι,
532 2523 605 2598 μὴ
635 2531 824 2599 τρίτου
854 2523 1002 2591 τινὸς
1033 2529 1128 2598 τῆς
1158 2529 1270 2582 τῶν
1299 2523 1479 2583 ὄντων
1510 2523 1702 2591 οὐσίας
1733 2523 1820 2580 ἀεὶ

211 2609 433 2676 ἐνόντος
474 2608 676 2675 αὐτοῖς.
745 2614 794 2666 4.
830 2605 968 2666 ἀλλὰ
1006 2609 1110 2681 γὰρ
1152 2609 1257 2667 οὐκ
1299 2616 1410 2667 ἔστι
1455 2606 1603 2681 ψυχὴ
1634 2615 1822 2681 τρίτον

147 2720 188 2752 30
211 2719 262 2752 τι
286 2698 509 2767 πρᾶγμα
535 2698 593 2751 ἐκ
613 2692 712 2750 δύο
734 2696 1001 2751 ἐναντίων
1020 2692 1274 2766 ἀλλήλοις
1286 2692 1580 2764 σύνθετον,
1606 2691 1821 2748 ἁπλοῦν

214 2780 275 2835 δὲ
315 2781 406 2835 καὶ
447 2782 512 2853 τῇ
556 2775 696 2851 αὐτῇ
742 2777 907 2850 φύσει
952 2776 1165 2844 ἀπαθὲς
1199 2780 1289 2835 καὶ
1321 2774 1637 2850 ἀσώματον·
1685 2772 1862 2832 ὅθενο

214 2861 452 2921 Πλάτων
492 2865 582 2920 καὶ
624 2867 680 2919 οἷ
715 2861 829 2936 μετ’
878 2859 1051 2920 αὐτοῦ
1082 2861 1366 2920 ἀθάνατον
1398 2859 1573 2934 αὐτὴν
1605 2866 1821 2933 ἔφασαν
