2014 3146
257 121 359 173 182
935 122 1183 163 EUSEBII

253 236 426 311 μάλα,
470 235 703 310 πότερον
742 251 1029 302 κοινωνεῖς
1068 239 1160 293 καὶ
1200 241 1468 294 συνδοκεῖ
1505 256 1591 294 σοι
1641 240 1732 294 καὶ
1764 235 1866 311 ἀρ-

255 321 482 395 χώμεθα
516 323 784 378 ἐντεῦθεν
814 319 1238 393 βουλευόμενοι,
1271 320 1344 387 ὡς
1374 319 1646 378 οὐδέποτε
1676 320 1863 396 ὀρθῶς

257 412 475 478 ἔχοντος
524 403 651 462 οὔτε
690 407 793 461 τοῦ
832 403 1048 462 ἀδικεῖν
1088 402 1215 462 οὔτε
1256 407 1356 462 τοῦ
1384 403 1704 463 ἆνταδικεῖν
1733 403 1863 463 οὔτε

207 511 230 543 d
253 493 351 546 τοῦ
394 493 574 556 κακῶς
616 487 895 562 πάσχοντα
935 487 1249 561 ἀμύνεσθαι
1279 487 1625 561 ἀντιδρῶντα
1657 493 1860 556 κακῶς·

250 571 286 646 ἢ
326 570 628 646 ἀφίστασαι
667 576 759 630 καὶ
798 569 866 630 ού
907 587 1192 641 κοινωνεῖς
1232 577 1327 646 τῆς
1367 570 1566 647 ἆρχῆςς
1614 577 1732 647 ε’μοὶ
1761 575 1865 648 μὲν
1907 598 1927 629 5

251 655 356 731 γὰρ
389 660 479 714 καὶ
510 657 680 715 πάλαι
711 655 854 715 οὕτω
898 660 989 714 καὶ
1036 662 1144 715 νῦν
1187 665 1266 715 ἔτι
1299 663 1464 715 δοκεῖ.
1556 662 1603 715 4.
1653 660 1743 715 καὶ
1775 661 1862 717 σοὶ

253 743 315 799 δὲ
346 750 401 799 εἴ
425 764 500 815 πη
532 741 670 818 ἄλλῃ
705 745 986 815 δέδοκται,
1020 745 1156 815 λέγε,
1175 745 1267 799 καὶ
1299 747 1553 800 δίδασκε·
1603 749 1654 800 εί
1684 740 1736 800 δ’
1773 746 1862 816 ε’μ-

246 829 433 899 μένεις
447 843 575 894 τοῖς
607 826 878 901 πρόσθεν,
908 825 968 884 τὸ
998 827 1133 900 μετὰ
1163 831 1322 885 τοῦτο
1353 827 1535 884 ἄκουε.
1820 887 1826 891 ,

373 906 517 970 ''Am
558 913 770 985 ἐμμένω
801 936 860 969 τε
891 914 982 968 καὶ
1013 917 1279 969 συνδοκεῖ
1304 927 1419 985 μοι·
1467 909 1605 968 ἀλλά
1636 914 1775 983 λέγε.

380 997 540 1067 Λέγω
584 996 653 1067 δὴ
695 997 765 1052 αὐ
805 994 864 1053 τὸ
907 996 1041 1069 μετὰ
1078 999 1268 1068 τοῦτο,
1314 999 1523 1069 μᾶλλον
1555 996 1615 1052 δε
1658 999 1861 1070 ε’ρωτῶ,
1887 1020 1927 1052 10

250 1077 488 1154 πότερον
529 1076 563 1136 ἂ
603 1078 674 1136 ἄν
711 1104 792 1146 τις
833 1079 1143 1155 ὁμολογήσῃ
1174 1105 1250 1157 τω
1295 1086 1480 1137 δίκαια
1520 1078 1654 1138 ὅντα
1703 1103 1864 1152 ποιη-

250 1165 396 1237 τέον,
428 1159 461 1236 ἢ
495 1166 887 1237 ἐξαπατητέον;

375 1247 697 1320 Ποιητέον.”

374 1337 422 1390 5.
480 1331 705 1399 Τούτοις
735 1331 985 1407 παραθες
1016 1331 1076 1390 τὸ
1110 1329 1356 1407 “μηδενὶ
1398 1332 1569 1390 κακὸν
1607 1331 1732 1390 ἀντὶ
1763 1357 1863 1390 κα-

246 1419 350 1474 κοῦ
394 1413 808 1490 ἀποδιδόντες,”
859 1421 951 1475 καὶ
990 1415 1050 1475 τὸ
1084 1413 1112 1437 “
1135 1417 1412 1490 εὐλογεῖτε
1451 1416 1581 1484 τούς
1613 1441 1862 1491 καταρω-
1885 1441 1926 1474 15

247 1503 449 1574 μένους
489 1501 658 1575 ὑμᾶς·
707 1501 1088 1576 προσεύχεσθε
1129 1501 1272 1574 ὑπὲρ
1303 1505 1413 1559 τῶν
1446 1500 1862 1575 ἐπηρεαζόντων

135 1608 229 1651 (65.5)
249 1588 341 1643 καὶ
386 1585 704 1644 διωκόντων
742 1583 915 1660 ὑμᾶς,
956 1592 1050 1644 ἵνα
1093 1590 1335 1660 γένησθε
1374 1588 1489 1644 υἱοὶ
1529 1591 1627 1644 τοῦ
1659 1584 1862 1660 πατρὸς

247 1667 407 1744 ὑμῶν
460 1675 557 1728 τοῦ
600 1675 659 1729 ἐν
708 1686 821 1738 τοῖς
870 1670 1163 1744 οὐρανοῖς,
1197 1670 1345 1737 ὅστις
1375 1671 1472 1728 τὸν
1502 1668 1660 1743 ἥλιον
1691 1669 1865 1728 αὑτοῦ

249 1754 535 1813 ἀνατέλλει
568 1757 654 1812 ἐπὶ
687 1754 965 1830 πονηρούς
997 1759 1089 1813 καὶ
1119 1755 1368 1828 ἀγαθοὺς
1411 1757 1524 1812 καὶ’
1545 1758 1730 1828 βρέχει
1773 1756 1863 1811 ἐπὶ

251 1844 500 1905 δικαίους
540 1842 631 1896 καὶ
673 1837 956 1906 ἀδίκους.”
1028 1843 1120 1896 καὶ
1161 1846 1238 1896 ἔτι
1290 1839 1350 1896 τὸ
1394 1838 1424 1861 “
1444 1838 1858 1913 λοιδορούμενοι
1882 1863 1923 1894 20

250 1921 616 1996 εὐλογοῦμεν,
662 1923 989 1997 διωκόμενοι
1019 1922 1358 1997 ἀνεχόμεθα,
1403 1923 1861 1997 δυσφημούμενοι

248 2005 733 2080 παρακαλοῦμεν,”
781 2011 840 2065 ἐν
882 2022 994 2075 τοῖς
1040 2005 1172 2082 παρ’
1217 2007 1350 2081 ἡμῖν
1383 2013 1549 2081 ἱεροῖς
1581 2007 1890 2087 φερόμενα,

248 2090 541 2166 γράμμασι.
619 2094 711 2148 καὶ
742 2089 769 2149 ὁ
802 2091 1086 2166 προφήτης
1119 2094 1179 2149 δὲ
1210 2090 1343 2166 παρ’
1381 2091 1655 2166 Ἑβραίοις
1687 2095 1862 2165 φησὶν

238 2174 270 2195 “
291 2181 340 2234 εἰ
369 2174 735 2233 ἀνταπέδωκα
765 2191 877 2243 τοῖς
907 2175 1349 2235 α’νταποδιδοῦσί
1373 2201 1466 2250 μοι
1496 2173 1690 2233 κακοί.”
1767 2178 1860 2232 καὶ

250 2258 419 2317 πάλιν
449 2259 633 2363 “μετοὶ
672 2265 785 2318 τῶν
824 2261 1139 2334 μισούντων
1178 2261 1280 2334 τὴν
1322 2260 1551 2336 εἰρήνην
1592 2259 1738 2334 ἥμην
1781 2266 1859 2317 εἰ-
1882 2282 1922 2315 25

251 2343 528 2416 ρηνικός.”

209 2460 228 2482 c
377 2439 496 2487 VIlI.
538 2425 676 2485 “Σὺ
710 2430 772 2486 δε
801 2427 921 2487 τότε
950 2454 1051 2502 μεν
1084 2433 1454 2498 ἐκαλλωπίζου
1481 2454 1553 2496 ως
1587 2426 1688 2486 οὐκ
1727 2427 1860 2501 ἀγα-

250 2534 468 2567 νακτων
499 2517 548 2568 εἰ
581 2514 696 2569 δέοι
726 2513 994 2571 τεθναναι
1027 2533 1117 2586 σε,
1149 2512 1289 2571 ἄλλα
1319 2512 1476 2588 ᾑροῦ,
1511 2537 1583 2579 ως
1615 2513 1858 2586 ἔφησθα,

250 2592 356 2667 πρὸ
397 2598 490 2667 τῆς
531 2601 712 2668 φυγῆς
743 2596 1015 2656 θανατον
1066 2602 1173 2655 νῦν
1206 2599 1268 2654 δε
1297 2596 1425 2655 οὔτε
1457 2601 1702 2663 ἐκείνους
1731 2594 1858 2662 τούς

251 2677 449 2750 λόγους
481 2678 718 2754 αἰσχύνῃ
750 2679 876 2738 οὔτε
906 2681 1063 2755 ἡμῶν
1092 2686 1205 2740 τῶν
1235 2680 1422 2755 νόμων
1464 2684 1715 2755 ε’ντρέπῃ,
1743 2682 1854 2736 ἐπι·
1879 2703 1919 2734 30

365 2873 418 2912 27
450 2867 523 2913 Σὺ
555 2868 608 2914 δὲ
640 2867 744 2914 τότε
775 2870 848 2927 -]
885 2873 1018 2914 Plato
1043 2874 1218 2917 Criton.
1251 2888 1293 2927 p.
1315 2874 1383 2915 52.
1417 2875 1484 2915 53.
