2014 3146
270 108 373 161 386
936 107 1185 150 EUSEBII

161 248 248 291 [485]
270 225 548 291 παθόντος
588 225 690 297 μὲν
720 222 949 295 πρῶτως
988 226 1088 280 τοῦ
1118 226 1244 296 περὶ
1285 222 1382 280 τὸν
1413 221 1685 281 δάκτυλον
1715 236 1879 296 ψυχι-

225 510 246 542 d

270 314 371 366 κού
401 306 731 382 πνεύματος,
762 306 1091 381 μεταδόντος
1117 309 1178 365 δε
1207 311 1282 364 τῶ
1315 311 1529 380 ἐφεξῆς,
1560 309 1651 364 καὶ
1680 307 1878 365 τούτου

269 392 436 471 ἄλλῳ,
469 396 570 460 ἕως
601 394 667 450 οὑ
696 392 832 494 πρὸς
861 390 920 448 τὸ
945 388 1256 466 ἡγεμονοῦν
1278 390 1546 465 ἀφίκοιτο.
1592 396 1676 450 41.
1713 389 1878 495 ἀνάγ-

271 503 338 551 κη
379 484 573 536 τοίνυν
614 483 665 533 εἰ
700 475 760 533 τὸ
802 482 1022 549 πρῶτον
1060 475 1236 534 πόνου
1280 474 1518 550 ᾔσθετο,
1562 473 1737 552 ἀλλην
1777 477 1878 550 τὴν

271 573 537 635 αἴσθησιν
579 563 679 618 τοῦ
721 563 986 634 δευτέρου
1030 561 1200 633 εἶναι,
1242 562 1333 617 καὶ
1378 566 1427 618 εἰ
1455 560 1591 617 κατὰ
1625 560 1921 620 διάδοσιν5

269 644 626 719 ἡαῖσθησις,
679 648 772 702 καὶ
810 649 910 702 τοῦ
952 651 1139 720 τρίτου
1179 670 1242 718 γε
1283 642 1486 717 ἀλλην,
1540 647 1632 702 καὶ
1676 643 1880 712 πολλὰς

271 730 560 804 αἰσθήσεις
605 731 696 787 καὶ
748 728 1011 803 ἀπείρους
1061 728 1163 802 τὴν
1214 731 1340 803 περὶ
1395 728 1517 796 ἑνὸς
1569 727 1881 804 ἀλγήματος

270 823 585 888 γίγνεσθαι,
617 816 709 871 καὶ
733 812 946 872 τούτων
968 813 1199 871 ἀπασῶν
1221 812 1458 886 ὕστερον
1487 813 1547 871 τὸ
1570 810 1882 887 ἡγεμονοῦν

271 902 602 971 αἰσθέσθαι,
650 900 740 955 καὶ
782 903 877 970 τῆς
923 901 1121 956 ἑαυτοῦ
1152 897 1301 972 παρὰ
1331 897 1546 965 ταύτας.
1609 902 1692 956 42.
1726 897 1786 956 τὸ
1821 898 1882 955 δὲ

270 981 508 1056 ἀληθὲς,
566 981 803 1055 ἑκάστην
857 986 1084 1040 ἐκείνων
1135 981 1208 1055 μὴ
1249 986 1347 1039 τοῦ
1395 986 1455 1039 ἐν
1505 987 1580 1059 τῷ
1624 981 1878 1059 δακτύλῳ
1903 1006 1943 1036 10

270 1066 604 1141 ἀλγήματος·
667 1066 824 1140 [ἀλλὰ
863 1067 965 1138 τὴν
1005 1067 1106 1140 μὲν
1139 1069 1334 1139 ἐφεξῆς
1364 1072 1439 1142 τῶ
1484 1066 1765 1143 δακτύλῳ,
1798 1063 1880 1123 ὅτι

270 1151 298 1210 ὁ
329 1150 526 1226 ταρσὸς
567 1149 750 1223 ἀλγεῖ,
791 1151 892 1223 τὴν
926 1152 986 1208 δὲ
1025 1156 1244 1225 τρίτην,
1286 1147 1369 1207 ὅτι
1401 1148 1533 1208 ἄλλο
1563 1149 1620 1207 τὸ
1654 1150 1790 1222 πρὸς
1821 1150 1881 1207 τὸ

270 1235 524 1306 ἀνωθεν,
566 1238 657 1292 καὶ
699 1234 903 1302 πολλὰς
936 1235 1078 1292 εἶναι
1118 1232 1453 1307 ἀλγηδόνας·
1501 1233 1562 1292 τό
1591 1258 1651 1291 τε
1679 1230 1881 1307 ἡγεμο-

272 1324 407 1378 νοῦν
437 1319 511 1393 μὴ
541 1323 639 1377 τοῦ
669 1318 805 1394 πρὸς
844 1323 919 1396 τῷ
953 1318 1208 1396 δακτύλῳ
1248 1317 1575 1392 ἀλγήματος]
1611 1318 1880 1376 αἰσθάνε-

271 1415 435 1475 σθαι,
491 1403 630 1461 ἀλλὰ
674 1408 771 1461 τοῦ
817 1404 952 1478 πρὸς
999 1399 1177 1480 αὐτῷ,
1227 1406 1320 1460 καὶ
1371 1409 1530 1461 τοῦτο
1581 1402 1880 1475 γινῶσκειν
1903 1425 1943 1457 15

162 1520 251 1559 (831)
271 1489 471 1562 μόνον,
516 1488 582 1545 τὰ
626 1487 675 1545 δ’
713 1486 851 1545 ἄλλα
882 1494 1095 1562 χαίρειν
1128 1491 1223 1545 ἐᾶν
1243 1533 1256 1560 ,
1299 1486 1372 1560 μὴ
1406 1486 1768 1560 ἐπιστάμενον
1798 1485 1882 1544 ὅτι

229 2191 247 2222 h

271 1573 432 1645 ἀλγεῖ
468 1571 496 1630 ὅ
530 1571 813 1638 δάκτυλος.
888 1577 972 1629 43.
1009 1578 1059 1629 εἰ
1087 1579 1280 1629 τοίνυν
1319 1570 1455 1629 κατά
1497 1571 1751 1629 διάδοσιν
1781 1571 1882 1643 τὴν

273 1668 538 1730 αἴσθησιν
577 1655 677 1731 οὐχ
716 1654 837 1714 οἷόν
875 1680 933 1714 τε
976 1660 1073 1714 τοῦ
1110 1655 1363 1713 τοιούτου
1404 1663 1690 1729 γίνεσθαι,
1743 1656 1882 1728 μηδὲ

274 1741 519 1815 σώματος
543 1739 712 1813 ὄγκου
742 1739 918 1813 ὄντος,
951 1738 1122 1797 ἄλλου
1146 1739 1446 1812 παθόντος,
1477 1738 1648 1797 ἄλλου
1672 1743 1881 1811 γνῶσιν

275 1826 430 1882 εἶναι.
494 1825 695 1891 παντὸς
734 1823 838 1898 γάρ
879 1826 1178 1897 μεγέθους,
1224 1830 1272 1880 εἰ
1301 1822 1360 1881 τὸ
1391 1825 1493 1897 μὲν
1523 1823 1682 1895 ἄλλο,
1725 1821 1784 1879 τὸ
1818 1823 1880 1879 δὲ
1902 1845 1943 1878 20

273 1908 405 1966 ἄλλο
438 1911 581 1980 ἐστὶ,
625 1914 711 1966 δεῖ
749 1912 999 1965 τοιοῦτον
1039 1915 1304 1965 τίθεσθαι
1350 1906 1407 1965 τὸ
1450 1906 1880 1980 αἰσθανόμενον,

274 1991 393 2051 οἷον
423 1995 706 2066 πανταχοῦ
745 1989 877 2049 αὐτὸ
920 1995 1099 2068 ἑαυτῷ
1136 1992 1195 2049 τὸ
1230 1990 1362 2049 αὐτὸ
1396 1991 1551 2049 εἶναι.
1628 1994 1789 2048 τοῦτο
1822 1991 1882 2047 δὲ

274 2075 422 2155 ἄλλῳ
452 2080 562 2134 τινὶ
593 2081 703 2135 τῶν
732 2075 911 2135 ὅντων
943 2074 973 2149 ἢ
1006 2075 1214 2149 σώματι
1245 2089 1427 2134 ποιειν
1457 2073 1775 2149 προσήκειῗ

400 2166 481 2218 44.
509 2157 660 2219 ““Ὀτι
691 2162 752 2218 δε
784 2158 917 2218 οὐδε
946 2173 1101 2218 νοεῖν
1141 2157 1260 2218 οἶόν
1299 2185 1358 2219 τε
1400 2167 1449 2218 εἰ
1479 2163 1635 2262 σῶμα
1665 2156 1698 2232 ἡ
1730 2157 1879 2232 ψυχὴ

270 2245 460 2302 ὁτιοῦν
505 2256 588 2318 εἰη
641 2249 888 2303 δεικτέον
929 2249 988 2302 ἐκ
1027 2249 1219 2302 τῶνδε.
1299 2251 1349 2302 εἰ
1386 2243 1490 2319 γάρ
1521 2244 1579 2301 τὸ
1611 2241 1878 2301 αἰσθάνε-
1883 2265 1924 2297 25

274 2337 416 2386 σθαί
445 2333 556 2387 ἐστι
587 2330 646 2387 τὸ
682 2328 891 2403 σῶματι
924 2332 1359 2432 προσχρωμένην
1380 2328 1482 2401 τὴν
1511 2327 1696 2401 ψυχὴν
1726 2326 1880 2384 ἀντι-

275 2412 659 2486 λαμβάνεσθαι
689 2417 798 2472 τῶν
829 2419 1135 2486 αἰσθητῶν,
1166 2412 1268 2470 οὐκ
1298 2409 1368 2470 ἀν
1399 2422 1483 2485 εἰή
1514 2414 1606 2469 καὶ
1635 2411 1696 2468 τὸ
1727 2424 1879 2469 νοειν

275 2495 332 2553 τὸ
378 2497 468 2553 διὰ
510 2497 758 2571 σώματος
797 2496 1267 2571 καταλαμβάνειν,
1310 2493 1343 2570 ἢ
1383 2494 1585 2554 ταυτὸν
1624 2503 1775 2553 ἔσται
1805 2498 1879 2570 τῶ

275 2580 663 2639 αἰσθάνεσθαι.
710 2587 793 2640 45.
830 2589 881 2639 εἰ
909 2584 1011 2640 οὐν
1033 2580 1092 2638 τὸ
1116 2596 1269 2639 νοεῖν
1292 2585 1404 2639 ἐστι
1434 2580 1494 2638 τὸ
1525 2580 1661 2637 ἀνευ
1693 2577 1880 2650 σῶμα-

274 2690 362 2732 τος
403 2662 946 2772 ἀντιλαμβάνεσθαι,
991 2665 1134 2723 πολὺ
1174 2665 1443 2740 πρότερον
1483 2670 1573 2722 δεῖ
1606 2663 1680 2736 μὴ
1722 2666 1878 2735 σῶμα
1900 2684 1941 2716 30

274 2751 344 2807 αὐ
374 2750 433 2806 τὸ
465 2754 668 2822 νοῆσον
710 2750 877 2823 εἶναι,
921 2751 1038 2807 ἐπεὶ
1069 2754 1353 2823 αἰσθητῶν
1391 2750 1493 2821 μὲν
1523 2772 1556 2820 η
1597 2755 1876 2849 αἰ σθησιῗς,
2008 2743 2009 2746 ¹

279 2837 488 2906 νοητῶν
533 2835 594 2891 δε
635 2832 667 2906 ἡ
709 2832 910 2906 νόησις.
976 2840 1026 2890 εἰ
1058 2835 1119 2892 δὲ
1148 2832 1222 2908 μὴ
1253 2833 1580 2906 βούλονται,
1620 2827 1742 2918 ἀλλ’
1777 2831 1877 2887 οὐν
