2014 3146
618 117 830 158 PRAEP.
862 117 1082 159 EVANG.
1120 118 1246 159 X111.
1269 119 1337 158 21.
1678 116 1781 169 251

172 233 380 308 πατέρα
410 245 523 300 τοῖς
554 230 742 300 αὐτοῖς
775 238 959 307 ἔνοχος
992 239 1130 291 ἔστω
1161 231 1362 306 νόμοις.
1396 266 1468 272 —
1500 238 1578 290 10.
1593 230 1688 300 Ὃς
1712 229 1783 292 ἂν

174 322 234 376 ἐκ
264 323 528 392 προνοίας
560 342 619 375 τε
650 320 741 374 καὶ
772 315 977 385 ἀδίκως
1007 314 1302 376 ὁντιναοῦν
1342 321 1454 375 ταῖν
1496 321 1783 392 ἐμφυλίων

172 399 427 475 αὐτόχειρ
457 408 666 504 κτείνῃ,
698 408 918 510 πρῶτον
946 403 1048 475 μὲν
1076 406 1188 461 τῶν
1214 409 1465 476 νομίμων
1489 399 1783 477 εἰργέσθω,

171 485 306 561 μήτε
335 483 544 560 ἀγορὰν
573 485 708 560 μήτε
740 486 861 562 ίερα
890 487 1025 560 μήτε
1055 490 1279 560 λιμένας
1310 486 1445 561 μήτε
1474 486 1645 546 ἀλλον
1674 512 1783 545 κοι-

128 594 151 627 5
172 570 272 628 νὸν
304 570 576 644 σύλλογον
606 574 820 644 μηδένα
848 578 1116 645 μιαίνων,
1161 570 1257 629 ἐάν
1280 575 1342 630 τέ
1360 597 1441 639 τις
1464 569 1784 646 ἀπαγορεύῃ

172 659 249 733 τῷ
294 654 562 730 δράσαντι
601 662 773 713 ταῦτα
812 653 1133 730 ἀνθρώπων
1183 659 1274 713 καὶ
1316 657 1411 714 εἀν
1449 655 1538 730 μή.
1610 653 1639 714 ὁ
1648 655 1784 760 γάρ

171 739 339 813 νόμος
389 739 802 815 ἀπαγορεύει..
833 741 1006 797 ,οδε
1047 739 1121 812 μὴ
1175 741 1405 808 ἐπεξιών
1455 744 1585 798 δέον
1637 738 1670 813 ἢ
1710 741 1784 814 μὴ

171 824 566 898 προαγορεύων
614 765 903 896 εἰργέσθωΟ
927 828 1038 882 τῶν
1081 824 1232 889 ἐντὸς
1281 822 1785 898 ἀνεψιότητος--τὸ

174 910 234 966 δὲ
278 907 540 982 δεύτερον
579 906 846 974 ὑπόδικος
875 911 953 984 τῷ
974 911 1199 966 θέλοντι
1229 924 1492 983 τιμωρεῖν
1522 908 1662 982 ὑπὲρ
1689 913 1786 967 τοῦ

110 1018 151 1050 ιο
173 991 600 1066 τελευτήσαντος
629 993 1174 1066 γιγνέσθω-Γυνὴ
1203 994 1264 1050 δὲ
1288 990 1470 1068 ἀνδρα
1502 997 1698 1066 ἑαυτῆς
1732 997 1785 1062 ἐξ

175 1081 470 1151 ἐπιβουλῆς
500 1084 599 1135 τοῦ
629 1075 951 1136 ἀποκτεῖναι
981 1076 1258 1151 τρώσασα,
1291 1074 1324 1151 ἢ
1356 1077 1499 1152 ἀνὴρ
1522 1077 1623 1151 τὴν
1655 1082 1788 1136 ἑαυ-

173 1169 269 1221 τοῦ
301 1176 558 1236 γυναῖκα,
591 1165 842 1235 φευγέτω
873 1160 1220 1236 ἀειφυγίαν.”

304 1251 383 1304 11.
439 1251 688 1306 Τοιοῦτοι
718 1248 822 1320 μὲν
850 1251 908 1304 oc
932 1248 1032 1304 τοῦ
1059 1247 1374 1320 φιλοσόφου
1403 1246 1578 1321 νόμοι.
1643 1253 1693 1305 εί
1726 1248 1787 1304 δὲ

174 1331 276 1406 χρὴ
308 1333 399 1389 καὶ
428 1330 555 1399 τούς
587 1334 838 1398 Μωσέως
868 1330 1080 1398 τούτοις
1111 1331 1614 1404 ἀντιπαραβαλεῖν,
1654 1331 1789 1388 ἐπά-

111 1439 152 1472 15
175 1434 379 1475 κουσον
409 1413 499 1474 οἷα
529 1419 656 1491 περὶ
685 1421 797 1474 τῶν
827 1419 1078 1490 φονικῶν
1118 1415 1458 1474 διατάττεται
1510 1415 1646 1473 “ε’ἀν
1687 1437 1787 1473 πα-

174 1501 308 1574 τάξῃ
339 1508 422 1567 τίς
452 1526 604 1574 τινα,
650 1503 741 1558 καὶ
785 1498 1076 1574 ἀποθάνῃ,
1122 1501 1349 1558 θανάτω
1390 1500 1785 1558 θανατούσθω.

176 1592 228 1642 εἰ
257 1587 316 1642 δε
347 1584 449 1658 οὐχ
480 1585 640 1658 εκών,
674 1584 794 1642 ἀλλ’
841 1610 870 1643 ο
901 1583 1033 1652 θεὸς
1074 1590 1400 1657 παρέδωκεν
1447 1591 1522 1651 εἰς
1553 1585 1648 1652 τὰς
1680 1599 1788 1658 χεῖ-

176 1694 274 1744 ρας
307 1668 507 1742 αὐτοῦ,
551 1669 711 1728 δώσω
755 1689 842 1728 σοι
882 1694 1052 1727 τοπον
1090 1671 1158 1727 ού
1192 1669 1450 1743 φεύξεται
1484 1675 1598 1727 ἐκεῖ
1623 1669 1652 1726 ὁ
1684 1693 1790 1742 φο-

176 1753 391 1821 νεύσας.
443 1754 540 1811 εἀν
572 1755 634 1811 δε
668 1757 936 1827 ἐπίθηταί
960 1779 1039 1821 τις
1071 1779 1146 1812 τω
1179 1761 1416 1828 πλησίον
1448 1751 1619 1811 αὐτοῦ
1650 1756 1792 1812 ἀπο-

113 1853 387 1897 εοκτεῖναι
426 1836 596 1897 αὐτὸν
638 1838 783 1917 δόλῳ
824 1841 915 1896 καὶ
958 1838 1278 1914 καταφύγῃ,
1320 1837 1426 1896 ἀπὸ
1458 1842 1557 1896 τοῦ
1586 1849 1792 1897 θυσια-

177 1930 406 1997 στηρίου
435 1947 543 1997 μου
574 1922 722 1998 λήψῃ
756 1921 926 1982 αὐτὸν
957 1927 1300 1983 θανατωσαι.
1362 1921 1421 1990 ὃς
1461 1922 1653 1981 τύπτει
1684 1946 1792 1980 πα-

175 2010 305 2081 τέρα
350 2006 543 2082 αὐτοῦ,
575 2004 610 2081 ἢ
640 2012 846 2083 μητέρα
877 2005 1077 2082 αύτου,
1124 2007 1354 2067 θανάτω
1393 2006 1787 2066 θανατούσθω.

179 2092 275 2150 εἀν
306 2093 366 2150 δε
397 2098 760 2165 λοιδορῶνται
794 2092 894 2150 δύο
925 2091 1154 2165 ἀνδρες,
1197 2095 1290 2150 καὶ
1330 2092 1542 2165 πατάξῃ
1584 2117 1664 2158 τις
1695 2089 1791 2148 τὸν

179 2183 414 2249 πλησίον
445 2174 618 2235 αὐτοῦ
646 2183 791 2253 λίθω
822 2174 856 2249 ἢ
888 2180 1097 2250 πυγμῇ,
1131 2179 1221 2233 καὶ
1252 2176 1327 2250 μὴ
1359 2173 1649 2250 ἀποθάνῃ,
1692 2199 1793 2232 κα-

115 2281 156 2314 25
179 2264 416 2334 τακλιθῇ
451 2261 512 2317 δὲ
545 2263 631 2317 ἐπὶ
662 2261 763 2333 τὴν
795 2266 1004 2333 κοίτην,
1023 2260 1135 2318 ’ἐὰν
1167 2258 1462 2329 ἐξαναστάς
1506 2258 1534 2316 ὁ
1567 2257 1793 2331 ἀνθρω-

179 2368 280 2411 πος
310 2343 655 2419 περιπατήσῃ
684 2348 790 2423 ,ἔξω
823 2347 912 2402 ἐπὶ
943 2343 1157 2419 ῥάβδου
1189 2343 1391 2417 αὐτοῦ,
1423 2341 1608 2421 ἀθῷος
1641 2351 1793 2402 ἔσται

179 2428 209 2486 ὁ
241 2427 506 2497 πατάξας·
568 2428 714 2500 πλὴν
743 2431 838 2502 τῆς
869 2425 1064 2501 ἀργίας
1095 2426 1269 2487 αὐτοῦ
1310 2426 1559 2487 ἀποτίσει
1607 2432 1698 2486 καὶ
1728 2453 1793 2485 τα

184 2519 410 2587 ἰατρεῖα.
476 2511 572 2569 ἐάν
605 2513 667 2569 δὲ
696 2512 907 2587 πατάξῃ
952 2538 1032 2580 τις
1072 2512 1168 2571 τὸν
1208 2519 1382 2571 παῖδα
1427 2512 1600 2571 αὐτοῦ
1630 2510 1662 2585 ἢ
1694 2512 1794 2586 τὴν

183 2603 484 2671 παιδίσκην
526 2595 699 2655 αὐτοῦ
739 2601 799 2655 ἐν
840 2597 1059 2674 ῥάβδῳ,
1114 2601 1206 2655 καὶ
1246 2597 1506 2672 ἀποθάνῃ
1550 2596 1658 2654 ὑπὸ
1700 2595 1794 2663 τάς

120 2696 370 2757 3οχεῖρας
410 2679 601 2754 αὐτοῦ,
646 2687 773 2755 δίκῃ
817 2681 1256 2757 ἐκδικηθήσεται,
1331 2683 1427 2740 ἐὰν
1472 2683 1533 2738 δὲ
1586 2679 1795 2754 ἡμέραν

305 2877 356 2916 10
389 2871 518 2929 Γυνὴ
545 2870 597 2916 δὲ
629 2873 699 2928 -]
733 2875 849 2916 Ibid.
883 2890 925 2929 p.
963 2877 1059 2917 877.
