2014 3146
269 109 373 162 352
950 108 1199 151 EUsEssn

268 225 400 283 ὅσον
440 217 511 297 ἦν
550 223 780 296 ὁρατὸν,
820 220 921 297 οὐχ
961 219 1199 297 ἡσυχίαν
1238 221 1403 297 ἄγον,
1445 234 1773 301 πλημμελῶς
1814 229 1876 286 δὲ

269 312 361 366 καὶ
392 307 635 374 ἀτάκτως
665 305 1024 381 κινούμενον,
1068 313 1144 374 εἰς
1174 307 1328 377 τάξιν
1367 302 1502 382 ἦγεν
1535 314 1592 368 ἐκ
1622 316 1716 384 τῆς
1747 311 1874 370 ἀτα-

269 397 414 466 ξίας,
446 389 793 466 ἡγησάμενος
822 395 982 450 τοῦτο
1015 395 1230 451 ἐκείνου
1262 392 1479 461 πάντως
1509 392 1749 468 ἄμεινον.
1797 404 1873 455 ἔτι

270 478 331 534 δὲ
362 479 453 534 καὶ
485 480 696 550 μᾶλλον
735 474 819 534 ὅτι
857 475 931 550 μὴ
975 475 1047 534 δι’
1087 476 1454 551 αἰνιγμάτων,
1489 478 1618 552 μηδ’
1659 483 1744 537 ἐπὶ
1777 486 1874 539 τοῦ

269 565 482 635 σαφοῦς
512 567 668 637 χρείᾳ
707 559 809 633 τὴν
838 564 1064 634 γένεσιν
1093 564 1455 635 παρεδέξατο,
1499 567 1656 636 δηλοῖ
1687 563 1756 621 δι’
1795 557 1874 623 ὦν
1897 588 1917 620 5

267 645 294 702 ὁ
336 646 513 719 πατὴρ
556 644 706 722 αὐτῷ
749 649 861 703 τῶν
900 644 1125 704 πάντων
1167 652 1463 704 διείλεκται
1507 650 1634 722 περὶ
1673 648 1872 707 τούτου

267 729 402 803 μετὰ
450 730 552 803 τὴν
600 733 712 787 τῶν
759 727 906 788 ὅλων
962 736 1344 804 δημιουργίαν.
1421 736 1468 789 5.
1517 732 1708 805 ἐπειδὴ
1747 731 1872 806 γάρ,

268 817 435 888 φησὶ,
477 816 817 888 γεγένησθε,
859 814 1030 887 (λέγει
1072 815 1134 872 δὲ
1164 813 1300 890 πρὸς
1343 814 1470 883 τοὺς
1510 815 1702 890 θεοὺς)
1735 815 1872 875 ἀθά-

266 923 422 956 νατοι
451 900 552 972 μὲν
580 895 683 956 οὐκ
716 899 836 956 ε’στὲ
866 895 986 956 οὐδ’
1023 897 1215 957 ἄλυτοι
1245 897 1304 957 τὸ
1334 900 1584 974 πάμπαν,
1616 899 1738 959 οὔτι
1763 901 1874 975 μὴν

158 1007 250 1048 (802)
269 982 335 1056 δὴ
366 982 689 1056 λυθήσεσθε
717 987 811 1055 τῆς
835 987 963 1056 ἐμῆς
986 983 1303 1056 βουλήσεως
1326 983 1596 1058 τυχόντες.
1642 991 1688 1043 6.
1723 984 1871 1059 ἀλλ’,
1897 1014 1937 1046 10

266 1065 401 1141 ὅπερ
434 1074 608 1140 ἔφην,
650 1065 784 1140 πρὸς
823 1069 926 1141 μὲν
969 1068 1096 1134 τοὺς
1137 1074 1304 1126 ἔνδον
1343 1065 1475 1142 ἡμῖν
1513 1066 1874 1144 ὑποφθεγγο-

266 1155 493 1224 μένους,
537 1151 630 1208 ἅτε
670 1158 868 1223 φίλους
898 1149 1086 1225 ὄντας,
1132 1159 1330 1225 φιλίως
1360 1177 1418 1211 τε
1449 1157 1539 1211 καὶ
1570 1153 1699 1228 μεθ’
1736 1154 1875 1228 ἡσυ-

266 1242 385 1309 χίας
416 1238 648 1309 πραέσιν
672 1239 909 1309 ἐλέγχοις
937 1242 1322 1310 διακριθεῖμεν
1343 1236 1426 1295 ἄν.
1473 1244 1614 1296 ἔοικε
1642 1239 1748 1314 γάρ
1781 1241 1872 1297 καὶ

264 1319 492 1388 τούτους
527 1319 901 1394 Ἀριστοτέλης
943 1332 1296 1394 μεταθεῖναι,
1336 1326 1404 1397 τῇ
1440 1324 1543 1396 μὲν
1573 1331 1873 1401 κατηγορίᾳ

264 1409 360 1461 τοῦ
395 1404 662 1478 δόγματος
701 1403 981 1479 ἀντισχεῖν
1012 1405 1468 1479 ἀδυνατήσαντας
1488 1453 1502 1480 ,
1548 1406 1608 1465 τὸ
1641 1409 1703 1465 δὲ
1733 1407 1871 1466 ἁλῶ·
1896 1434 1936 1466 15

264 1514 355 1546 ναι
410 1489 578 1557 δόξαν
630 1485 702 1556 ὡς
761 1495 967 1557 ψεῦδος
1018 1489 1085 1548 οὐ
1145 1494 1524 1564 βουληθέντας
1576 1490 1871 1551 ἀναθεῖναι

265 1572 538 1631 Πλάτωνι.
615 1579 658 1631 7.
693 1572 830 1630 κατά
873 1575 933 1631 δὲ
973 1575 1075 1647 τὴν
1114 1572 1386 1648 ἡμετέραν
1417 1575 1617 1650 ἀκοὴν,
1650 1574 1872 1646 ἀξιοῦν-

262 1683 352 1726 τος
383 1657 682 1724 Πλάτωνος
713 1657 808 1715 τὸν
839 1657 1045 1732 κόσμον
1075 1664 1363 1732 γεγονέναι
1384 1659 1678 1719 κάλλιστον
1709 1669 1872 1735 ἔργον

262 1741 370 1800 ὑπὸ
401 1747 501 1799 τοῦ
534 1748 828 1800 καλλίστου
859 1747 970 1799 τῶν
1002 1749 1389 1818 δημιουργῶν,
1422 1747 1513 1802 καὶ
1545 1749 1870 1820 περιθέντος

220 1846 240 1877 b
264 1830 340 1902 τῷ
369 1831 466 1883 τοῦ
497 1826 700 1893 παντὸς
743 1831 941 1900 ποιητῇ
975 1826 1216 1900 δύναμιν
1261 1827 1334 1884 δι’
1372 1821 1434 1901 ἧς
1474 1832 1566 1886 καὶ
1605 1827 1708 1886 οὐκ
1737 1828 1870 1888 ὄντα
1893 1858 1933 1889 20

264 1909 533 1984 πρότερον
586 1914 808 1982 ἐποίησε
857 1909 954 1969 τὸν
1003 1910 1237 1985 κόσμον,
1291 1915 1382 1970 καὶ
1423 1912 1654 1986 ποιήσας
1699 1917 1868 1971 εἰσαεὶ

263 1993 600 2067 βουλόμενός
640 2018 702 2067 γε
744 1999 890 2052 σῶον
924 1995 1278 2069 διαφυλάξει,
1321 1999 1412 2054 καὶ
1442 1997 1614 2072 ταύτῃ
1648 1998 1715 2070 δὴ
1747 2023 1868 2071 γεν-

262 2085 432 2151 νητοῦ
488 2081 579 2135 καὶ
629 2078 925 2153 ἀφθάρτου
984 2079 1101 2137 κατ’
1149 2079 1318 2139 αὐτὸν
1365 2079 1733 2156 ὑποκειμένου
1773 2087 1871 2141 τοῦ

263 2163 500 2236 κόσμου,
562 2169 643 2230 τίς
694 2160 827 2236 ἡμῖν
874 2168 987 2222 τῶν
1037 2170 1497 2239 Περιπατητικῶν
1545 2171 1715 2225 ταῦτα
1773 2175 1867 2240 βε-

265 2246 473 2319 βαιοῖ;”
792 2303 799 2307 ,
1889 2277 1929 2309 25

390 2338 436 2388 8.
463 2327 605 2389 “Asi
652 2333 712 2388 δὲ
752 2332 1269 2407 παραμυθήσασθαι
1309 2334 1405 2392 τὸν
1447 2333 1869 2407 συναγωνιστὴν

262 2414 501 2486 τούτων,
533 2414 615 2471 ὅτι
646 2413 713 2472 οὐ
745 2415 991 2489 πάντως,
1026 2428 1081 2475 εἴ
1103 2443 1153 2475 τι
1185 2421 1433 2492 γέγονεν,
1465 2418 1677 2493 ἀνάγκη
1707 2423 1867 2477 τοῦτο

262 2503 569 2573 φθαρῆναι,
602 2499 769 2557 πάλιν
801 2499 853 2557 δ’
891 2499 1012 2558 οὐδ’
1051 2512 1180 2560 εἴτι
1211 2501 1284 2576 μὴ
1311 2504 1677 2577 φθαρήσεται,
1709 2507 1867 2562 τοῦτο

262 2583 566 2656 ἀναγκαῖον
606 2580 909 2658 ἀγέννητον
957 2586 1112 2644 εἶναι.
1194 2586 1319 2646 οὔτε
1359 2586 1463 2662 γάρ
1509 2595 1642 2662 μίαν
1684 2594 1866 2645 αἰτίαν

261 2672 338 2744 τῷ
359 2666 631 2742 ἀφθάρτῳ
653 2666 754 2740 τὴν
778 2672 836 2726 ἐκ
865 2674 962 2727 τοῦ
984 2670 1291 2744 ἀγεννήτου
1323 2673 1708 2746 συγχωρητέον
1738 2670 1865 2730 οὔτε
1889 2698 1927 2730 30

374 2861 397 2898 7
431 2851 595 2912 ἐπειδὴ
621 2855 707 2913 γὰρ
733 2860 803 2914 —]
838 2863 954 2910 Ibid.
981 2878 1023 2916 p.
1046 2867 1112 2906 41.
