2014 3146
298 90 398 142 130
959 90 1205 131 EUSEBII

290 207 351 264 τὸ
383 210 602 280 πρῶτον
631 202 940 279 ὁριζόμενος
969 204 1066 262 τὸν
1098 201 1170 271 ὡς
1189 203 1412 277 ἀληθῶς
1436 208 1687 279 ποιμένα,
1718 204 1903 264 οὐκέτι

295 289 407 368 ᾤου
450 296 572 347 δεῖν
612 288 848 362 ὕστερον
887 287 1129 363 ἀκριβῶς
1170 288 1440 363 φυλάξαι,
1481 287 1619 347 ἀλλὰ
1659 296 1903 349 πιαίνειν

293 385 398 432 οἰέι
439 372 608 431 αὐτὸν
646 371 711 430 τοὶ
744 371 1025 447 πρόβατα,
1065 370 1199 430 καθ’
1224 370 1357 431 ὅσον
1388 373 1592 447 ποιμήν
1625 376 1805 476 ἐστιν,
1833 374 1900 432 οὐ

293 456 430 532 πρὸς
478 455 538 515 τὸ
589 482 701 515 των
741 455 1036 531 προβάτων
1087 459 1374 529 βέλτιστον
1418 461 1720 532 βλέποντα,
1775 456 1898 516 ἀλλ’

295 540 479 616 ω’σπερ
504 539 808 615 δαιτυμόνα
830 540 954 599 τινὰ
977 542 1068 598 καὶ
1088 544 1358 615 μέλλοντα
1379 541 1742 600 ἑστιάσασθαι
1764 543 1901 618 πρὸς
1923 566 1944 600 5

292 624 395 699 τὴν
427 625 699 700 εὐωχίαν,
732 623 767 698 ἢ
800 618 871 683 αὖ
902 623 1038 699 πρὸς
1067 625 1128 683 τὸ
1159 623 1503 699 ἀποδόσθαι,
1546 624 1730 701 ὥσπερ
1769 652 1904 702 χρη-

293 708 581 785 ματιστὴν,
606 709 725 767 ἀλλ’
755 707 822 768 οὐ
847 712 1203 785 ποιμένα.τῇ
1225 716 1517 785 ποιμενικῇ
1541 709 1694 768 δὀὐ
1720 711 1903 783 δήπου

248 819 269 851 d
292 793 463 852 ἄλλου
504 819 602 852 του
643 797 793 868 μέλει
833 790 865 868 ἢ
911 792 995 868 ἐφ’
1042 786 1086 871 ᾦ
1124 797 1403 867 τέτακται,
1449 793 1598 861 ὅπως
1637 793 1813 872 τούτω
1843 794 1903 852 τὰ

293 881 580 952 βέλτιστον
613 882 879 952 ἐκποριεῖ,
916 881 1032 936 ἐπεὶ
1062 878 1128 937 τά
1149 902 1213 951 γε
1235 876 1403 952 αὐτῆς
1435 877 1563 936 ὥστ’
1594 879 1736 937 εἶναι
1775 886 1906 952 βελ-

293 971 486 1036 τίστην
519 968 718 1030 ἱκανῶς
751 961 930 1036 δήπου
964 962 1381 1038 «ἐκπεπόρισται,Ι
1404 966 1503 1031 ἕως
1533 986 1596 1036 γε
1627 959 1697 1021 ἂν
1727 965 1903 1037 μηδὲν
1928 988 1968 1020 10

296 1050 458 1121 ἐνδέῃ
489 1052 586 1105 τοῦ
617 1047 906 1122 ποιμενικὴ
940 1048 1096 1106 εἶναι.
1140 1047 1284 1106 οὕτω
1309 1046 1374 1120 δὴ
1409 1046 1563 1125 ᾤμην
1595 1053 1766 1121 ἔγωγε
1796 1051 1904 1106 νῦν

298 1132 365 1205 δὴ
417 1131 725 1205 ἀναγκαῖον
766 1133 908 1190 εἶναι
959 1131 1095 1206 ἡμῖν
1133 1129 1424 1206 ομολογειν
1474 1149 1658 1189 πασαν
1707 1130 1902 1207 ἀρχὴν,

295 1213 430 1274 καθ’
450 1235 581 1274 οσον
603 1213 760 1318 αρχὴ,
792 1219 992 1290 μηδενὶ
1012 1214 1160 1294 ἄλλῳ
1181 1217 1240 1274 τὸ
1263 1219 1550 1289 βέλτιστον
1571 1227 1905 1275 σκοπεῖσθαι

295 1298 328 1374 ἢ
363 1303 554 1379 ἐκείνῳ
586 1304 663 1378 τῷ
693 1298 977 1378 αρχομένω
1009 1325 1067 1359 τε
1097 1304 1188 1358 καὶ
1218 1302 1679 1378 θεραπευομένω,
1713 1304 1775 1360 ἐν
1804 1323 1906 1360 πο-

294 1389 471 1460 λιτικῇ
513 1388 603 1443 καὶ
646 1389 895 1460 ἰδιωτικῇ
936 1383 1090 1461 ἀρχῇ.
1165 1384 1236 1444 σύ
1279 1387 1340 1443 δὲ
1374 1385 1502 1452 τοὺς
1545 1383 1811 1460 ἄρχοντας
1845 1388 1904 1444 ἐν
1928 1408 1967 1441 15

294 1485 413 1537 ταῖς
444 1468 663 1542 πόλεσι,
696 1468 823 1537 τούς
856 1462 928 1537 ὦς
959 1467 1184 1543 ἀληθῶς
1215 1467 1509 1545 ἄρχοντας,
1544 1468 1769 1536 ἑκόντας
1800 1479 1904 1527 οἰέι

295 1551 548 1630 ἅρχειν;”

185 1660 274 1701 (615)
422 1649 558 1699 XLV.
622 1642 728 1711 Τῆς
771 1635 902 1714 παρ’
938 1637 1211 1713 Ἑβραίοις
1251 1644 1588 1713 προφητείας
1636 1636 1904 1711 λεγούσης

287 1720 389 1779 “ε’κ
418 1728 517 1779 τοῦ
549 1721 731 1795 φόβου
760 1744 894 1795 σου,
936 1721 1123 1797 κύριε,
1168 1726 1228 1780 ἐν
1267 1725 1464 1796 γαστρὶ
1505 1721 1773 1796 ἐλάβομεν
1812 1724 1904 1779 καὶ

297 1802 649 1879 ωδινήσαμεν
691 1810 782 1864 καὶ
816 1809 1072 1879 ἐτέκομεν
1096 1810 1313 1880 πνεῦμα
1345 1804 1654 1880 σωτηρίας”
1687 1805 1715 1864 ὃ
1746 1805 1899 1864 Πλα-
1925 1830 1967 1863 20

296 1913 410 1947 των
443 1893 502 1946 ἐν
535 1890 815 1967 Θεαιτήτῳ
847 1889 979 1947 ταδε
1011 1891 1241 1962 λέγοντα
1270 1889 1579 1964 Σωκρατην
1609 1904 1760 1949 ποιει

415 1971 742 2048 “Ποέσχουσι
778 1973 844 2047 δὴ
876 1979 932 2031 οἱ
961 1976 1076 2047 ἐμοὶ
1100 1973 1524 2047 συγγιγνόμενοι
1554 1968 1758 2033 ταύτὸν
1787 1989 1905 2041 ταῖς

295 2056 632 2125 τικτούσαις·
682 2056 947 2116 ὠδίνουσι
986 2056 1092 2131 γαρ
1142 2061 1232 2115 καὶ
1274 2057 1505 2131 ἀπορίας
1539 2062 1905 2132 ἐμπίπλανται

296 2141 499 2210 νύκτας
529 2166 587 2199 τε
619 2145 710 2201 καὶ
742 2139 947 2217 ἡμέρας
979 2140 1121 2200 πολὺ
1143 2146 1353 2215 μᾶλλον
1376 2138 1409 2215 ἢ
1435 2146 1654 2202 ἐκεῖναι.
1698 2141 1904 2215 ταύτην

249 2251 271 2283 b
299 2227 358 2283 δὲ
388 2225 489 2300 τὴν
520 2225 695 2285 ὠδῖνα
729 2231 963 2300 ἐγείρειν
991 2251 1050 2284 τε
1080 2229 1172 2283 καὶ
1202 2225 1513 2284 ἀποπαύειν
1542 2223 1576 2299 ἡ
1612 2226 1710 2300 ε’μὴ
1739 2229 1903 2301 τέχνη
1927 2248 1968 2281 25

297 2308 580 2368 δύναταί”

422 2404 582 2453 XLVI.
633 2398 742 2452 Τοῦ
766 2394 1053 2468 προφήτου
1065 2393 1312 2467 Ἰεζεκιὴλ
1335 2393 1614 2468 φήσαντος
1629 2390 1756 2453 “noel
1786 2396 1905 2465 ἐγέ-

297 2500 421 2533 νετο
455 2474 538 2533 ἐπ’
576 2477 668 2550 ἐμὲ
698 2481 814 2551 χεὶρ
840 2486 1056 2552 κυρίου,
1089 2482 1181 2536 καὶ
1211 2480 1380 2551 εἶδον,
1413 2481 1503 2535 καὶ
1537 2476 1660 2536 ἰδού
1685 2482 1903 2551 πνεῦμα

299 2563 515 2633 ἐξαῑρον
547 2559 739 2635 ἤρχετο
780 2560 887 2618 ἀπὸ
926 2560 1158 2637 βορρᾶ,”
1220 2565 1310 2619 καὶ
1349 2565 1470 2636 ἑξῆς
1503 2560 1749 2627 εἰπόντος
1771 2559 1901 2618 “uoci

300 2647 360 2702 ἐν
390 2647 467 2720 τῷ
495 2646 663 2721 μέσῳ,
697 2641 769 2712 ὥς
800 2643 1047 2719 ὁμοίωμα
1069 2645 1354 2719 τεσσάρων
1378 2645 1543 2722 ζῴων.
1589 2643 1736 2717 καὶὴ
1767 2643 1900 2719 ὅρα-
1925 2667 1966 2699 30

413 2839 462 2876 21
499 2830 549 2877 ἐν
575 2831 837 2892 Θεαιτήτῳ]
872 2851 914 2891 p.
941 2840 1032 2880 151.
