2014 3146
601 127 815 168 PRAEP.
846 128 1067 170 EVANG.
1100 127 1204 171 XII.
1237 130 1303 170 29.
1676 125 1774 176 119

161 239 567 343 διακονήματα,
608 238 727 299 οἷον
760 241 1257 317 στρωματόδεσμον
1280 239 1373 343 μὴ
1407 243 1774 314 ἐπισταμένου

163 325 644 398 συσκευάσασθαι,
676 328 816 400 μηδὲ
845 326 985 397 ὄψον
1015 323 1238 401 ἡδῦναι,
1270 322 1304 399 ἢ
1327 331 1525 394 θῶπας
1549 325 1773 399 λόγους

165 411 194 469 ὁ
229 411 282 470 δ’
329 412 401 468 αὐ
441 435 506 468 τα
546 435 648 484 μεν
687 415 916 469 τοιαῦτα
955 411 1136 469 πάντα
1168 413 1485 485 δυναμένου
1514 413 1688 485 τορῶς
1718 435 1776 469 τε

163 499 255 554 καὶ
298 493 462 564 ὀξέως
504 501 815 570 διακονεῖν,
864 493 1282 569 ἀναβάλλεσθαι
1324 497 1385 553 δὲ
1426 492 1528 553 οὐκ
1561 499 1774 552 ἐπιστα-

115 583 333 656 5μένου
380 582 466 636 ἐπὶ
510 579 659 649 δεξιοὶ
703 584 1039 654 ἐλευθέρως,
1098 578 1228 638 οὐδ’
1271 576 1544 654 ἁρμονίαν
1593 579 1776 653 λόγων

161 664 427 739 λαβόντος
451 663 638 738 ὀρθῶς
668 661 912 738 ὑμνῆσαι
935 670 1091 723 θεῶν
1113 688 1172 722 τε
1204 667 1296 722 καὶ
1328 662 1555 739 ἀνδρῶν
1586 662 1774 722 εὐδαι-

161 750 349 823 μόνων
380 756 507 821 βίον
538 746 739 822 ἀληθῆ.

293 839 370 891 14.
419 839 494 892 Εἰ
529 833 766 906 πάντας,
811 826 853 890 ὦ
896 832 1222 906 Σώκρατες,
1264 841 1483 900 πείθοις
1524 830 1557 888 ἃ
1600 835 1774 905 λέγεις

163 918 348 992 ὥσπερ
382 919 502 991 ἐμὲ,
535 924 744 976 πλείων
774 913 844 975 ἂν
877 916 1069 991 εἰρήνη
1111 920 1205 975 καὶ
1234 915 1378 975 κακοὶ
1412 915 1615 975 έλάττω
1647 915 1770 974 κατ’

97 1027 139 1060 10
161 1002 498 1076 ἀνθρώπους
531 1011 631 1076 εἰή.

281 1084 431 1146 Ἀλλ’
465 1084 586 1144 οὔτ’
631 1086 941 1146 ἀπολέσθαι
971 1085 1037 1144 τὰ
1068 1085 1211 1144 κακοὶ
1243 1085 1513 1159 δυνατὸν,
1560 1079 1601 1143 ὦ
1637 1085 1776 1144 Θεό-

164 1178 333 1246 δωρε·
375 1170 716 1230 ὑπεναντίον
746 1172 851 1245 γάρ
883 1197 932 1229 τι
963 1175 1037 1248 τῷ
1069 1169 1266 1249 ἀγαθῷ
1298 1169 1385 1230 ἀεὶ
1428 1172 1570 1229 εἶναι
1600 1169 1775 1243 ἀναγ-

161 1274 256 1331 κη·
312 1253 432 1314 οὔτ’
479 1259 540 1313 ἐν
576 1267 731 1323 θεοῖς
773 1255 913 1314 αὐτὰ
957 1260 1256 1331 ἱδρῦσθαι,
1311 1256 1413 1330 τὴν
1455 1257 1517 1313 δὲ
1556 1254 1775 1328 θνητὴν

161 1340 335 1414 φύσιν
387 1342 479 1398 καὶ
529 1339 694 1398 τόνδε
732 1339 827 1398 τ’ὁν
866 1339 1038 1398 τόπον
1077 1349 1368 1413 περιπολεῖ
1405 1344 1457 1409 ἐξ
1511 1339 1771 1413 ἀνάγκης.

96 1447 140 1480 15
165 1431 245 1484 15.
290 1423 376 1483 διὸ
421 1427 512 1482 καὶ
551 1429 855 1499 πειρᾶσθαι
893 1424 995 1500 χρὴ
1038 1428 1272 1482 ἐνθένδε
1323 1429 1500 1482 ἐκεῖσε
1542 1423 1774 1498 φεύγειν

159 1509 241 1568 ὅτι
271 1509 512 1583 τάχιστα.
555 1508 707 1583 φυγὴ
740 1511 802 1568 δε
830 1509 1091 1582 ὁμοίωσις
1114 1514 1231 1586 θεῷ
1255 1509 1394 1567 κατὰ
1417 1509 1476 1567 τὸ
1504 1507 1771 1567 δυνατόν·

162 1592 418 1669 ὁμοίωσις
451 1595 514 1651 δε
546 1600 764 1652 δίκαιον
795 1592 936 1652 καὶ
916 1591 1073 1652 όσιον
1102 1593 1237 1666 μετὰ
1268 1593 1592 1669 φρονήσεως
1622 1596 1774 1666 γενέ-

163 1690 314 1738 σθαι.
377 1676 515 1779 ἀλλα
545 1677 678 1753 γὰρ,
725 1705 767 1736 ω
798 1677 1016 1752 ἄριστε,
1058 1677 1125 1736 οὐ
1158 1677 1307 1736 πάνυ
1337 1703 1389 1736 τι
1422 1677 1620 1754 ῥοίδιον
1650 1693 1774 1735 πεῖ-

161 1782 252 1821 σαι
284 1788 356 1830 ως
396 1761 504 1838 ἀρα
543 1762 643 1837 οὐχ
686 1789 765 1821 ων
806 1768 970 1822 ε’νεκα
1001 1788 1053 1821 οι
1078 1771 1277 1821 πολλοί
1294 1782 1431 1836 φασι
1456 1769 1577 1821 δεῖν
1601 1785 1775 1835 πονη-

95 1871 141 1904 20
164 1855 293 1923 ρίαν
323 1873 424 1922 μεν
453 1847 712 1922 φεύγειν,
743 1846 946 1923 ἀρετὴν
978 1849 1041 1905 δὲ
1075 1847 1326 1920 διώκειν,
1369 1847 1584 1906 τούτων
1614 1845 1775 1921 χάριν

161 1932 222 1991 τὸ
252 1933 355 2007 μὲν
386 1935 804 2006 ἐπιτηδευτέον,
835 1931 896 1991 τὸ
929 1930 988 1990 δ’
1021 1929 1119 2006 οὗ,
1156 1937 1249 1990 ἵνα
1282 1933 1350 2005 δὴ
1387 1933 1461 2006 μὴ
1486 1930 1652 2000 κακὸς
1682 1934 1774 1988 καὶ

162 2022 256 2075 ἵνα
286 2015 498 2090 ἀγαθὸς
542 2021 680 2092 δοκῇ
720 2018 879 2076 εἶναι.
946 2023 1025 2074 16.
1060 2022 1232 2075 ταῦτα
1271 2018 1375 2091 μὲν
1414 2016 1519 2091 γάρ
1564 2014 1771 2075 ἐστινὸ

78 2156 104 2167 ,
163 2100 454 2204 λεγόμενος
506 2105 696 2176 γραῶν
736 2100 940 2174 ὕθλος,
990 2101 1062 2167 ὡς
1105 2104 1222 2175 ἐμοὶ
1271 2108 1555 2173 φαίνεται·
1610 2100 1670 2157 τὸ
1713 2101 1773 2156 δὲ

162 2183 369 2259 ἀληθες
401 2187 510 2244 ωδε
540 2190 786 2260 λέγομεν.
854 2186 986 2252 θεὸς
1017 2183 1236 2259 ουδαμῆ
1276 2182 1533 2258 οὐδαμως
1562 2182 1773 2256 ἀδικος,

97 2293 142 2324 25
165 2267 287 2326 ἀλλ’
334 2293 407 2335 ως
448 2268 568 2327 οἶόν
611 2293 671 2327 τε
718 2269 1088 2341 δικαιότατος,
1147 2272 1238 2326 καὶ
1283 2267 1385 2327 οὐκ
1435 2272 1582 2326 ἐστιν
1623 2265 1776 2325 αὐτω

162 2349 480 2426 ὁμοιότερον
519 2350 689 2410 ουδεν
729 2377 762 2426 η
803 2377 862 2419 ος
902 2349 973 2410 ἂν
1011 2350 1171 2426 ἡμων
1210 2345 1283 2410 αὖ
1322 2355 1549 2426 γένηται
1577 2350 1660 2410 ότι
1693 2359 1772 2409 δι-

164 2436 464 2504 καιότατος.
537 2439 660 2510 περὶ
702 2436 901 2495 τούτου
933 2440 1023 2494 καὶ
1063 2434 1098 2511 ἡ
1142 2462 1214 2505 ως
1254 2436 1480 2510 ἀληθως
1521 2437 1771 2510 δεινότης

163 2520 368 2596 ἀνδρὸς
399 2523 491 2578 καὶ
522 2517 555 2594 ἡ
581 2520 840 2579 οὐδένειά
869 2545 928 2579 τε
959 2524 1050 2579 καὶ
1082 2518 1116 2595 ἡ
1147 2521 1437 2596 ἀνανδρία.
1489 2528 1567 2580 17.
1602 2521 1636 2595 ἡ
1668 2524 1770 2596 μὲν

163 2604 268 2680 γὰρ
308 2605 508 2664 τούτου
548 2609 752 2679 γνῶσις
795 2612 967 2679 σοφία
1007 2609 1100 2664 καὶ
1139 2604 1306 2679 ἀρετὴ
1337 2605 1607 2679 ἀληθινὴ,
1640 2603 1674 2679 ἡ
1709 2606 1803 2663 δὲ(

100 2687 360 2762 εοᾶγνοια
400 2689 617 2764 ἀμαθία
647 2693 740 2748 καὶ
779 2697 946 2748 κακία
978 2690 1234 2766 ἐναργής·
1283 2695 1345 2748 αἱ
1383 2690 1432 2748 δ’
1470 2689 1630 2748 ἄλλαι
1663 2696 1771 2747 δει-

164 2773 386 2847 νότητές
427 2798 486 2832 τε
532 2780 795 2833 δοκοῦσαι
849 2778 942 2833 καὶ
983 2782 1176 2848 σοφίαι
1219 2779 1277 2833 ἐν
1322 2777 1425 2848 μὲν
1465 2783 1771 2853 πολιτικαῖς

167 2863 520 2926 δυναστείαις
572 2859 899 2933 γιγνόμεναι
956 2862 1244 2934 φορτικαὶ,
1314 2863 1374 2917 ἐν
1435 2861 1496 2917 δὲ
1553 2861 1770 2932 τέχναις
