2014 3146
294 126 395 178 110
961 126 1210 169 EUSEBII

410 241 663 314 Ἀνάγκη.

415 331 463 383 2.
512 331 632 391 Πᾶς
677 328 739 382 δέ
776 349 838 398 γε
879 323 1043 391 αὐτὸς
1083 323 1254 383 αὑτοῦ
1297 326 1631 400 κουφότερος
1682 337 1897 400 αἴρεται

291 414 382 467 καὶ
422 412 634 482 γέγηθέ
670 432 728 467 τε
771 411 862 466 καὶ
894 416 1202 482 παρρησίας
1235 413 1606 484 ἐμπίμπλαται
1636 414 1728 469 καὶ
1758 410 1896 484 ἀνη-

178 515 270 558 [351]
290 501 546 560 κουστίας
579 497 638 551 ἐν
667 497 743 570 τῷ
773 492 1003 569 τοιούτῳ
1033 496 1145 550 τῶν
1175 497 1372 566 πέλας,
1403 492 1589 569 ἅρχων
1620 493 1673 553 δ’
1709 495 1895 562 ἱκανὸς

287 578 429 647 ἀξιοῖ
460 577 631 636 αὑτοῦ
661 602 720 636 τε
751 580 842 635 καὶ
873 582 986 635 τῶν
1015 575 1201 635 ἄλλων
1229 582 1533 652 γεγονέναι.
1939 601 1965 633 5

428 669 495 720 Τί
520 661 658 736 μήν;

414 751 463 804 3.
517 744 742 805 Οὐκοῦν
773 753 1003 820 ἔφαμεν,
1027 745 1161 804 ὅταν
1189 754 1406 820 γίνηται
1428 751 1618 820 ταῦτα,
1643 746 1897 821 καθάπερ

180 831 411 891 (598)τινα
453 836 715 905 σίδηρον,
756 829 851 898 τας
892 829 1070 904 ψυχας
1107 837 1221 888 τῶν
1261 830 1539 890 πινόντων
1591 831 1897 904 διαπύρους

241 2718 258 2740 C

291 918 581 989 γινομένας
611 918 1001 988 μαλακωτέρας
1029 921 1289 987 γίνεσθαι
1307 918 1411 974 ’καὶ
1446 920 1736 990 νεωτέρας,
1761 913 1894 974 ὥστ’

292 997 609 1073 εὐαγώγους
649 1003 979 1073 ξυμβαίνειν
1019 1004 1093 1076 τῷ
1139 1002 1432 1077 δυναμένῳ
1462 1025 1521 1059 τε
1551 1004 1644 1058 καὶ
1676 1004 1897 1058 ἐπιστα-
1921 1023 1961 1056 10

287 1088 437 1162 μένω
477 1084 770 1142 παιδεύειν
799 1109 858 1142 τε
889 1087 980 1141 καὶ
1010 1082 1300 1157 πλαττειν,
1343 1084 1598 1160 καθαπερ
1640 1083 1718 1142 ὅτ’
1755 1077 1898 1158 ἦσαν

289 1171 436 1239 νέαι;
530 1174 580 1226 4.
628 1173 824 1226 τοῦτον
866 1170 926 1226 δε
970 1169 1115 1226 εἶναι
1154 1166 1251 1226 τόν
1290 1168 1539 1242 πλαστην
1581 1168 1679 1226 τὸν
1708 1168 1898 1242 αὐτὸν,

290 1252 475 1327 ὥσπερ
505 1252 646 1325 τότε,
678 1253 775 1310 τὸν
805 1251 1022 1326 αγαθὸν
1052 1255 1392 1326 νομοθέτην,
1424 1279 1490 1311 ου
1521 1252 1724 1327 νόμους
1757 1253 1899 1312 εἶναι

292 1343 380 1395 δεῖ
407 1337 808 1411 συμποτικούς,
854 1340 1201 1410 δυναμένους
1234 1337 1331 1395 τὸν
1366 1336 1593 1396 εύελπιν
1624 1339 1718 1396 καὶ
1753 1349 1898 1411 θαρ-

291 1423 489 1495 ραλέον
535 1425 748 1480 ἐκεῖνον
788 1420 1084 1495 γινόμενον
1123 1424 1215 1479 καὶ
1257 1419 1758 1497 ἀναισχυντότερον
1797 1426 1897 1481 τοῦ
1922 1445 1961 1478 15

291 1510 531 1579 δέοντος,
564 1509 656 1564 καὶ
686 1505 754 1564 οὐ
784 1509 1023 1565 θέλοντα
1053 1505 1207 1575 τάξιν
1237 1510 1330 1564 καὶ
1359 1507 1419 1564 τὸ
1452 1505 1589 1564 κατὰ
1618 1509 1782 1581 μέρος
1813 1525 1893 1564 σι-

289 1594 389 1667 γῆς
429 1593 520 1648 καὶ
569 1589 737 1663 λόγου
780 1594 873 1648 καὶ
915 1590 1128 1658 πόσεως
1169 1593 1261 1648 καὶ
1309 1590 1518 1665 μούσης
1575 1587 1896 1666 ὑπομένειν,

290 1677 508 1733 ἐθέλειν
538 1689 718 1732 ποιεῖν
750 1675 930 1733 πάντα
960 1674 1173 1742 τούτοις
1212 1673 1505 1749 τάναντία,
1547 1678 1638 1734 καὶ
1671 1675 1898 1734 εἰσιόντι

288 1764 363 1835 τῷ
394 1757 468 1832 μὴ
500 1762 650 1836 καλῷ
680 1759 880 1834 θάρρει
911 1759 1008 1818 τὸν
1037 1759 1330 1818 κάλλιστον
1361 1758 1768 1834 διαμαχόμενον
1798 1759 1897 1833 φό-

290 1850 392 1915 βον
425 1846 746 1917 εἰσπέμπειν
785 1849 936 1910 οἴους
975 1868 1034 1902 τε
1074 1843 1216 1902 εἶναι
1245 1842 1382 1917 μετα
1425 1849 1607 1918 δίκης,
1650 1842 1715 1902 ὃν
1756 1848 1894 1901 αἰδῶ
1918 1868 1960 1900 20

288 1951 347 1984 τε
378 1930 469 1984 καὶ
500 1928 773 2001 αἰσχύνην
802 1938 963 1986 θεῖον
993 1927 1173 2001 φόβον
1205 1926 1582 2002 ὠνομάκαμεν.

399 2010 554 2069 ’Ἐστι
584 2016 770 2070 ταῦτα.

425 2095 651 2154 Τούτων
705 2098 772 2153 δέ
814 2119 877 2168 γε
924 2100 1037 2154 τῶν
1078 2094 1266 2170 νόμων
1319 2096 1463 2154 εἶναι
1503 2095 1895 2169 νομοφύλακας

290 2182 382 2237 καὶ
413 2180 894 2255 συνδημιουργοὺς
934 2179 1122 2248 αὐτοῖς
1161 2180 1287 2248 τοὺς
1328 2177 1646 2253 αθορύβους
1677 2183 1769 2238 καὶ
1799 2179 1893 2254 νή-

290 2261 528 2336 ‹pov‘cocgn'
1917 2287 1958 2319 25

455 2347 756 2416 ,Εἰκότως
798 2353 1094 2422 τοιγαροῦν
1134 2351 1226 2406 καὶ
1267 2347 1401 2423 ἡμῖν
1442 2347 1629 2416 αὐτοῖς
1671 2351 1731 2406 ἐν
1781 2364 1893 2417 τοῖς

290 2438 615 2504 συμποσίοις
647 2429 792 2508 ᾠδὰς
823 2436 915 2490 καὶ
945 2431 1155 2506 ὕμνους
1201 2440 1278 2501 εἰς
1316 2431 1455 2491 θεὸν
1493 2436 1895 2507 πεποιημένους

289 2512 448 2589 ᾅδειν
471 2517 860 2589 παραδέδοται,
879 2523 976 2574 τοῦ
999 2516 1371 2590 προσήκοντος
1395 2517 1605 2591 κόσμου
1625 2523 1737 2575 τῶν
1759 2515 1888 2590 παρ’

289 2595 422 2672 ἡμῖν
452 2597 721 2671 φυλάκων
753 2603 1175 2674 ἐπιμελομένων.
1762 2648 1764 2650 -

417 2694 559 2743 XXV.
610 2690 682 2740 Εί
719 2686 820 2756 μέν
859 2708 940 2750 τις
971 2684 1154 2757 πόλις,
1199 2681 1271 2750 ὥς
1301 2682 1470 2758 οὔσης
1501 2687 1775 2757 σπονδῆς,
1816 2687 1891 2761 τῷ
1914 2707 1956 2740 30

403 2877 456 2917 30
488 2871 553 2918 Εἰ
579 2873 668 2929 μέν
698 2890 769 2925 τις
797 2879 871 2925 —-]
902 2877 1016 2918 Ibid.
1046 2891 1089 2930 p.
1121 2878 1216 2918 673.
