2014 3146
629 102 842 143 PRAEP.
878 101 1100 144 EVANG.
1131 104 1255 143 XIV.
1291 103 1355 146 18.
1684 102 1786 154 303

179 237 412 285 σκοντας
443 216 515 284 (ὃς
547 216 724 290 ἄδηλα
766 217 945 276 πάντα
978 228 1062 291 εἰη
1095 224 1259 276 δυοῖν
1288 216 1558 291 θατερον,
1590 213 1624 291 ἢ
1655 239 1789 276 σιω-

178 309 290 360 πᾶν
320 299 354 375 ἢ
385 300 808 376 ἀποφαίνεσθαί
832 327 885 360 τι
915 305 1007 360 καὶ
1038 306 1232 375 λεᾛγειν
1305 309 1356 360 εἰ
1382 304 1485 376 μὲν
1514 303 1620 361 οὐν
1649 299 1786 376 ἡσυ-

179 393 305 460 χίαν
335 385 543 460 ἄγοιεν,
579 385 798 459 δῆλον
779 383 862 444 ότι
892 386 1028 462 πρός
1052 411 1116 460 γε
1140 386 1268 454 τούς
1291 386 1571 454 τοιούτους
1601 387 1788 456 οὐδεὶς

178 469 248 529 ἂν
280 481 364 544 εἴη
395 470 582 544 λόγος·
631 478 683 529 εἰ
704 469 757 529 δ’
791 469 1211 544 ἄποφαίνοιντο,
1236 470 1414 545 ποὲντη
1446 497 1504 529 τε
1535 474 1627 529 καὶ
1651 471 1786 530 πάν-

134 584 154 616 5
178 581 282 623 τως
314 552 346 628 ἢ
380 556 527 613 εἷναί
553 580 604 613 τι
635 571 802 629 φαῖεν
831 553 901 613 ἂν
931 552 964 630 ἢ
994 556 1068 629 μὴ
1101 555 1270 629 εἶναι,
1314 555 1569 631 καθάπερ
1600 554 1809 630 ἀμέλει,

178 647 312 699 νυνί
338 658 512 714 φασιν
544 639 615 708 ὡς
648 651 733 713 εἴη
764 639 944 698 πάντα
974 639 1232 713 ἄγνωστα
1260 643 1352 697 καὶ
1382 641 1614 714 νομιστά
1636 645 1783 700 πᾶσι.

178 730 224 782 9.
275 721 348 791 ως
381 723 430 781 δ’
468 722 635 782 οὐδὲν
664 729 824 782 τοῦτο
855 732 1050 782 τοίνυν
1089 724 1117 782 ὁ
1158 722 1328 793 ἀξιῶν
1371 723 1488 797 ἤτοι
1529 731 1690 798 δηλοῖ
1726 726 1786 783 τὸ

177 813 400 882 πρᾶγμα
432 811 524 865 καὶ
555 816 769 866 ἔνεστιν
799 806 934 866 αὐτὸ
965 823 1221 867 συνεῖναι
1252 807 1578 882 λεγόμενον,
1621 807 1654 882 ἢ
1685 809 1787 867 οὐκ

177 898 404 951 ἔνεστιν.
481 890 603 950 ἀλλ’
639 899 689 950 εἰ
716 894 818 966 μὲν
849 891 917 951 οὐ
949 899 1126 966 δηλοῖ,
1158 892 1416 961 καθάπαξ
1447 891 1632 959 οὐδεὶς
1658 891 1783 950 οὐδ’

115 1006 153 1038 ιο
177 975 322 1035 οὕτω
353 975 487 1051 πρὸς
517 978 614 1036 τὸν
642 982 894 1036 τοιοῦτον
932 974 1002 1035 ἂν
1045 986 1129 1050 εἴη
1171 977 1344 1051 λόγος.
1422 984 1473 1035 εἰ
1503 979 1564 1035 δε
1594 985 1787 1052 σημαί-
1807 998 1896 1042 (760)

176 1086 282 1134 νοι,
314 1085 531 1129 παντως
572 1059 606 1134 ἢ
646 1060 846 1136 ἄπειρα
855 1066 1055 1163 Ηλέγοι
1066 1058 1136 1119 ἂν
1167 1059 1200 1135 ἢ
1233 1065 1648 1136 πεπερασμένα
1697 1066 1786 1120 καὶ

179 1152 230 1204 εἰ
257 1171 359 1220 μεν
389 1145 622 1218 ἄπειρα,
654 1145 776 1204 οὐδ’
814 1144 990 1214 οὕτως
1020 1172 1091 1204 αν
1123 1156 1208 1219 εἴη
1240 1146 1403 1220 λόγος
1431 1147 1567 1220 πρὸς
1598 1145 1786 1221 αὐτὸν,

176 1228 410 1305 απείρου
441 1256 545 1305 γαρ
576 1236 779 1304 γνῶσις
810 1229 917 1289 οὐκ
948 1239 1087 1289 ε”στι
1135 1235 1572 1306 πεπερασμένων
1605 1230 1710 1290 δε’
1693 1232 1788 1290 όν-

175 1340 287 1373 των
316 1340 428 1373 των
460 1320 819 1389 δηλουμένων
850 1313 884 1388 ἢ
924 1317 1044 1383 ἑνὸς
1085 1315 1320 1374 ὁτουοῦν
1349 1315 1377 1373 ὁ
1409 1341 1569 1374 τουτο
1611 1319 1788 1389 λέγων

112 1427 151 1459 15
175 1398 341 1474 ὁρίζει
372 1425 422 1457 τι
453 1403 544 1457 καὶ
586 1408 778 1472 κρίνει.
856 1423 972 1467 πως
1014 1394 1116 1458 οὖν
1157 1398 1413 1474 ἄγνωστα
1455 1403 1547 1458 καὶ
1592 1398 1789 1458 ἀνεπί-

177 1509 336 1559 κριτα
365 1507 544 1543 παντα
578 1496 662 1557 εἰη
693 1483 789 1555 ἇν;
867 1492 918 1543 εἰ
946 1486 1008 1543 δὲ
1038 1493 1178 1558 φαίη
1209 1483 1373 1543 ταύτὸ
1405 1488 1497 1543 καὶ
1530 1485 1672 1543 εἶναι
1696 1487 1788 1542 καὶ

176 1570 250 1642 μὴ
292 1569 461 1642 εἶναι,
503 1573 723 1643 πρῶτον
761 1570 863 1643 μὲν
905 1576 1056 1627 ἔσται
1094 1570 1259 1627 ταυτὸ
1302 1572 1393 1627 καὶ
1438 1567 1644 1643 ἀληθὲς
1697 1572 1788 1627 καὶ

178 1656 411 1726 ψεῦδος,
460 1661 646 1711 ἔπειτα
688 1655 748 1711 δὲ
792 1658 908 1728 ἐρεῖ
943 1679 995 1711 τι
1035 1657 1127 1711 καὶ
1168 1653 1273 1712 οὐκ
1307 1658 1457 1727 ἐρεῖ,
1507 1656 1599 1711 καὶ
1642 1653 1787 1731 λόγῳ

178 1736 454 1811 χρώμενος
494 1735 784 1811 ἀναιρήσει
825 1737 1020 1812 λόγον,
1065 1746 1143 1796 ἔτι
1177 1740 1238 1796 δὲ
1268 1734 1553 1812 ὁμολογῶν
1583 1738 1788 1807 ψεύδε-

113 1850 154 1882 20
178 1833 315 1879 σθαι
345 1821 627 1881 πιστεύειν
673 1826 853 1900 ἑαυτῷ
891 1844 1029 1897 φησι
1061 1829 1197 1881 δεῖν.
1292 1828 1372 1881 ΙΟ.
1420 1822 1572 1892 ἄξιον
1605 1825 1666 1880 δὲ
1699 1831 1789 1896 ζη-
1811 1848 1833 1881 b

177 1911 338 1980 τῆσαι
368 1906 549 1965 πόθεν
579 1909 670 1964 καὶ
700 1906 974 1981 μαθόντες
1004 1906 1186 1981 ἄδηλα
1215 1906 1396 1965 πάντα
1427 1910 1603 1981 φασὶν
1628 1908 1784 1966 εἶναι.

181 1996 270 2048 δεῖ
295 1991 398 2066 γὰρ
434 1995 641 2049 εἰδέναι
672 1991 942 2066 πρότερον
982 1989 1183 2058 αὐτοὺς
1221 1999 1279 2049 τί
1316 1991 1385 2064 δή
1422 1989 1546 2050 ποτ’
1583 1995 1696 2050 ἐστὶ
1728 1992 1786 2049 τὸ

181 2078 376 2147 δῆλον·
424 2074 568 2133 οὕτω
609 2081 748 2148 γοῦν
787 2074 857 2134 ἂν
898 2083 1075 2150 ἔχοιεν
1114 2080 1296 2149 λέγειν
1341 2072 1413 2143 ὥς
1452 2076 1556 2134 οὐκ
1598 2085 1682 2149 εἴη
1723 2076 1788 2132 τὰ

180 2157 472 2233 πράγματα
501 2164 740 2218 τοιαῦτα.
802 2163 1024 2233 πρῶτον
1053 2161 1158 2233 γὰρ
1192 2163 1401 2217 εἰδέναι
1431 2161 1533 2234 χρὴ
1563 2161 1665 2232 τὴν
1689 2184 1789 2216 κα-

116 2271 156 2304 25
180 2242 441 2317 τάφασιν,
476 2245 590 2301 εἶτα
620 2245 722 2317 τὴν
751 2243 1048 2317 ἀπόφασιν.
1099 2251 1150 2302 εἰ
1179 2247 1239 2301 δὲ
1270 2241 1570 2316 ἀγνοοῦσιν
1592 2241 1788 2301 ὁποῖόν

181 2332 295 2386 ἐστι
346 2326 406 2385 τὸ
449 2332 646 2401 δῆλον,
699 2325 803 2386 οὐκ
843 2324 913 2386 ὅὶν
954 2334 1157 2386 εἰδεῖεν
1199 2326 1331 2386 οὐδὲ
1372 2336 1427 2386 τί
1462 2326 1521 2386 τὸ
1563 2327 1786 2401 ἄδηλον.

183 2417 264 2470 11.
308 2408 516 2469 ὁπόταν
557 2436 620 2485 γε
657 2412 769 2486 μὴν
808 2419 1187 2487 Αἰνησίδημος
1229 2416 1288 2470 ἐν
1325 2417 1391 2487 τῇ
1433 2411 1788 2471 ὑποτυπώσει

179 2497 306 2563 τοὺς
340 2499 500 2554 ἐννέα
533 2500 704 2571 διεξίῃ
736 2495 971 2570 τρόπους
1003 2497 1166 2571 (κατὰ
1195 2497 1490 2564 τοσούτους
1520 2522 1624 2571 γαρ
1650 2495 1788 2554 ἄπο-

181 2588 408 2654 φαίνειν
436 2579 615 2654 αδηλα
645 2606 711 2638 τα
740 2605 1031 2655 πραγματα
1055 2582 1405 2657 πεπείραται)
1431 2580 1666 2656 πότερον
1690 2606 1786 2638 αυ-

117 2691 160 2724 30
181 2665 284 2723 τὸν
310 2690 503 2739 φωμεν
535 2664 718 2723 εἰδότα
747 2668 930 2738 λέγειν
959 2663 1217 2733 αυτούς
1194 2691 1228 2739 η
1258 2665 1593 2739 ἀγνοοῦντας
1649 2668 1787 2739 φησὶ
1808 2701 1826 2723 e

182 2774 287 2823 γαρ
315 2774 399 2808 οτι
428 2775 493 2807 τα
524 2755 633 2827 ζωα
664 2753 934 2825 διαφέρει,
967 2754 1056 2808 καὶ
1087 2750 1243 2825 ἡμεῖς
1273 2748 1450 2823 αυτοὶ,
1483 2753 1574 2808 καὶ
1606 2754 1669 2806 αἱ
1686 2749 1788 2806 πό-

184 2842 314 2907 λεις,
347 2837 438 2892 καὶ
468 2839 525 2892 οἱ
551 2841 690 2907 βίοι,
733 2838 826 2892 καὶ
864 2833 930 2892 τὰ
963 2842 1085 2908 ἔθη,
1118 2837 1209 2893 καὶ
1241 2841 1294 2893 οἱ
1323 2834 1508 2909 νόμοι·
1571 2836 1662 2891 καὶ
1693 2831 1787 2900 τὰς
