2014 3146
585 120 799 164 PRAEP.
831 120 1050 163 EVANG.
1082 121 1186 162 ΧΠ.
1208 120 1276 161 50.
1309 121 1378 162 51.
1687 117 1786 169 141

177 241 348 296 ταῦτα
377 234 570 309 οὕτως,
602 227 691 310 ἆρ’
728 234 830 294 οὐκ
870 239 924 304 ἐξ
966 234 1209 309 ἀνάγκης
1239 236 1305 292 τὰ
1336 238 1514 309 ψυχῆς
1545 237 1794 308 συγγενῆ

180 320 418 396 πρότερα
458 316 528 378 ἂν
569 330 654 394 εἴη
696 319 962 393 γεγονότα
992 323 1103 378 τῶν
1134 318 1346 393 σῶματι
1375 318 1789 395 προσηκόντων,

179 403 347 479 οὔσης
377 430 440 479 γε
471 403 641 478 αὐτῆς
672 406 1049 480 πρεσβυτέρας
1079 399 1114 477 ἢ
1145 403 1421 479 σῶματος;

299 489 554 563 Ἀνάγκη.

136 599 157 631 5
311 579 390 632 10.
440 573 594 642 Δόξα
635 572 704 647 δὴ
746 575 837 631 καὶ
879 574 1158 647 ἐπιμέλεια
1198 575 1290 630 καὶ
1320 576 1454 639 νοῦς
1500 574 1592 629 καὶ
1626 575 1790 646 τέχνη

178 660 270 716 καὶ
302 658 468 732 νόμος
500 661 757 731 σκληρῶν
779 659 872 715 καὶ
895 661 1157 731 μαλακῶν
1181 659 1271 714 καὶ
1296 659 1516 731 βαρέων
1540 659 1631 713 καὶ
1661 655 1787 715 κού-

178 768 306 816 φων
355 742 596 818 πρότερα
643 739 714 800 ἂν
756 751 866 814 εἴη·
943 744 1034 798 καὶ
1084 740 1152 813 δὴ
1194 744 1286 798 καὶ
1327 739 1394 798 τὰ
1435 740 1646 814 μεγάλα
1701 743 1793 798 καὶ

180 830 372 898 πρῶτα
402 835 535 902 ἔργα
567 829 658 884 καὶ
691 825 912 900 πράξεις
943 828 1133 899 τέχνης
1173 821 1244 884 ἂν
1272 832 1536 898 γίγνοιτο,
1567 823 1700 882 ὄντα
1733 829 1792 883 ἐν

181 910 438 986 πρῶτοις,
469 909 537 968 τα
570 911 630 968 δὲ
659 909 831 984 φύσει
862 912 955 968 καὶ
985 908 1172 983 φύσις,
1203 906 1275 983 ἣν
1298 908 1401 968 οὐκ
1424 907 1609 983 ὀρθῶς
1634 905 1792 967 αὐτοὶ
1817 930 1837 962 b

119 1021 160 1052 ιο
184 994 607 1070 ἐπονομάζουσι,
647 993 846 1052 τούτου
898 993 1104 1068 ὕστερα
1159 997 1251 1052 καὶ
1301 992 1582 1069 ἀρχόμενα
1622 990 1692 1051 ἂν
1734 996 1794 1051 ἐκ

178 1082 370 1154 τέχνης
403 1090 486 1155 εἴη
517 1083 610 1138 καὶ
639 1083 759 1137 νοῦ.

307 1169 440 1232 Πῶς
470 1163 574 1222 οὐκ
603 1160 815 1238 ὀρθῶς;

311 1254 393 1307 11.
443 1247 625 1308 Φύσιν
657 1246 952 1320 βούλονται
983 1249 1165 1321 λέγειν
1193 1250 1414 1319 γε’νεσιν
1442 1245 1544 1320 τὴν
1572 1249 1699 1320 περὶ
1729 1244 1795 1304 τὰ

183 1337 388 1408 πρῶτα.
466 1339 516 1391 εἰ
549 1334 611 1390 δὲ
641 1331 950 1406 φανήσεται
981 1330 1129 1406 ψυχὴ
1161 1336 1400 1406 πρῶτον,
1433 1330 1500 1389 οὐ
1524 1334 1637 1406 πῦρ
1661 1328 1794 1389 οὐδὲ

121 1440 162 1473 15
184 1416 309 1494 ἀὴρ,
340 1417 490 1492 ψυχὴ
534 1416 584 1474 δ’
633 1421 694 1475 ἐν
733 1415 969 1491 πρώτοις
1000 1417 1362 1490 γεγενημένη,
1395 1414 1596 1490 σχεδὸν
1624 1413 1765 1490 ὀρθό

182 1527 317 1560 τατα
348 1500 546 1575 λέγοιτ’
583 1498 653 1559 ἂν
686 1501 830 1558 εἶναι
863 1499 1239 1574 διαφερόντως
1262 1500 1444 1574 φύσει.
1491 1499 1646 1558 ταῦτ’
1678 1497 1794 1558 ἔσθ’

183 1585 360 1654 οὕτως
401 1591 620 1661 ἔχοντα,
663 1581 734 1643 ἂν
773 1583 960 1659 ψυχήν
998 1609 1079 1652 τις
1123 1588 1369 1661 ἐπιδείξῃ
1413 1586 1796 1659 πρεσβυτέραν

184 1663 359 1729 οὖσαν
389 1669 657 1745 σώματος,
688 1668 866 1738 ἄλλως
900 1669 961 1727 δὲ
992 1668 1268 1744 οὐδαμῶς.

306 1752 678 1829 Ἀληθέστατα
708 1756 898 1828 λέγεις.

123 1862 164 1894 20
313 1851 388 1900 LI.
432 1837 562 1913 ’Ἁγε
593 1838 682 1913 δὴ,
712 1838 852 1897 θεὸν
883 1847 938 1897 εἴ
953 1862 1086 1898 ποτε
1108 1841 1491 1912 παρακλητέον
1513 1834 1666 1912 ἡμῖν,
1691 1841 1798 1896 νῦν
1823 1865 1839 1888 e

188 1930 325 1982 ἔστω
366 1928 526 1982 τοῦτο
567 1922 711 1982 οὕτω
752 1922 1078 1998 γενόμενον·
1139 1926 1230 1981 ἐπί
1271 1949 1334 1997 γε
1372 1920 1657 1991 ἀπόδειξιν
1696 1920 1798 1994 τὴν

188 2003 392 2082 αὐτῶν,
426 2004 498 2076 ῶς
532 2010 659 2081 εἰσὶ,
690 2012 909 2083 σπουδῇ
940 2008 1088 2084 πάσῃ
1120 2006 1626 2084 παρακεκλήσθων’
1679 2005 1798 2081 ἐχό-

188 2116 346 2166 μενοι
379 2094 438 2150 δὲ
463 2091 536 2160 ῶς
558 2117 706 2161 τινος
730 2091 1015 2166 ἀσφαλοῦς
1037 2097 1334 2166 πείσματος
1359 2097 1799 2164 ἐπεισβαίνωμεν

191 2182 268 2244 εἰς
298 2176 395 2234 τὸν
425 2180 531 2235 νῦν
561 2176 741 2250 λόγον.
816 2181 914 2233 καί
938 2201 1029 2250 μοι
1066 2179 1404 2253 ἐλεγχομένω
1434 2177 1561 2248 περὶ
1591 2199 1656 2232 τα
1686 2198 1799 2231 τοι·
1822 2193 1845 2225 d

128 2281 170 2314 25
194 2264 333 2317 αὔτα
374 2259 672 2334 ἐρωτήσεσι
712 2265 957 2318 τοιαῖσδε
977 2257 1364 2333 ἀσφαλέστατα
1393 2256 1799 2334 αποκρίνεσθαι

192 2349 448 2449 φαίνεται
480 2368 616 2401 κατα
645 2343 792 2402 ταδε.
874 2348 921 2401 2.
971 2368 1014 2401 ω
1044 2341 1239 2417 ξένε,“
1213 2344 1420 2403 οπόταν
1450 2345 1533 2419 φῇ
1561 2368 1661 2417 τις,
1693 2346 1799 2418 ἀρα

194 2431 389 2501 ε’στηκε
426 2452 529 2501 μεν
568 2451 767 2501 παντα,
808 2442 1042 2486 κινεῖται
1084 2429 1145 2486 δε
1175 2427 1365 2502 οὐδεν,
1407 2426 1440 2503 ἢ
1481 2428 1656 2487 τούτω
1686 2433 1799 2486 πᾶν

194 2510 550 2582 τούναντίον;
596 2509 629 2585 ἢ
669 2511 733 2570 τὰ
771 2512 875 2586 μὲν
916 2511 1102 2571 αὐτῶν
1133 2527 1394 2587 κινεῖται,
1425 2513 1491 2571 τὰ
1524 2515 1585 2571 δὲ
1615 2516 1797 2587 μένει;

204 2595 282 2654 Τὰ
314 2597 416 2670 μὲν
447 2603 686 2654 κινεῖταί
711 2619 839 2669 που,
873 2596 1054 2670 φήσω,
1084 2596 1152 2655 τὰ
1184 2599 1246 2656 δὲ
1274 2601 1441 2672 με’νει.
1518 2600 1665 2656 Μῶν
1695 2590 1799 2655 οὖν

133 2703 174 2735 30
197 2678 300 2738 οὐκ
332 2683 390 2738 ἐν
419 2679 570 2757 χώρᾳ
600 2683 710 2738 τινὶ
739 2679 806 2738 τά
835 2703 894 2737 τε
934 2684 1139 2740 ἑστῶτα
1167 2686 1360 2756 ἕστηκε
1391 2685 1483 2741 καὶ
1513 2681 1578 2740 τὰ
1608 2681 1799 2740 κινού-

309 2877 364 2916 20
383 2865 485 2926 ’Ἄγε
508 2870 568 2927 δὴ
592 2870 665 2927 -]
700 2873 833 2914 Plato
856 2877 969 2929 Leg.
992 2890 1033 2929 p.
1057 2878 1152 2919 893.
