2014 3146
626 131 839 191 PRAEP.
861 130 1082 173 EVANG.
1107 131 1230 172 xlv.
1260 133 1300 174 1.
1324 133 1363 174 2.
1704 129 1810 182 255

198 245 450 320 πρώτους
482 252 783 319 ἔσκωπτεν,
815 243 963 315 ὅπως
995 247 1057 304 δὲ
1086 244 1215 312 τούς
1238 244 1538 312 Πλάτωνος
1567 251 1809 314 οἰκείους

197 356 256 390 τε
287 334 379 388 καὶ
413 330 706 404 διαδόχους
736 329 915 388 ἄλλοι·
971 334 1063 388 καὶ
1095 323 1165 388 αὖ
1196 329 1366 387 πάλιν
1395 330 1543 397 ὅπως
1573 335 1631 388 oc
1656 330 1807 388 Πλά-

197 440 371 482 τωνος
404 418 610 491 ἑταῖροι
639 413 706 472 τὰ
746 415 893 489 σοφὰ
930 418 1027 488 τῆς
1061 414 1470 489 Ἀριστοτέλους
1507 422 1808 483 πολυνοίας

199 497 536 574 ἄπήλεγχον·
607 497 757 566 ὅπως
800 496 863 558 θ’
913 504 969 557 oc
1015 498 1113 558 τὸν
1147 496 1527 574 Ἀριστοτέλην
1571 503 1664 557 καὶ
1713 499 1812 558 τὸν

155 609 176 642 5
198 591 520 659 Περίπατον
549 583 851 658 αὐχοῦντες
881 584 946 646 τὰ
979 587 1250 642 δοκοῦντα
1274 599 1386 652 τοῖς
1416 584 1518 658 τὴν
1550 587 1810 643 ἐναντίαν

199 668 572 744 πρεσβεύουσι
611 667 671 726 τὸ
711 669 895 743 μηθὲν
943 666 1076 726 ὄντα
1127 677 1427 743 παρίστων.
1508 674 1556 726 3.
1600 672 1692 726 καὶ
1743 669 1809 727 τά

201 752 357 812 δεινὰ
390 755 570 811 δὲκαὶ
612 751 817 827 ἀκριβῆ
856 757 952 825 τῆς
991 759 1103 810 τῶν
1143 760 1414 810 Στωϊκῶν
1454 761 1810 826 λεπτολογίας

200 835 292 910 ἐἶφ’
330 841 534 910 ἑτέρων
566 829 639 894 αὖ
668 836 836 894 πάλιν
866 835 990 905 ὄψει
1021 836 1474 911 καταγελώμενα,
1511 836 1720 904 πάντας
1751 863 1810 895 τε

200 921 554 996 πανταχόθεν
584 921 721 979 κατὰ
751 926 863 979 τῶν
894 924 1061 988 πέλας
1106 925 1464 995 κονιομένους
1509 924 1600 979 καὶ
1630 921 1810 996 μάχην

115 1032 179 1064 -1o
201 1010 292 1065 καὶ
323 1006 506 1080 πάλην
536 1005 920 1078 ἀνδρικώτατα
952 1010 1420 1080 συνισταμένους,
1465 1005 1536 1075 ὡς
1580 1005 1671 1063 διὰ
1702 1031 1810 1080 χει-
1834 1030 1852 1052 e

202 1095 316 1166 ρών
345 1090 454 1164 ἤδη
486 1094 577 1148 καὶ
607 1090 870 1164 γλώττης,
902 1087 935 1163 ἢ
960 1094 1170 1164 μᾶλλον
1194 1091 1286 1149 διὰ
1317 1089 1565 1164 καλάμου
1597 1093 1690 1148 καὶ
1720 1094 1811 1164 μέ-

202 1185 388 1248 λανος,
428 1173 526 1233 τὸν
556 1176 693 1233 κατὰ
734 1174 990 1249 ἀλλήλων
1031 1173 1235 1243 αὐτοὺς
1269 1175 1510 1250 πόλεμον
1553 1179 1814 1249 ἐπιτειχί-

204 1269 421 1333 ζεσθαι,
466 1263 765 1334 μονονουχὶ
805 1259 1109 1332 βάλλοντας
1150 1263 1241 1318 καὶ
1283 1263 1658 1335 βαλλομένους
1698 1274 1813 1327 τοῖς

205 1344 295 1403 δια
337 1345 519 1419 λόγων
562 1344 764 1417 δόρασί
797 1370 856 1403 τε
900 1347 992 1402 καὶ
1038 1353 1408 1419 παντευχιάις.
1476 1349 1524 1402 4.
1575 1348 1812 1420 περιέξει

142 1453 181 1486 15
206 1428 260 1488 δ’
294 1426 429 1504 ἡμῖν
458 1428 518 1487 τὸ
549 1428 777 1487 στάδιον
810 1433 870 1487 έν
898 1433 976 1506 τῷ
1005 1434 1257 1507 γυμνικῷ
1285 1434 1429 1506 τῷδε
1470 1427 1643 1503 ἀγῶνι
1674 1454 1811 1503 γυμ-

203 1513 335 1581 νοῦς
367 1513 634 1587 ἀληθείας
666 1513 879 1587 ἁπάσης
911 1514 1047 1587 πρὸς
1076 1528 1190 1581 τοῖς
1222 1521 1528 1587 δηλωθεῖσι
1559 1515 1651 1570 καὶ
1683 1512 1812 1582 τούς

204 1603 375 1656 πᾶσιν
404 1595 543 1672 ὁμοῦ
574 1612 687 1664 τοῖς
721 1604 1071 1672 δογματικοῖς
1102 1598 1428 1673 φιλοσόφοις
1472 1602 1523 1667 ἐξ
1558 1603 1812 1667 ἐναντίας

180 1683 513 1758 ,ἀραμένους
543 1682 609 1740 τὰ
638 1681 800 1756 ὅπλα,
832 1683 959 1750 τοὺς
991 1682 1134 1757 ἀμφὶ
1173 1683 1460 1758 Πύρρωνα
1492 1686 1663 1755 λέγω,
1707 1708 1812 1757 μη-

208 1769 304 1826 δὲν
336 1768 478 1826 εἶναι
509 1767 858 1841 καταληπτὸν
891 1771 951 1826 έν
981 1765 1302 1843 ἀνθρώποις
1327 1766 1810 1842 ἀποφηναμένους,

142 1875 183 1907 20
207 1855 298 1910 καὶ
327 1851 457 1920 τούς
487 1877 546 1910 τε
576 1850 698 1910 κατ’
725 1852 1083 1927 Ἀρίστιππον
1105 1852 1247 1927 μόνα
1277 1855 1536 1926 λέγοντας
1566 1852 1632 1909 τὰ
1656 1851 1811 1925 πάθη
1839 1875 1861 1906 d

208 1938 350 1995 εἶναι
381 1937 717 2011 καταληπτά,
751 1939 841 1994 καὶ
874 1931 946 1994 αὖ
977 1937 1146 1995 πάλιν
1175 1936 1304 2006 τοὺς
1336 1938 1474 1995 κατὰ
1507 1936 1811 2012 Μητρόδω-

206 2046 306 2096 ρον
347 2025 438 2079 καὶ
476 2021 859 2095 Πρωταγόραν
909 2022 1103 2096 μόναις
1156 2028 1279 2080 δεῖν
1329 2021 1643 2096 φάσκοντας
1694 2036 1814 2088 ταῖς

205 2109 305 2163 τοῦ
355 2105 603 2180 σώματος
655 2105 937 2164 πιστεύειν
987 2106 1297 2180 αἰσθήσεσι.
1377 2111 1423 2163 5.
1473 2113 1708 2179 ἔμπαλιν
1755 2107 1815 2162 δὲ

207 2189 421 2256 τούτοις
473 2189 939 2264 συναποδύσομεν
989 2188 1118 2257 τούς
1169 2189 1310 2263 ἀμφὶ
1349 2189 1679 2263 Ξενοφάνην
1723 2192 1816 2246 καὶ

145 2295 187 2327 25
210 2279 577 2348 Παρμενίδην
615 2272 718 2346 τὴν
759 2277 1018 2332 ἐναντίαν
1058 2276 1544 2347 παραταξαμένους
1587 2276 1677 2331 καὶ
1720 2272 1815 2342 τὰς

210 2357 498 2430 αἰσθήσεις
529 2355 840 2425 ἀνελόντας.
897 2364 944 2416 6.
994 2355 1061 2416 οὐ
1092 2357 1412 2432 παρήσομεν
1445 2360 1503 2416 δὲ
1534 2357 1664 2417 οὐδὲ
1688 2357 1816 2427 τούς

209 2446 304 2515 τῆς
334 2439 538 2515 ἡδονῆς
567 2442 900 2517 προμάχους,
931 2441 1070 2500 ἀλλὰ
1100 2445 1190 2500 καὶ
1222 2443 1436 2501 τούτων
1465 2441 1563 2502 τὸν
1591 2442 1816 2517 ἀριστέα

204 2524 534 2600 Ἐπίκουρον
572 2526 678 2584 σὺν
719 2541 833 2595 τοϊς
876 2530 1182 2602 εἰρημένοις
1223 2530 1603 2601 καταλέξομεν.
1681 2529 1816 2602 πρὸς

213 2609 460 2678 ἅπαντας
502 2612 562 2668 δὲ
603 2609 742 2685 ὁμοῦ
779 2625 892 2679 τοῖς
931 2615 1214 2687 σφετέροις
1258 2612 1442 2670 αὐτῶν
1483 2614 1668 2684 βέλεσι
1720 2611 1816 2669 τὸν

150 2717 192 2749 30
215 2693 337 2753 κατ’
373 2693 557 2754 αὐτῶν
587 2693 963 2770 ἀναθήσομεν
1005 2704 1244 2771 ἔλεγχον.
1315 2703 1360 2755 7.
1411 2700 1504 2754 καὶ
1543 2699 1656 2754 τών
1696 2700 1815 2752 ἐπί-

214 2789 354 2853 κλην
379 2781 440 2838 δὲ
460 2785 715 2853 φυσικῶν
746 2779 1010 2839 ἁπάντων
1025 2778 1165 2856 ὁμοῦ
1182 2784 1294 2839 τών
1323 2805 1381 2839 τε
1408 2780 1699 2854 δογμάτων
1722 2778 1815 2846 τὰς
1834 2809 1931 2850 (719)

219 2869 524 2938 διαφωνίας
555 2868 646 2922 καὶ
676 2869 772 2937 τῆς
802 2871 1050 2939 σπουδῆς
1079 2866 1180 2941 τὴν
1224 2865 1706 2941 ἆχρηστομάθειαν
1739 2870 1816 2931 εἰς
