<?xml version="1.0" encoding="UTF-8"?>
<!DOCTYPE html PUBLIC "-//W3C//DTD XHTML 1.0 Transitional//EN"
    "http://www.w3.org/TR/xhtml1/DTD/xhtml1-transitional.dtd">
<html xmlns="http://www.w3.org/1999/xhtml" xml:lang="en" lang="en">
 <head>
  <title>
</title>
<meta http-equiv="Content-Type" content="text/html;charset=utf-8" />
  <meta name='ocr-system' content='tesseract 3.04.00' />
  <meta name='ocr-capabilities' content='ocr_page ocr_carea ocr_par ocr_line ocrx_word'/>
</head>
<body>
  <div class='ocr_page' id='page_1' title='image "./operaeusebius02euseuoft_0366.png"; bbox 0 0 2014 3146; ppageno 0'>
   <div class='ocr_carea' id='block_1_1' title="bbox 256 95 1176 146">
    <p class='ocr_par' dir='ltr' id='par_1_1' title="bbox 256 95 1176 146">
     <span class='ocr_line' id='line_1_1' title="bbox 256 95 1176 146; baseline -0.013 0"><span class='ocrx_word' id='word_1_1' title='bbox 256 95 362 146; x_wconf 84' lang='lat'><strong><em>360</em></strong></span> <span class='ocrx_word' id='word_1_2' title='bbox 927 95 1176 136; x_wconf 78' lang='lat' dir='ltr'>EUSEBH</span> 
     </span>
    </p>
   </div>
   <div class='ocr_carea' id='block_1_2' title="bbox 134 206 1935 2901">
    <p class='ocr_par' dir='ltr' id='par_1_2' title="bbox 253 206 1869 541">
     <span class='ocr_line' id='line_1_2' title="bbox 253 206 1868 287; baseline 0.003 -19"><span class='ocrx_word' id='word_1_3' title='bbox 253 210 468 282; x_wconf 70' lang='grc' dir='ltr'><strong><em>τόπων,</em></strong></span> <span class='ocrx_word' id='word_1_4' title='bbox 502 213 691 283; x_wconf 91' lang='grc' dir='ltr'><strong><em>μένειν</em></strong></span> <span class='ocrx_word' id='word_1_5' title='bbox 721 206 791 267; x_wconf 72' lang='grc' dir='ltr'><strong><em>ἂν</em></strong></span> <span class='ocrx_word' id='word_1_6' title='bbox 821 209 1103 283; x_wconf 78' lang='grc' dir='ltr'><strong><em>προσήκοι.</em></strong></span> <span class='ocrx_word' id='word_1_7' title='bbox 1158 215 1238 268; x_wconf 94' lang='grc'><strong><em>11.</em></strong></span> <span class='ocrx_word' id='word_1_8' title='bbox 1273 214 1506 287; x_wconf 79' lang='grc' dir='ltr'><em>καὶπερὶ</em></span> <span class='ocrx_word' id='word_1_9' title='bbox 1537 219 1648 272; x_wconf 76' lang='grc' dir='ltr'><strong><em>τῶν</em></strong></span> <span class='ocrx_word' id='word_1_10' title='bbox 1678 213 1868 273; x_wconf 74' lang='grc' dir='ltr'><strong><em>ἄλλων</em></strong></span> 
     </span>
     <span class='ocr_line' id='line_1_3' title="bbox 254 294 1866 371; baseline 0.004 -20"><span class='ocrx_word' id='word_1_11' title='bbox 254 294 559 367; x_wconf 80' lang='grc' dir='ltr'><strong><em>σωμάτων,</em></strong></span> <span class='ocrx_word' id='word_1_12' title='bbox 599 297 1076 368; x_wconf 82' lang='grc' dir='ltr'><strong><em>ὑπεξαιρουμένου</em></strong></span> <span class='ocrx_word' id='word_1_13' title='bbox 1117 299 1221 353; x_wconf 83' lang='grc' dir='ltr'><strong><em>τσῦ</em></strong></span> <span class='ocrx_word' id='word_1_14' title='bbox 1271 299 1552 369; x_wconf 81' lang='grc' dir='ltr'><strong><em>πέμπτου,</em></strong></span> <span class='ocrx_word' id='word_1_15' title='bbox 1605 308 1866 371; x_wconf 91' lang='grc' dir='ltr'><strong><em>φαίνεται</em></strong></span> 
     </span>
     <span class='ocr_line' id='line_1_4' title="bbox 254 377 1860 453; baseline 0.004 -19"><span class='ocrx_word' id='word_1_16' title='bbox 254 385 588 451; x_wconf 77' lang='grc' dir='ltr'><strong><em>φιλονεικῶν</em></strong></span> <span class='ocrx_word' id='word_1_17' title='bbox 615 377 988 453; x_wconf 77' lang='grc' dir='ltr'><strong><em>Ἀριστοτέλης</em></strong></span> <span class='ocrx_word' id='word_1_18' title='bbox 1016 379 1090 453; x_wconf 84' lang='grc' dir='ltr'><strong><em>μὴ</em></strong></span> <span class='ocrx_word' id='word_1_19' title='bbox 1120 379 1186 436; x_wconf 79' lang='grc' dir='ltr'><strong><em>τὰ</em></strong></span> <span class='ocrx_word' id='word_1_20' title='bbox 1219 379 1363 438; x_wconf 81' lang='grc' dir='ltr'><strong><em>αὐτὰ</em></strong></span> <span class='ocrx_word' id='word_1_21' title='bbox 1386 383 1567 453; x_wconf 88' lang='grc' dir='ltr'><strong><em>λέγειν</em></strong></span> <span class='ocrx_word' id='word_1_22' title='bbox 1583 382 1860 441; x_wconf 75' lang='grc' dir='ltr'><strong><em>Πλάτωνι.</em></strong></span> 
     </span>
     <span class='ocr_line' id='line_1_5' title="bbox 254 462 1869 541; baseline 0.003 -22"><span class='ocrx_word' id='word_1_23' title='bbox 254 462 579 536; x_wconf 83' lang='grc' dir='ltr'><strong><em>ζητήσαντος</em></strong></span> <span class='ocrx_word' id='word_1_24' title='bbox 621 463 725 537; x_wconf 75' lang='grc' dir='ltr'><strong><em>γὰρ</em></strong></span> <span class='ocrx_word' id='word_1_25' title='bbox 765 467 866 520; x_wconf 77' lang='grc' dir='ltr'><strong><em>τοῦ</em></strong></span> <span class='ocrx_word' id='word_1_26' title='bbox 904 462 1206 532; x_wconf 69' lang='grc' dir='ltr'><strong><em>Πλάτωνος</em></strong></span> <span class='ocrx_word' id='word_1_27' title='bbox 1249 470 1299 522; x_wconf 91' lang='grc' dir='ltr'><strong><em>εἰ</em></strong></span> <span class='ocrx_word' id='word_1_28' title='bbox 1349 471 1463 522; x_wconf 85' lang='grc' dir='ltr'><strong><em>ἔστι</em></strong></span> <span class='ocrx_word' id='word_1_29' title='bbox 1502 465 1671 538; x_wconf 84' lang='grc' dir='ltr'><strong><em>φύσει</em></strong></span> <span class='ocrx_word' id='word_1_30' title='bbox 1719 467 1869 541; x_wconf 73' lang='grc' dir='ltr'><strong><em>βαρὺ</em></strong></span> 
     </span>
    </p>

    <p class='ocr_par' dir='ltr' id='par_1_3' title="bbox 207 543 1935 1382">
     <span class='ocr_line' id='line_1_6' title="bbox 207 543 1914 625; baseline 0.003 -21"><span class='ocrx_word' id='word_1_31' title='bbox 207 570 227 600; x_wconf 77' lang='lat' dir='ltr'>h</span> <span class='ocrx_word' id='word_1_32' title='bbox 253 550 407 620; x_wconf 72' lang='grc' dir='ltr'><strong><em>σῶμα</em></strong></span> <span class='ocrx_word' id='word_1_33' title='bbox 431 543 463 620; x_wconf 80' lang='grc' dir='ltr'><em>ἢ</em></span> <span class='ocrx_word' id='word_1_34' title='bbox 486 547 654 621; x_wconf 85' lang='grc' dir='ltr'><strong><em>φύσει</em></strong></span> <span class='ocrx_word' id='word_1_35' title='bbox 675 551 906 621; x_wconf 79' lang='grc' dir='ltr'><strong><em>κοῦφον,</em></strong></span> <span class='ocrx_word' id='word_1_36' title='bbox 930 551 1021 605; x_wconf 82' lang='grc' dir='ltr'><strong><em>καὶ</em></strong></span> <span class='ocrx_word' id='word_1_37' title='bbox 1045 547 1232 622; x_wconf 82' lang='grc' dir='ltr'><strong><em>ἐπειδὴ</em></strong></span> <span class='ocrx_word' id='word_1_38' title='bbox 1251 553 1422 606; x_wconf 80' lang='grc' dir='ltr'><strong><em>ταῦτα</em></strong></span> <span class='ocrx_word' id='word_1_39' title='bbox 1444 549 1579 607; x_wconf 77' lang='grc' dir='ltr'><strong><em>κατὰ</em></strong></span> <span class='ocrx_word' id='word_1_40' title='bbox 1606 548 1708 623; x_wconf 76' lang='grc' dir='ltr'><strong><em>τὴν</em></strong></span> <span class='ocrx_word' id='word_1_41' title='bbox 1730 553 1864 625; x_wconf 83' lang='grc' dir='ltr'><strong><em>πρὸς</em></strong></span> <span class='ocrx_word' id='word_1_42' title='bbox 1889 576 1914 609; x_wconf 85' lang='lat'>5</span> 
     </span>
     <span class='ocr_line' id='line_1_7' title="bbox 251 630 1866 708; baseline 0.003 -20"><span class='ocrx_word' id='word_1_43' title='bbox 251 631 310 688; x_wconf 87' lang='grc' dir='ltr'><strong><em>τὸ</em></strong></span> <span class='ocrx_word' id='word_1_44' title='bbox 341 630 457 689; x_wconf 74' lang='grc' dir='ltr'><strong><em>ἅνω</em></strong></span> <span class='ocrx_word' id='word_1_45' title='bbox 489 634 579 689; x_wconf 91' lang='grc' dir='ltr'><strong><em>καὶ</em></strong></span> <span class='ocrx_word' id='word_1_46' title='bbox 613 632 756 690; x_wconf 81' lang='grc' dir='ltr'><strong><em>κάτω</em></strong></span> <span class='ocrx_word' id='word_1_47' title='bbox 789 636 980 706; x_wconf 84' lang='grc' dir='ltr'><strong><em>σχέσιν</em></strong></span> <span class='ocrx_word' id='word_1_48' title='bbox 1010 637 1265 705; x_wconf 84' lang='grc' dir='ltr'><strong><em>ἐφαίνετο</em></strong></span> <span class='ocrx_word' id='word_1_49' title='bbox 1298 636 1562 706; x_wconf 80' lang='grc' dir='ltr'><strong><em>λέγεσθαι</em></strong></span> <span class='ocrx_word' id='word_1_50' title='bbox 1593 640 1866 708; x_wconf 80' lang='grc' dir='ltr'><strong><em>σκεψαμέ-</em></strong></span> 
     </span>
     <span class='ocr_line' id='line_1_8' title="bbox 254 716 1868 792; baseline 0.002 -19"><span class='ocrx_word' id='word_1_51' title='bbox 254 741 354 773; x_wconf 90' lang='grc' dir='ltr'><strong><em>νου</em></strong></span> <span class='ocrx_word' id='word_1_52' title='bbox 398 726 507 774; x_wconf 80' lang='grc' dir='ltr'><strong><em>εἴτε</em></strong></span> <span class='ocrx_word' id='word_1_53' title='bbox 550 721 669 774; x_wconf 83' lang='grc' dir='ltr'><strong><em>ἐστί</em></strong></span> <span class='ocrx_word' id='word_1_54' title='bbox 708 742 761 774; x_wconf 92' lang='grc' dir='ltr'><strong><em>τι</em></strong></span> <span class='ocrx_word' id='word_1_55' title='bbox 792 717 937 774; x_wconf 76' lang='grc' dir='ltr'><strong><em>κάτω</em></strong></span> <span class='ocrx_word' id='word_1_56' title='bbox 969 717 1136 790; x_wconf 85' lang='grc' dir='ltr'><strong><em>φύσει</em></strong></span> <span class='ocrx_word' id='word_1_57' title='bbox 1167 721 1259 775; x_wconf 85' lang='grc' dir='ltr'><strong><em>καὶ</em></strong></span> <span class='ocrx_word' id='word_1_58' title='bbox 1305 716 1448 790; x_wconf 79' lang='grc' dir='ltr'><strong><em>ἅνω,</em></strong></span> <span class='ocrx_word' id='word_1_59' title='bbox 1498 729 1605 776; x_wconf 74' lang='grc' dir='ltr'><strong><em>εἴτε</em></strong></span> <span class='ocrx_word' id='word_1_60' title='bbox 1635 719 1742 792; x_wconf 82' lang='grc' dir='ltr'><strong><em>μὴ,</em></strong></span> <span class='ocrx_word' id='word_1_61' title='bbox 1775 723 1868 777; x_wconf 85' lang='grc' dir='ltr'><strong><em>καὶ</em></strong></span> 
     </span>
     <span class='ocr_line' id='line_1_9' title="bbox 251 798 1870 876; baseline 0.003 -20"><span class='ocrx_word' id='word_1_62' title='bbox 251 798 646 868; x_wconf 75' lang='grc' dir='ltr'><strong><em>ἀποδείξαντος</em></strong></span> <span class='ocrx_word' id='word_1_63' title='bbox 672 800 913 874; x_wconf 71' lang='grc' dir='ltr'><strong><em>ἀκριβῶς</em></strong></span> <span class='ocrx_word' id='word_1_64' title='bbox 934 799 1015 858; x_wconf 77' lang='grc' dir='ltr'><strong><em>ὅτι</em></strong></span> <span class='ocrx_word' id='word_1_65' title='bbox 1044 802 1180 859; x_wconf 83' lang='grc' dir='ltr'><strong><em>κατὰ</em></strong></span> <span class='ocrx_word' id='word_1_66' title='bbox 1204 805 1306 876; x_wconf 76' lang='grc' dir='ltr'><strong><em>μὲν</em></strong></span> <span class='ocrx_word' id='word_1_67' title='bbox 1328 803 1423 869; x_wconf 76' lang='grc' dir='ltr'><strong><em>τὰς</em></strong></span> <span class='ocrx_word' id='word_1_68' title='bbox 1454 807 1566 860; x_wconf 76' lang='grc' dir='ltr'><strong><em>τῶν</em></strong></span> <span class='ocrx_word' id='word_1_69' title='bbox 1597 803 1870 876; x_wconf 77' lang='grc' dir='ltr'><strong><em>σωμάτων</em></strong></span> 
     </span>
     <span class='ocr_line' id='line_1_10' title="bbox 253 883 1869 960; baseline 0.001 -18"><span class='ocrx_word' id='word_1_70' title='bbox 253 883 388 959; x_wconf 80' lang='grc' dir='ltr'><strong><em>πρὸς</em></strong></span> <span class='ocrx_word' id='word_1_71' title='bbox 428 885 557 952; x_wconf 81' lang='grc' dir='ltr'><strong><em>τοὺς</em></strong></span> <span class='ocrx_word' id='word_1_72' title='bbox 596 885 800 952; x_wconf 82' lang='grc' dir='ltr'><strong><em>τόπους</em></strong></span> <span class='ocrx_word' id='word_1_73' title='bbox 842 885 1176 959; x_wconf 81' lang='grc' dir='ltr'><strong><em>οἰκειότητας</em></strong></span> <span class='ocrx_word' id='word_1_74' title='bbox 1218 885 1276 944; x_wconf 87' lang='grc' dir='ltr'><strong><em>τὸ</em></strong></span> <span class='ocrx_word' id='word_1_75' title='bbox 1308 911 1454 944; x_wconf 89' lang='grc' dir='ltr'><strong><em>κατω</em></strong></span> <span class='ocrx_word' id='word_1_76' title='bbox 1496 891 1705 960; x_wconf 82' lang='grc' dir='ltr'><strong><em>λέγοιτο</em></strong></span> <span class='ocrx_word' id='word_1_77' title='bbox 1740 887 1869 945; x_wconf 84' lang='grc' dir='ltr'><strong><em>ἑκα-</em></strong></span> 
     </span>
     <span class='ocr_line' id='line_1_11' title="bbox 251 966 1935 1046; baseline 0.001 -20"><span class='ocrx_word' id='word_1_78' title='bbox 251 990 397 1036; x_wconf 82' lang='grc' dir='ltr'><strong><em>στοις</em></strong></span> <span class='ocrx_word' id='word_1_79' title='bbox 440 967 529 1044; x_wconf 80' lang='grc' dir='ltr'><strong><em>ἐφ’</em></strong></span> <span class='ocrx_word' id='word_1_80' title='bbox 563 966 593 1027; x_wconf 76' lang='grc' dir='ltr'>ὃ</span> <span class='ocrx_word' id='word_1_81' title='bbox 623 974 911 1044; x_wconf 75' lang='grc' dir='ltr'><strong><em>φέροιντο,</em></strong></span> <span class='ocrx_word' id='word_1_82' title='bbox 953 967 1069 1029; x_wconf 81' lang='grc' dir='ltr'><strong><em>οἷνω</em></strong></span> <span class='ocrx_word' id='word_1_83' title='bbox 1111 972 1171 1028; x_wconf 92' lang='grc' dir='ltr'><strong><em>δε</em></strong></span> <span class='ocrx_word' id='word_1_84' title='bbox 1205 970 1454 1038; x_wconf 79' lang='grc' dir='ltr'><strong><em>ἑκαστοις</em></strong></span> <span class='ocrx_word' id='word_1_85' title='bbox 1485 970 1544 1029; x_wconf 82' lang='grc' dir='ltr'><strong><em>τὸ</em></strong></span> <span class='ocrx_word' id='word_1_86' title='bbox 1576 971 1868 1046; x_wconf 81' lang='grc' dir='ltr'><strong><em>ἀλλότριον</em></strong></span> <span class='ocrx_word' id='word_1_87' title='bbox 1892 995 1935 1028; x_wconf 85' lang='grc' dir='ltr'><strong><em>ιο</em></strong></span> 
     </span>
     <span class='ocr_line' id='line_1_12' title="bbox 251 1047 1868 1129; baseline 0.002 -19"><span class='ocrx_word' id='word_1_88' title='bbox 251 1052 347 1127; x_wconf 80' lang='grc' dir='ltr'><strong><em>ἀφ’</em></strong></span> <span class='ocrx_word' id='word_1_89' title='bbox 397 1047 462 1111; x_wconf 79' lang='grc' dir='ltr'><strong><em>οὗ</em></strong></span> <span class='ocrx_word' id='word_1_90' title='bbox 501 1053 871 1128; x_wconf 79' lang='grc' dir='ltr'><strong><em>αναχωροῐεν,</em></strong></span> <span class='ocrx_word' id='word_1_91' title='bbox 914 1057 1006 1112; x_wconf 86' lang='grc' dir='ltr'><strong><em>καὶ</em></strong></span> <span class='ocrx_word' id='word_1_92' title='bbox 1046 1080 1182 1113; x_wconf 86' lang='grc' dir='ltr'><strong><em>κατα</em></strong></span> <span class='ocrx_word' id='word_1_93' title='bbox 1213 1054 1314 1127; x_wconf 84' lang='grc' dir='ltr'><strong><em>τὴν</em></strong></span> <span class='ocrx_word' id='word_1_94' title='bbox 1352 1053 1525 1128; x_wconf 80' lang='grc' dir='ltr'><strong><em>αυτὴν</em></strong></span> <span class='ocrx_word' id='word_1_95' title='bbox 1556 1058 1745 1129; x_wconf 85' lang='grc' dir='ltr'><strong><em>σχέσιν</em></strong></span> <span class='ocrx_word' id='word_1_96' title='bbox 1776 1061 1868 1114; x_wconf 85' lang='grc' dir='ltr'><strong><em>καὶ</em></strong></span> 
     </span>
     <span class='ocr_line' id='line_1_13' title="bbox 248 1138 1868 1218; baseline 0.002 -23"><span class='ocrx_word' id='word_1_97' title='bbox 248 1138 309 1195; x_wconf 87' lang='grc' dir='ltr'><strong><em>τὸ</em></strong></span> <span class='ocrx_word' id='word_1_98' title='bbox 341 1139 486 1210; x_wconf 75' lang='grc' dir='ltr'><strong><em>βαρὺ</em></strong></span> <span class='ocrx_word' id='word_1_99' title='bbox 518 1142 608 1196; x_wconf 85' lang='grc' dir='ltr'><strong><em>καὶ</em></strong></span> <span class='ocrx_word' id='word_1_100' title='bbox 640 1138 698 1196; x_wconf 87' lang='grc' dir='ltr'><strong><em>τὸ</em></strong></span> <span class='ocrx_word' id='word_1_101' title='bbox 730 1143 943 1212; x_wconf 83' lang='grc' dir='ltr'><strong><em>κοῦφον</em></strong></span> <span class='ocrx_word' id='word_1_102' title='bbox 975 1145 1358 1213; x_wconf 82' lang='grc' dir='ltr'><strong><em>διανείμαντος</em></strong></span> <span class='ocrx_word' id='word_1_103' title='bbox 1389 1142 1480 1197; x_wconf 88' lang='grc' dir='ltr'><strong><em>καὶ</em></strong></span> <span class='ocrx_word' id='word_1_104' title='bbox 1514 1139 1649 1212; x_wconf 84' lang='grc' dir='ltr'><strong><em>πρὸς</em></strong></span> <span class='ocrx_word' id='word_1_105' title='bbox 1689 1140 1868 1218; x_wconf 80' lang='grc' dir='ltr'><strong><em>τούτῳ</em></strong></span> 
     </span>
     <span class='ocr_line' id='line_1_14' title="bbox 250 1222 1870 1299; baseline 0.002 -20"><span class='ocrx_word' id='word_1_106' title='bbox 250 1222 640 1290; x_wconf 76' lang='grc' dir='ltr'><strong><em>ἀποδείξαντος</em></strong></span> <span class='ocrx_word' id='word_1_107' title='bbox 671 1222 753 1280; x_wconf 78' lang='grc' dir='ltr'><strong><em>ὅτι</em></strong></span> <span class='ocrx_word' id='word_1_108' title='bbox 783 1222 919 1296; x_wconf 85' lang='grc' dir='ltr'><strong><em>μήτε</em></strong></span> <span class='ocrx_word' id='word_1_109' title='bbox 949 1223 1008 1280; x_wconf 84' lang='grc' dir='ltr'><strong><em>τὸ</em></strong></span> <span class='ocrx_word' id='word_1_110' title='bbox 1039 1228 1210 1297; x_wconf 86' lang='grc' dir='ltr'><strong><em>μέσον</em></strong></span> <span class='ocrx_word' id='word_1_111' title='bbox 1239 1225 1377 1297; x_wconf 85' lang='grc' dir='ltr'><strong><em>μήτε</em></strong></span> <span class='ocrx_word' id='word_1_112' title='bbox 1407 1225 1465 1282; x_wconf 84' lang='grc' dir='ltr'><strong><em>τὸ</em></strong></span> <span class='ocrx_word' id='word_1_113' title='bbox 1492 1227 1647 1299; x_wconf 82' lang='grc' dir='ltr'><strong><em>πέριξ</em></strong></span> <span class='ocrx_word' id='word_1_114' title='bbox 1679 1224 1870 1282; x_wconf 76' lang='grc' dir='ltr'><strong><em>αὐτῶν</em></strong></span> 
     </span>
     <span class='ocr_line' id='line_1_15' title="bbox 251 1306 1864 1382; baseline 0.002 -18"><span class='ocrx_word' id='word_1_115' title='bbox 251 1306 484 1380; x_wconf 79' lang='grc' dir='ltr'><strong><em>εὔλογον</em></strong></span> <span class='ocrx_word' id='word_1_116' title='bbox 514 1306 628 1365; x_wconf 76' lang='grc' dir='ltr'><strong><em>ἄνω</em></strong></span> <span class='ocrx_word' id='word_1_117' title='bbox 651 1332 701 1365; x_wconf 88' lang='grc' dir='ltr'><strong><em>τι</em></strong></span> <span class='ocrx_word' id='word_1_118' title='bbox 723 1306 755 1380; x_wconf 81' lang='grc' dir='ltr'>ἢ</span> <span class='ocrx_word' id='word_1_119' title='bbox 777 1307 922 1365; x_wconf 76' lang='grc' dir='ltr'><strong><em>κάτω</em></strong></span> <span class='ocrx_word' id='word_1_120' title='bbox 954 1311 1218 1381; x_wconf 84' lang='grc' dir='ltr'><strong><em>λέγεσθαι</em></strong></span> <span class='ocrx_word' id='word_1_121' title='bbox 1240 1324 1251 1336; x_wconf 84' lang='grc'><em>“</em></span> <span class='ocrx_word' id='word_1_122' title='bbox 1288 1314 1367 1366; x_wconf 72' lang='lat'><strong><em>12.</em></strong></span> <span class='ocrx_word' id='word_1_123' title='bbox 1401 1308 1498 1366; x_wconf 81' lang='grc' dir='ltr'><strong><em>ὅδε</em></strong></span> <span class='ocrx_word' id='word_1_124' title='bbox 1528 1308 1864 1382; x_wconf 81' lang='grc' dir='ltr'><strong><em>ἄντιτίθησι,</em></strong></span> 
     </span>
    </p>

    <p class='ocr_par' dir='ltr' id='par_1_4' title="bbox 200 1391 1933 1723">
     <span class='ocr_line' id='line_1_16' title="bbox 200 1391 1933 1467; baseline 0.002 -21"><span class='ocrx_word' id='word_1_125' title='bbox 200 1423 216 1445; x_wconf 87' lang='lat' dir='ltr'>c</span> <span class='ocrx_word' id='word_1_126' title='bbox 251 1392 604 1465; x_wconf 85' lang='grc' dir='ltr'><strong><em>πανταχόθεν</em></strong></span> <span class='ocrx_word' id='word_1_127' title='bbox 635 1392 1002 1465; x_wconf 77' lang='grc' dir='ltr'><strong><em>καταβάλλειν</em></strong></span> <span class='ocrx_word' id='word_1_128' title='bbox 1035 1399 1156 1451; x_wconf 80' lang='grc' dir='ltr'><strong><em>δεῖν</em></strong></span> <span class='ocrx_word' id='word_1_129' title='bbox 1186 1391 1490 1467; x_wconf 81' lang='grc' dir='ltr'><strong><em>ἡγούμενος</em></strong></span> <span class='ocrx_word' id='word_1_130' title='bbox 1526 1393 1592 1451; x_wconf 80' lang='grc' dir='ltr'><strong><em>τὰ</em></strong></span> <span class='ocrx_word' id='word_1_131' title='bbox 1626 1397 1862 1467; x_wconf 72' lang='grc' dir='ltr'><strong><em>ἐκείνου,</em></strong></span> <span class='ocrx_word' id='word_1_132' title='bbox 1890 1415 1933 1448; x_wconf 81' lang='lat'><strong><em>15</em></strong></span> 
     </span>
     <span class='ocr_line' id='line_1_17' title="bbox 250 1475 1865 1554; baseline 0.001 -21"><span class='ocrx_word' id='word_1_133' title='bbox 250 1479 340 1534; x_wconf 83' lang='grc' dir='ltr'><strong><em>καὶ</em></strong></span> <span class='ocrx_word' id='word_1_134' title='bbox 370 1475 430 1534; x_wconf 82' lang='grc' dir='ltr'><strong><em>τὸ</em></strong></span> <span class='ocrx_word' id='word_1_135' title='bbox 471 1478 571 1550; x_wconf 74' lang='grc' dir='ltr'><strong><em>μὲν</em></strong></span> <span class='ocrx_word' id='word_1_136' title='bbox 604 1479 692 1535; x_wconf 84' lang='grc' dir='ltr'><strong><em>ἐπὶ</em></strong></span> <span class='ocrx_word' id='word_1_137' title='bbox 724 1477 784 1535; x_wconf 86' lang='grc' dir='ltr'><strong><em>τὸ</em></strong></span> <span class='ocrx_word' id='word_1_138' title='bbox 814 1480 984 1550; x_wconf 86' lang='grc' dir='ltr'><strong><em>μέσον</em></strong></span> <span class='ocrx_word' id='word_1_139' title='bbox 1013 1477 1326 1552; x_wconf 89' lang='grc' dir='ltr'><strong><em>φερόμενον</em></strong></span> <span class='ocrx_word' id='word_1_140' title='bbox 1355 1477 1500 1554; x_wconf 74' lang='grc' dir='ltr'><strong><em>βαρύ</em></strong></span> <span class='ocrx_word' id='word_1_141' title='bbox 1531 1482 1714 1550; x_wconf 89' lang='grc' dir='ltr'><strong><em>λέγειν</em></strong></span> <span class='ocrx_word' id='word_1_142' title='bbox 1745 1477 1865 1550; x_wconf 79' lang='grc' dir='ltr'><strong><em>βιά-</em></strong></span> 
     </span>
     <span class='ocr_line' id='line_1_18' title="bbox 251 1560 1866 1636; baseline 0.001 -18"><span class='ocrx_word' id='word_1_143' title='bbox 251 1569 411 1632; x_wconf 83' lang='grc' dir='ltr'><strong><em>ζεται,</em></strong></span> <span class='ocrx_word' id='word_1_144' title='bbox 443 1560 503 1618; x_wconf 84' lang='grc' dir='ltr'><strong><em>τὸ</em></strong></span> <span class='ocrx_word' id='word_1_145' title='bbox 536 1563 596 1619; x_wconf 76' lang='grc' dir='ltr'><strong><em>δὲ</em></strong></span> <span class='ocrx_word' id='word_1_146' title='bbox 630 1564 718 1619; x_wconf 83' lang='grc' dir='ltr'><strong><em>ἐπὶ</em></strong></span> <span class='ocrx_word' id='word_1_147' title='bbox 757 1561 815 1619; x_wconf 79' lang='grc' dir='ltr'><strong><em>τὸ</em></strong></span> <span class='ocrx_word' id='word_1_148' title='bbox 849 1564 1002 1634; x_wconf 83' lang='grc' dir='ltr'><strong><em>πέριξ</em></strong></span> <span class='ocrx_word' id='word_1_149' title='bbox 1034 1567 1270 1635; x_wconf 84' lang='grc' dir='ltr'><strong><em>κοῦφον·</em></strong></span> <span class='ocrx_word' id='word_1_150' title='bbox 1316 1566 1408 1620; x_wconf 86' lang='grc' dir='ltr'><strong><em>καὶ</em></strong></span> <span class='ocrx_word' id='word_1_151' title='bbox 1437 1563 1533 1620; x_wconf 82' lang='grc' dir='ltr'><strong><em>τὸν</em></strong></span> <span class='ocrx_word' id='word_1_152' title='bbox 1563 1563 1666 1636; x_wconf 76' lang='grc' dir='ltr'><strong><em>μὲν</em></strong></span> <span class='ocrx_word' id='word_1_153' title='bbox 1695 1562 1866 1620; x_wconf 88' lang='grc' dir='ltr'><strong><em>τόπον</em></strong></span> 
     </span>
     <span class='ocr_line' id='line_1_19' title="bbox 249 1645 1606 1723; baseline 0.001 -21"><span class='ocrx_word' id='word_1_154' title='bbox 249 1645 344 1702; x_wconf 82' lang='grc' dir='ltr'><strong><em>τὸν</em></strong></span> <span class='ocrx_word' id='word_1_155' title='bbox 378 1651 437 1702; x_wconf 80' lang='grc' dir='ltr'><strong><em>ἐν</em></strong></span> <span class='ocrx_word' id='word_1_156' title='bbox 469 1649 617 1723; x_wconf 76' lang='grc' dir='ltr'><strong><em>μέσῳ</em></strong></span> <span class='ocrx_word' id='word_1_157' title='bbox 650 1646 796 1703; x_wconf 78' lang='grc' dir='ltr'><strong><em>κάτω</em></strong></span> <span class='ocrx_word' id='word_1_158' title='bbox 827 1649 998 1719; x_wconf 80' lang='grc' dir='ltr'><strong><em>φησὶ,</em></strong></span> <span class='ocrx_word' id='word_1_159' title='bbox 1030 1646 1127 1704; x_wconf 86' lang='grc' dir='ltr'><strong><em>τὸν</em></strong></span> <span class='ocrx_word' id='word_1_160' title='bbox 1162 1649 1220 1704; x_wconf 77' lang='grc' dir='ltr'><strong><em>δὲ</em></strong></span> <span class='ocrx_word' id='word_1_161' title='bbox 1251 1651 1406 1718; x_wconf 80' lang='grc' dir='ltr'><strong><em>πέριξ</em></strong></span> <span class='ocrx_word' id='word_1_162' title='bbox 1438 1646 1606 1705; x_wconf 77' lang='grc' dir='ltr'><strong><em>ἅνω.”</em></strong></span> 
     </span>
    </p>

    <p class='ocr_par' dir='ltr' id='par_1_5' title="bbox 247 1724 1929 2226">
     <span class='ocr_line' id='line_1_20' title="bbox 379 1724 1862 1804; baseline 0.001 -19"><span class='ocrx_word' id='word_1_163' title='bbox 379 1735 458 1787; x_wconf 79' lang='lat'><strong><em>13.</em></strong></span> <span class='ocrx_word' id='word_1_164' title='bbox 500 1729 664 1788; x_wconf 76' lang='grc' dir='ltr'><strong><em>Ἀλλὰ</em></strong></span> <span class='ocrx_word' id='word_1_165' title='bbox 695 1733 823 1804; x_wconf 87' lang='grc' dir='ltr'><strong><em>περὶ</em></strong></span> <span class='ocrx_word' id='word_1_166' title='bbox 845 1732 948 1804; x_wconf 75' lang='grc' dir='ltr'><strong><em>μὲν</em></strong></span> <span class='ocrx_word' id='word_1_167' title='bbox 978 1730 1214 1804; x_wconf 82' lang='grc' dir='ltr'><strong><em>κόσμου,</em></strong></span> <span class='ocrx_word' id='word_1_168' title='bbox 1247 1734 1337 1788; x_wconf 84' lang='grc' dir='ltr'><strong><em>καὶ</em></strong></span> <span class='ocrx_word' id='word_1_169' title='bbox 1365 1736 1418 1799; x_wconf 83' lang='grc' dir='ltr'><strong><em>ἐξ</em></strong></span> <span class='ocrx_word' id='word_1_170' title='bbox 1444 1724 1523 1788; x_wconf 66' lang='grc' dir='ltr'><strong><em>οἷν</em></strong></span> <span class='ocrx_word' id='word_1_171' title='bbox 1553 1724 1732 1801; x_wconf 75' lang='grc' dir='ltr'><strong><em>οὗτος,</em></strong></span> <span class='ocrx_word' id='word_1_172' title='bbox 1764 1733 1862 1787; x_wconf 81' lang='grc' dir='ltr'><strong><em>καὶ</em></strong></span> 
     </span>
     <span class='ocr_line' id='line_1_21' title="bbox 249 1811 1929 1888; baseline -0.001 -18"><span class='ocrx_word' id='word_1_173' title='bbox 249 1818 360 1871; x_wconf 77' lang='grc' dir='ltr'><strong><em>τῶν</em></strong></span> <span class='ocrx_word' id='word_1_174' title='bbox 399 1812 520 1871; x_wconf 85' lang='grc' dir='ltr'><strong><em>κατ’</em></strong></span> <span class='ocrx_word' id='word_1_175' title='bbox 564 1811 808 1887; x_wconf 78' lang='grc' dir='ltr'><strong><em>οὐρανὸν</em></strong></span> <span class='ocrx_word' id='word_1_176' title='bbox 844 1818 1109 1872; x_wconf 78' lang='grc' dir='ltr'><strong><em>τοσοῦτον</em></strong></span> <span class='ocrx_word' id='word_1_177' title='bbox 1158 1813 1415 1887; x_wconf 76' lang='grc' dir='ltr'><strong><em>ἀλλήλων</em></strong></span> <span class='ocrx_word' id='word_1_178' title='bbox 1455 1812 1856 1888; x_wconf 78' lang='grc' dir='ltr'><strong><em>ἆφεστήκατον.</em></strong></span> <span class='ocrx_word' id='word_1_179' title='bbox 1886 1837 1929 1869; x_wconf 82' lang='lat'><strong><em>20</em></strong></span> 
     </span>
     <span class='ocr_line' id='line_1_22' title="bbox 247 1895 1862 1972; baseline 0.001 -18"><span class='ocrx_word' id='word_1_180' title='bbox 247 1902 421 1956; x_wconf 77' lang='grc' dir='ltr'><strong><em>ταῦτα</em></strong></span> <span class='ocrx_word' id='word_1_181' title='bbox 463 1899 565 1971; x_wconf 75' lang='grc' dir='ltr'><strong><em>μὲν</em></strong></span> <span class='ocrx_word' id='word_1_182' title='bbox 606 1904 740 1956; x_wconf 79' lang='grc' dir='ltr'><strong><em>οἵδε.</em></strong></span> <span class='ocrx_word' id='word_1_183' title='bbox 813 1902 1027 1971; x_wconf 84' lang='grc' dir='ltr'><strong><em>Μωσῆς</em></strong></span> <span class='ocrx_word' id='word_1_184' title='bbox 1072 1900 1132 1956; x_wconf 72' lang='grc' dir='ltr'><strong><em>δὲ</em></strong></span> <span class='ocrx_word' id='word_1_185' title='bbox 1173 1902 1265 1956; x_wconf 86' lang='grc' dir='ltr'><strong><em>καὶ</em></strong></span> <span class='ocrx_word' id='word_1_186' title='bbox 1305 1899 1370 1956; x_wconf 79' lang='grc' dir='ltr'><strong><em>τὰ</em></strong></span> <span class='ocrx_word' id='word_1_187' title='bbox 1395 1895 1664 1972; x_wconf 82' lang='grc' dir='ltr'><strong><em>Ἑβραίων</em></strong></span> <span class='ocrx_word' id='word_1_188' title='bbox 1704 1898 1862 1972; x_wconf 82' lang='grc' dir='ltr'><strong><em>λόγια</em></strong></span> 
     </span>
     <span class='ocr_line' id='line_1_23' title="bbox 247 1980 1864 2056; baseline 0.001 -17"><span class='ocrx_word' id='word_1_189' title='bbox 247 1982 459 2039; x_wconf 85' lang='grc' dir='ltr'><strong><em>τούτων</em></strong></span> <span class='ocrx_word' id='word_1_190' title='bbox 489 1980 657 2042; x_wconf 76' lang='grc' dir='ltr'><strong><em>οὐδὲν</em></strong></span> <span class='ocrx_word' id='word_1_191' title='bbox 675 1991 1158 2056; x_wconf 83' lang='grc' dir='ltr'><strong><em>πολυπραγμονεῖ·</em></strong></span> <span class='ocrx_word' id='word_1_192' title='bbox 1207 1986 1299 2040; x_wconf 90' lang='grc' dir='ltr'><strong><em>καὶ</em></strong></span> <span class='ocrx_word' id='word_1_193' title='bbox 1325 1983 1574 2055; x_wconf 80' lang='grc' dir='ltr'><strong><em>εἰκότως,</em></strong></span> <span class='ocrx_word' id='word_1_194' title='bbox 1616 1981 1698 2040; x_wconf 79' lang='grc' dir='ltr'><strong><em>ὅτι</em></strong></span> <span class='ocrx_word' id='word_1_195' title='bbox 1722 1985 1864 2056; x_wconf 76' lang='grc' dir='ltr'><strong><em>μηδὲ</em></strong></span> 
     </span>
     <span class='ocr_line' id='line_1_24' title="bbox 249 2065 1863 2154; baseline 0.001 -31"><span class='ocrx_word' id='word_1_196' title='bbox 249 2068 384 2139; x_wconf 83' lang='grc' dir='ltr'><strong><em>πρὸς</em></strong></span> <span class='ocrx_word' id='word_1_197' title='bbox 416 2074 544 2139; x_wconf 87' lang='grc' dir='ltr'><strong><em>βίου</em></strong></span> <span class='ocrx_word' id='word_1_198' title='bbox 569 2066 923 2141; x_wconf 82' lang='grc' dir='ltr'><strong><em>κατόρθωσιν</em></strong></span> <span class='ocrx_word' id='word_1_199' title='bbox 945 2083 1058 2135; x_wconf 84' lang='grc' dir='ltr'><strong><em>τοῖς</em></strong></span> <span class='ocrx_word' id='word_1_200' title='bbox 1083 2069 1210 2154; x_wconf 67' lang='grc' dir='ltr'><strong><em>περὶ</em></strong></span> <span class='ocrx_word' id='word_1_201' title='bbox 1234 2072 1404 2125; x_wconf 83' lang='grc' dir='ltr'><strong><em>ταῦτα</em></strong></span> <span class='ocrx_word' id='word_1_202' title='bbox 1435 2065 1863 2142; x_wconf 74' lang='grc' dir='ltr'><strong><em>ἀσχολουμένοις</em></strong></span> 
     </span>
     <span class='ocr_line' id='line_1_25' title="bbox 253 2155 889 2226; baseline 0.002 -18"><span class='ocrx_word' id='word_1_203' title='bbox 253 2160 564 2219; x_wconf 83' lang='grc' dir='ltr'><strong><em>λυσιτελεῖν</em></strong></span> <span class='ocrx_word' id='word_1_204' title='bbox 603 2155 889 2226; x_wconf 84' lang='grc' dir='ltr'><strong><em>ἐνομίσθη.</em></strong></span> 
     </span>
    </p>

    <p class='ocr_par' dir='ltr' id='par_1_6' title="bbox 203 2234 1928 2562">
     <span class='ocr_line' id='line_1_26' title="bbox 203 2234 1928 2310; baseline -0.001 -19"><span class='ocrx_word' id='word_1_205' title='bbox 203 2260 224 2291; x_wconf 81' lang='lat' dir='ltr'>d</span> <span class='ocrx_word' id='word_1_206' title='bbox 375 2248 454 2296; x_wconf 88' lang='lat' dir='ltr'><strong><em>IX.</em></strong></span> <span class='ocrx_word' id='word_1_207' title='bbox 492 2234 705 2310; x_wconf 56' lang='lat' dir='ltr'><strong><em>“‘Ynsep</em></strong></span> <span class='ocrx_word' id='word_1_208' title='bbox 754 2237 815 2293; x_wconf 76' lang='grc' dir='ltr'><strong><em>δὲ</em></strong></span> <span class='ocrx_word' id='word_1_209' title='bbox 866 2239 961 2309; x_wconf 83' lang='grc' dir='ltr'><strong><em>τῆς</em></strong></span> <span class='ocrx_word' id='word_1_210' title='bbox 1014 2239 1191 2309; x_wconf 76' lang='grc' dir='ltr'><em>ψυχῆς</em></span> <span class='ocrx_word' id='word_1_211' title='bbox 1244 2242 1301 2293; x_wconf 90' lang='grc' dir='ltr'><strong><em>τί</em></strong></span> <span class='ocrx_word' id='word_1_212' title='bbox 1337 2239 1429 2293; x_wconf 87' lang='grc' dir='ltr'><strong><em>καὶ</em></strong></span> <span class='ocrx_word' id='word_1_213' title='bbox 1469 2239 1723 2310; x_wconf 73' lang='grc' dir='ltr'><strong><em>λέγοιμεν</em></strong></span> <span class='ocrx_word' id='word_1_214' title='bbox 1763 2234 1860 2306; x_wconf 74' lang='grc' dir='ltr'><strong><em>ἅν;</em></strong></span> <span class='ocrx_word' id='word_1_215' title='bbox 1884 2258 1928 2290; x_wconf 83' lang='lat'><strong><em>25</em></strong></span> 
     </span>
     <span class='ocr_line' id='line_1_27' title="bbox 249 2317 1854 2394; baseline 0 -18"><span class='ocrx_word' id='word_1_216' title='bbox 249 2323 389 2392; x_wconf 77' lang='grc' dir='ltr'><strong><em>δῆλα</em></strong></span> <span class='ocrx_word' id='word_1_217' title='bbox 429 2319 534 2393; x_wconf 74' lang='grc' dir='ltr'><strong><em>γὰρ</em></strong></span> <span class='ocrx_word' id='word_1_218' title='bbox 577 2325 750 2377; x_wconf 83' lang='grc' dir='ltr'><strong><em>ταῦτα</em></strong></span> <span class='ocrx_word' id='word_1_219' title='bbox 791 2319 858 2378; x_wconf 85' lang='grc' dir='ltr'><strong><em>οὐ</em></strong></span> <span class='ocrx_word' id='word_1_220' title='bbox 898 2318 1070 2394; x_wconf 90' lang='grc' dir='ltr'><strong><em>μόνον</em></strong></span> <span class='ocrx_word' id='word_1_221' title='bbox 1112 2334 1224 2387; x_wconf 77' lang='grc' dir='ltr'><strong><em>τοῖς</em></strong></span> <span class='ocrx_word' id='word_1_222' title='bbox 1255 2327 1690 2394; x_wconf 77' lang='grc' dir='ltr'><strong><em>φιλοσοφοῦσιν,</em></strong></span> <span class='ocrx_word' id='word_1_223' title='bbox 1734 2317 1854 2376; x_wconf 70' lang='grc' dir='ltr'><strong><em>ἀλλ’</em></strong></span> 
     </span>
     <span class='ocr_line' id='line_1_28' title="bbox 245 2402 1862 2477; baseline 0.001 -17"><span class='ocrx_word' id='word_1_224' title='bbox 245 2402 355 2477; x_wconf 80' lang='grc' dir='ltr'><strong><em>ἤδη</em></strong></span> <span class='ocrx_word' id='word_1_225' title='bbox 400 2404 599 2477; x_wconf 83' lang='grc' dir='ltr'><strong><em>σχεδὸν</em></strong></span> <span class='ocrx_word' id='word_1_226' title='bbox 642 2408 733 2462; x_wconf 89' lang='grc' dir='ltr'><strong><em>καὶ</em></strong></span> <span class='ocrx_word' id='word_1_227' title='bbox 773 2418 886 2472; x_wconf 77' lang='grc' dir='ltr'><strong><em>τοῖς</em></strong></span> <span class='ocrx_word' id='word_1_228' title='bbox 929 2403 1173 2472; x_wconf 75' lang='grc' dir='ltr'><strong><em>ἰδιώταις</em></strong></span> <span class='ocrx_word' id='word_1_229' title='bbox 1218 2403 1454 2477; x_wconf 73' lang='grc' dir='ltr'><strong><em>ἅπασιν,</em></strong></span> <span class='ocrx_word' id='word_1_230' title='bbox 1495 2402 1577 2462; x_wconf 76' lang='grc' dir='ltr'><strong><em>ὅτι</em></strong></span> <span class='ocrx_word' id='word_1_231' title='bbox 1620 2403 1862 2462; x_wconf 75' lang='grc' dir='ltr'><strong><em>Πλάτων</em></strong></span> 
     </span>
     <span class='ocr_line' id='line_1_29' title="bbox 245 2484 1860 2562; baseline 0.001 -18"><span class='ocrx_word' id='word_1_232' title='bbox 245 2489 346 2561; x_wconf 73' lang='grc' dir='ltr'><strong><em>μὲν</em></strong></span> <span class='ocrx_word' id='word_1_233' title='bbox 392 2487 677 2546; x_wconf 73' lang='grc' dir='ltr'><strong><em>ἀθάνατον</em></strong></span> <span class='ocrx_word' id='word_1_234' title='bbox 730 2487 832 2561; x_wconf 82' lang='grc' dir='ltr'><strong><em>τὴν</em></strong></span> <span class='ocrx_word' id='word_1_235' title='bbox 883 2484 1068 2562; x_wconf 82' lang='grc' dir='ltr'><strong><em>ψυχὴν</em></strong></span> <span class='ocrx_word' id='word_1_236' title='bbox 1108 2487 1425 2560; x_wconf 76' lang='grc' dir='ltr'><strong><em>ἀπολείπει,</em></strong></span> <span class='ocrx_word' id='word_1_237' title='bbox 1479 2491 1571 2545; x_wconf 85' lang='grc' dir='ltr'><strong><em>καὶ</em></strong></span> <span class='ocrx_word' id='word_1_238' title='bbox 1623 2488 1860 2555; x_wconf 75' lang='grc' dir='ltr'><strong><em>πολλοὺς</em></strong></span> 
     </span>
    </p>

    <p class='ocr_par' dir='ltr' id='par_1_7' title="bbox 134 2571 1860 2646">
     <span class='ocr_line' id='line_1_30' title="bbox 134 2571 1860 2646; baseline -0.001 -17"><span class='ocrx_word' id='word_1_239' title='bbox 134 2571 386 2644; x_wconf 68' lang='grc' dir='ltr'><strong><em>(809)ὑπὲρ</em></strong></span> <span class='ocrx_word' id='word_1_240' title='bbox 429 2571 627 2630; x_wconf 84' lang='grc' dir='ltr'><strong><em>τούτου</em></strong></span> <span class='ocrx_word' id='word_1_241' title='bbox 671 2572 868 2645; x_wconf 90' lang='grc' dir='ltr'><strong><em>λόγους</em></strong></span> <span class='ocrx_word' id='word_1_242' title='bbox 909 2579 1227 2646; x_wconf 77' lang='grc' dir='ltr'><strong><em>πεποίηται,</em></strong></span> <span class='ocrx_word' id='word_1_243' title='bbox 1281 2580 1543 2640; x_wconf 89' lang='grc' dir='ltr'><strong><em>ποικίλως</em></strong></span> <span class='ocrx_word' id='word_1_244' title='bbox 1583 2575 1674 2629; x_wconf 80' lang='grc' dir='ltr'><strong><em>καὶ</em></strong></span> <span class='ocrx_word' id='word_1_245' title='bbox 1714 2595 1860 2629; x_wconf 91' lang='grc' dir='ltr'><strong><em>παν-</em></strong></span> 
     </span>
    </p>

    <p class='ocr_par' dir='ltr' id='par_1_8' title="bbox 186 2653 1925 2901">
     <span class='ocr_line' id='line_1_31' title="bbox 186 2653 1925 2729; baseline -0.002 -15"><span class='ocrx_word' id='word_1_246' title='bbox 186 2682 190 2685; x_wconf 77' lang='grc'><strong>’</strong></span> <span class='ocrx_word' id='word_1_247' title='bbox 247 2664 406 2723; x_wconf 85' lang='grc' dir='ltr'><strong><em>τοίως</em></strong></span> <span class='ocrx_word' id='word_1_248' title='bbox 482 2653 813 2722; x_wconf 76' lang='grc' dir='ltr'><strong><em>ἀποδεικνὺς</em></strong></span> <span class='ocrx_word' id='word_1_249' title='bbox 888 2654 971 2714; x_wconf 79' lang='grc' dir='ltr'><strong><em>ὅτι</em></strong></span> <span class='ocrx_word' id='word_1_250' title='bbox 1039 2659 1188 2714; x_wconf 83' lang='grc' dir='ltr'><strong><em>ἐστὶν</em></strong></span> <span class='ocrx_word' id='word_1_251' title='bbox 1253 2655 1530 2724; x_wconf 76' lang='grc' dir='ltr'><strong><em>ἀθάνατος</em></strong></span> <span class='ocrx_word' id='word_1_252' title='bbox 1593 2660 1625 2729; x_wconf 85' lang='grc' dir='ltr'>ἡ</span> <span class='ocrx_word' id='word_1_253' title='bbox 1692 2654 1854 2728; x_wconf 83' lang='grc' dir='ltr'><strong><em>ψυχή.</em></strong></span> <span class='ocrx_word' id='word_1_254' title='bbox 1881 2679 1925 2711; x_wconf 89' lang='lat'><strong><em>30</em></strong></span> 
     </span>
     <span class='ocr_line' id='line_1_32' title="bbox 246 2738 1918 2813; baseline -0.001 -16"><span class='ocrx_word' id='word_1_255' title='bbox 246 2746 295 2798; x_wconf 73' lang='lat'><strong><em>2.</em></strong></span> <span class='ocrx_word' id='word_1_256' title='bbox 341 2739 515 2813; x_wconf 85' lang='grc' dir='ltr'><strong><em>πολλὴ</em></strong></span> <span class='ocrx_word' id='word_1_257' title='bbox 571 2741 632 2798; x_wconf 76' lang='grc' dir='ltr'><strong><em>δὲ</em></strong></span> <span class='ocrx_word' id='word_1_258' title='bbox 684 2744 774 2797; x_wconf 89' lang='grc' dir='ltr'><strong><em>καὶ</em></strong></span> <span class='ocrx_word' id='word_1_259' title='bbox 825 2755 937 2807; x_wconf 82' lang='grc' dir='ltr'><strong><em>τοῖς</em></strong></span> <span class='ocrx_word' id='word_1_260' title='bbox 992 2741 1359 2799; x_wconf 85' lang='grc' dir='ltr'><strong><em>ἐσπουδακόσι</em></strong></span> <span class='ocrx_word' id='word_1_261' title='bbox 1409 2743 1534 2813; x_wconf 85' lang='grc' dir='ltr'><strong><em>περὶ</em></strong></span> <span class='ocrx_word' id='word_1_262' title='bbox 1585 2739 1650 2797; x_wconf 80' lang='grc' dir='ltr'><strong><em>τὰ</em></strong></span> <span class='ocrx_word' id='word_1_263' title='bbox 1700 2738 1859 2797; x_wconf 80' lang='grc' dir='ltr'><strong><em>Πλά-</em></strong></span> <span class='ocrx_word' id='word_1_264' title='bbox 1909 2804 1918 2810; x_wconf 26' lang='lat' dir='ltr'><em>l</em></span> 
     </span>
     <span class='ocr_line' id='line_1_33' title="bbox 245 2822 1858 2901; baseline -0.001 -20"><span class='ocrx_word' id='word_1_265' title='bbox 245 2850 418 2892; x_wconf 87' lang='grc' dir='ltr'><strong><em>τωνος</em></strong></span> <span class='ocrx_word' id='word_1_266' title='bbox 460 2822 492 2898; x_wconf 82' lang='grc' dir='ltr'><em>ἡ</em></span> <span class='ocrx_word' id='word_1_267' title='bbox 534 2832 817 2899; x_wconf 88' lang='grc' dir='ltr'><strong><em>φιλοτιμία</em></strong></span> <span class='ocrx_word' id='word_1_268' title='bbox 857 2828 1084 2899; x_wconf 70' lang='grc' dir='ltr'><strong><em>γέγονε,</em></strong></span> <span class='ocrx_word' id='word_1_269' title='bbox 1125 2826 1653 2898; x_wconf 83' lang='grc' dir='ltr'><strong><em>συναγωνιζομένοις</em></strong></span> <span class='ocrx_word' id='word_1_270' title='bbox 1693 2828 1767 2901; x_wconf 75' lang='grc' dir='ltr'><strong><em>τῷ</em></strong></span> <span class='ocrx_word' id='word_1_271' title='bbox 1797 2846 1858 2880; x_wconf 87' lang='grc' dir='ltr'><strong><em>τε</em></strong></span> 
     </span>
    </p>
   </div>
  </div>
 </body>
</html>
