2014 3146
281 108 351 160 94
950 104 1195 160 EUSEBH

407 234 486 282 XI.
529 224 781 287 Μωσέως
832 219 968 278 κατά
1007 245 1159 287 τινας
1198 218 1542 296 ἀπορρήτους
1591 221 1786 296 λόγους
1828 226 1887 279 ἐν

278 304 420 382 άρχῇ
447 309 542 378 τῆς
572 310 669 363 τοῦ
701 304 910 391 κόσμου
940 303 1256 371 συστάσεως
1296 309 1437 363 θεοῦ
1467 330 1591 364 τινα
1621 306 1887 381 παράδει-

279 410 379 448 σον
430 393 716 462 γεγονέναι
769 387 1003 462 φάντος,
1056 385 1161 445 κάν
1211 387 1387 466 τούτῳ
1439 389 1537 447 τὸν
1583 388 1887 491 ἄνθρωπον

278 472 598 546 ήπατῆσθαι
639 471 729 530 διὰ
767 477 862 545 τῆς
891 471 1156 544 γυναικὸς
1198 472 1333 545 πρὸς
1362 476 1462 530 τοῦ
1491 471 1698 547 ὄφεως,
1740 473 1886 531 ἅντι-

234 582 414 630 ικρυς
453 559 754 631 μονονουχὶ
803 555 869 625 τά
909 555 1124 631 ῥήματα
1163 555 1533 659 μεταποιήσας
1580 554 1608 615 ὁ
1648 557 1930 615 Πλάτων5

280 641 591 699 ἐπάκουσον
631 649 722 699 οἱα
765 644 825 698 ἐν
870 647 1179 717 Συμποσίῳ
1221 642 1313 697 καὶ
1358 639 1523 708 αὐτὸς
1562 640 1887 716 ἀλληγορῶν

277 729 555 797 τέθεικεν,
595 722 718 783 ἀντὶ
757 749 859 798 μεν
888 729 986 781 τοῦ
1017 730 1360 797 παραδείσου
1400 729 1499 782 τοῦ
1538 730 1679 782 θεοῦ
1709 730 1888 797 κῆπον

278 810 414 877 Διὸς
441 807 717 882 ὀνομάσας
736 855 750 879 ,
782 807 906 867 ἀντὶ
940 809 1002 866 δὲ
1031 812 1131 865 τοῦ
1159 806 1338 881 ὄφεως
1370 811 1460 866 καὶ
1491 813 1588 881 τῆς
1618 808 1754 882 πρὸς
1785 808 1884 866 αὐ-

275 898 376 952 τοῦ
404 895 702 967 γενομένης
741 890 952 965 ἀπάτης
982 899 1198 951 Πενίαν
1241 892 1716 965 ἐπιβουλεύουσαν
1746 890 1887 951 ῦπο-

275 981 537 1051 θέμενος,
569 975 692 1035 άντὶ
725 979 785 1035 δὲ
813 981 913 1035 τοῦ
944 975 1168 1050 πρώτου
1197 975 1428 1050 ἀνδρὸς,
1459 973 1525 1035 ὃν
1554 975 1587 1049 ἡ
1618 980 1718 1034 τοῦ
1745 984 1885 1035 θεοῦ
1908 1003 1949 1035 10

275 1065 434 1136 μῆτίς
472 1086 530 1119 τε
570 1065 662 1119 καὶ
693 1059 925 1135 πρόνοια
966 1061 1092 1118 υίόν
1123 1059 1308 1133 ἕσπερ
1347 1058 1608 1134 άρτιγενῆ
1646 1065 1886 1134 προυβέ-

276 1153 474 1219 βλητο,
506 1144 633 1204 υἱὸν
663 1145 914 1219 Μήτιδος
942 1143 1127 1219 Πόρον
1151 1143 1525 1217 ἀποκαλέσας,
1550 1142 1673 1202 ἀντὶ
1700 1145 1761 1201 δὲ
1791 1150 1887 1202 τοῦ

275 1229 479 1302 φάναι,
510 1228 750 1303 ὁπηνίκα
781 1234 1076 1287 συνίστατο
1107 1226 1255 1286 ὅδε“
1231 1253 1259 1285 ο
1292 1228 1520 1301 κόσμος,
1551 1227 1641 1286 ότε
1673 1231 1887 1301 ἐγένετο

274 1313 308 1387 ἡ
334 1313 660 1389 Ἀφροδίτη,
705 1314 906 1386 εἰπών,
950 1312 1093 1370 οὕτω
1132 1312 1230 1370 τὸν
1269 1312 1476 1386 κόσμον
1506 1311 1888 1386 ἀλληγορήσας

273 1401 371 1456 τοῦ
402 1400 528 1472 περὶ
573 1396 743 1455 αὐτὸν
782 1397 1019 1464 κάλλους
1051 1400 1227 1455 ἕνεκα.
1290 1399 1436 1470 λέγει
1468 1394 1522 1454 δ’
1566 1398 1668 1454 οῦν
1697 1393 1885 1463 αὐτοις
1909 1422 1949 1454 15

275 1481 483 1556 ρήμασι
513 1482 648 1539 τάδε

161 1580 255 1620 (585)
401 1571 449 1624 2.
506 1565 651 1624 “Ὀτε
682 1568 899 1637 ἐγένετο
930 1561 963 1636 ἡ
989 1564 1317 1638 Ἀφροδίτη,
1353 1569 1635 1622 ειστιῶντο
1658 1569 1715 1622 οι
1740 1567 1884 1635 θεοὶ,

274 1655 331 1708 οἵ
366 1673 424 1707 τε
464 1648 620 1707 άλλοι
660 1652 752 1706 καὶ
791 1647 819 1706 ὁ
859 1652 955 1720 τῆς
985 1648 1239 1721 Μήτιδος
1269 1648 1389 1715 υιός
1419 1647 1620 1724 Πόρος.
1695 1648 1884 1722 ἐπειδὴ

275 1735 336 1791 δὲ
362 1737 717 1805 ἐδείπνησαν,
742 1731 1208 1807 προσαιτήσουσα,
1233 1730 1322 1790 οἶα
1347 1732 1415 1804 δὴ
1441 1730 1674 1806 εὐωχίας
1697 1733 1884 1805 οὔσης,

273 1815 500 1891 ἀφίκετο
531 1816 565 1891 ἡ
596 1823 805 1888 Πενία,
838 1819 930 1873 καὶ
953 1818 1023 1888 ἠν
1046 1819 1173 1889 περὶ
1202 1841 1297 1883 τας
1327 1816 1523 1917 θύρας.
1577 1813 1606 1874 ὁ
1637 1809 1742 1874 οῦν
1771 1815 1882 1875 Ho'-
1906 1843 1947 1874 20

274 1925 367 1975 ρος
397 1903 708 1975 μεθυσθεὶς
739 1903 839 1958 τοῦ
869 1903 1148 1974 νέκταρος,
1180 1900 1329 1966 οἶνος
1358 1925 1463 1975 γαρ
1495 1899 1650 1958 οὔπω
1682 1893 1770 1973 ἦν,
1805 1907 1883 1966 εἰς

272 1985 368 2044 τὸν
397 1992 494 2043 τοῦ
526 1984 662 2051 Διὸς
693 1988 870 2057 κῆπον
903 1984 1176 2042 εἰσελθών
1206 1988 1582 2058 βεβαρημένος
1615 1977 1794 2043 εῦδεν.
1848 1984 1882 2058 ἡ

271 2062 374 2127 οὗν
413 2075 594 2127 Πενία
636 2067 1074 2142 ἐπιβουλεύουσα
1130 2068 1220 2125 δια
1271 2067 1373 2140 τὴν
1425 2067 1593 2140 αὐτῆς
1643 2066 1883 2141 ἀπορίαν

271 2159 498 2212 παιδίον
541 2151 885 2226 ποιήσασθαι
927 2156 987 2210 ἐκ
1026 2156 1124 2209 τοῦ
1163 2150 1354 2224 Πόρου
1398 2158 1790 2210 κατακλίνεταί
1823 2175 1882 2209 τε

272 2235 404 2310 παρ’
439 2235 588 2313 αὐτῷ
618 2239 708 2294 καὶ
741 2236 939 2310 ἐκύησε
968 2236 1064 2294 τὸν
1082 2233 1345 2311 ”Ερωτα.”
1903 2260 1944 2292 25

409 2325 647 2380 Τοιαῦτα
686 2322 788 2394 μὲν
834 2320 901 2394 δή
943 2345 1068 2378 τινα
1108 2323 1200 2378 καὶ
1241 2323 1300 2377 ἐν
1329 2318 1540 2387 τούτοις
1581 2316 1609 2377 ὁ
1641 2318 1881 2377 Πλάτων

225 2418 242 2449 *³
274 2407 522 2478 ἐμφερως
553 2413 755 2462 Μωσει
780 2403 1097 2479 ὑπῃνίξατο.

398 2498 500 2547 XII.
544 2486 728 2546 Πάλιν
760 2487 1037 2560 εἰρηκότος
1068 2489 1320 2554 ,Μωσέως
1345 2484 1456 2563 ’(τῷ
1490 2489 1550 2544 δε
1577 2484 1746 2560 Ἀδάμ
1777 2486 1879 2544 οῦκ

270 2563 341 2644 ἦν
370 2571 577 2644 βοηθὸς
615 2595 798 2644 ομοιος
830 2568 994 2628 αῦτω.
1059 2574 1150 2627 καὶ
1176 2567 1496 2643 ἐπέβαλεν
1471 2595 1500 2627 ο
1531 2571 1661 2636 θεὸς
1685 2576 1879 2628 ἔκστα-

229 2684 245 2705 e
271 2673 362 2712 σιν
394 2657 484 2712 ἐπὶ
515 2654 610 2712 τὸν
635 2652 832 2728 Ἀδὰμ,
865 2657 957 2711 καὶ
987 2653 1242 2727 ὕπνωσε,
1285 2657 1378 2711 καὶ
1409 2660 1574 2725 ἔλαβε
1603 2659 1736 2727 μίαν
1765 2658 1877 2711 τῶν
1899 2676 1939 2708 30

388 2850 437 2889 17
456 2841 563 2889 ’Ὅτε
588 2840 773 2900 ἐγένετο
794 2846 866 2899 —-]
900 2847 1033 2887 Plato
1058 2846 1208 2899 Symp.
1234 2861 1276 2899 p.
1301 2848 1397 2889 202.
