2014 3146
614 108 826 149 PRAEP.
858 107 1078 149 EVANG.
1112 107 1239 149 xm.
1276 107 1341 149 18.
1676 104 1777 155 241

167 222 338 282 τᾶλλα
367 230 466 280 τοῦ
497 221 798 289 Πλάτωνος
830 230 906 290 εἰς
937 226 1055 296 φῶς
1086 220 1262 295 ἄγειν,
1304 225 1362 279 ἐκ
1391 224 1570 279 τῶνδε
1599 221 1780 296 παρὸν

168 311 261 365 καὶ
298 307 365 365 τὰ
410 309 528 381 ἐμοὶ
567 310 676 364 νῦν
720 311 1054 382 σεσιγημένα
1095 314 1518 381 τεκμαίρεσθαι;
1571 305 1638 363 οὐ
1669 306 1781 379 μὴν

171 395 432 465 διαβολῆς
478 395 639 450 ἕνεκα
691 398 863 449 ταῦτα
915 391 1090 466 φα’ναι
1142 390 1462 466 προήχθην,
1516 393 1635 448 ἐπεὶ
1688 392 1779 448 καὶ

167 476 386 551 σφόδρα
417 484 590 550 ἔγωγε
620 475 826 550 ἄγαμαι
855 476 951 534 τὸν
976 475 1174 549 ἄνδρα,
1207 479 1299 533 καὶ
1323 475 1549 532 πάντων
1572 478 1782 549 μᾶλλον

121 560 442 634 5Ἑλλήνων
471 567 638 634 φίλον
671 561 907 634 ἡγοῦμαι
938 563 1028 618 καὶ
1061 564 1226 632 τιμῶ,
1273 559 1339 617 τὰ
1371 562 1486 632 ἐμοὶ
1518 566 1656 631 φίλα
1687 561 1779 616 καὶ

166 650 432 719 συγγενῆ,
467 652 518 702 εἰ
542 649 633 703 καὶ
657 645 730 718 μὴ
754 644 819 702 τὰ
846 656 935 703 ι”σα
963 644 1171 716 διόλου,
1204 642 1610 717 πεφρονηκότα,
1645 653 1779 702 Μω-

167 734 304 798 σέως
346 730 397 788 δ’
446 733 505 787 ἐν
546 732 853 805 παραθέσει
895 732 986 786 καὶ
1016 732 1128 786 των
1160 727 1288 802 παρ’
1334 728 1607 800 Ἑβραίοις
1648 751 1779 802 προ-

163 821 357 887 φητῶν
419 813 479 872 τὸ
521 815 733 881 έλλιπες
787 813 1102 880 ἐπιδεικνὺς
1157 811 1330 869 αὐτοῦ
1381 817 1475 884 τῆς
1511 818 1774 880 διανοιᾞας

166 905 245 956 18.
278 907 455 957 καίτοι
480 903 664 971 παρῆν
690 901 767 975 τῷ
790 900 1246 971 καταμέμφεσθαι
1271 899 1777 973 παρεσκευασμένα)

99 1012 141 1042 10
165 983 319 1057 μυρί’
370 1008 503 1040 αττα
546 987 963 1054 καταιτιᾶσθαι,
1016 989 1106 1038 οἱα
1144 1006 1210 1038 τα
1264 981 1436 1054 σεμνοὶ
1493 983 1584 1038 καὶ
1632 1000 1778 1053 σοφα

164 1065 312 1144 αυτῷ
344 1070 471 1142 περὶ
496 1071 781 1141 γυναικῶν
806 1071 867 1124 ἐν
891 1073 1154 1125 Πολιτεία
1181 1067 1597 1139 διατεταγμένα,
1630 1061 1662 1138 ἢ
1688 1072 1778 1122 οἱα
1802 1072 1823 1104 <¹

161 1152 228 1210 τὰ
266 1155 392 1227 περὶ
434 1158 634 1225 ἔρωτος
678 1155 953 1225 ἐκθέσμου
984 1152 1497 1224 σεσεμνολογημένα
1541 1154 1600 1207 ἐν
1642 1156 1778 1207 Φαί-

166 1243 295 1315 δρῳ.
358 1236 431 1295 σὺ
463 1237 538 1310 δ’,
581 1243 633 1294 εἰ
660 1239 751 1294 καὶ
780 1234 993 1294 τούτων
1036 1239 1339 1293 ἐπακοῦσαι
1378 1245 1592 1306 ποθεῖς,
1639 1233 1780 1291 ἀνοί-

161 1332 343 1394 γνωθι
373 1319 542 1379 τάσδε
572 1320 745 1379 αὐτοῦ
778 1318 966 1394 λαβών
995 1318 1311 1421 τας-φωνάς

98 1433 139 1464 ι5
289 1419 413 1468 XIX.
457 1403 649 1473 ωἸσως
675 1407 763 1478 δὴ,
799 1405 980 1477 ειπον,
1003 1404 1152 1477 παρὰ
1174 1403 1234 1461 τὸ
1263 1402 1463 1471 εἰωθὸς
1485 1411 1672 1476 γελοῖα
1703 1428 1772 1460 αν
1793 1425 1889 1467 (706)

162 1498 418 1592 φαίνοιτο
450 1489 624 1548 πολλα
654 1493 781 1563 περὶ
803 1515 869 1547 τα
891 1514 1003 1547 νυν
1028 1488 1094 1562 δὴ
1117 1488 1404 1561 λεγόμενα,
1441 1494 1493 1545 εί
1517 1487 1777 1562 πραξεται

161 1576 195 1651 ᾖ
214 1579 440 1648 λέγεται.
470 1580 580 1632 Και
604 1575 803 1648 μαλα,
784 1599 905 1647 εφη
940 1572 1074 1632 Τίδ’
1087 1619 1100 1646 ,
1122 1575 1192 1646 ἠν
1217 1573 1265 1630 δ’
1289 1598 1414 1646 εγω,
1431 1571 1778 1645 γελοιοτατον

161 1659 348 1717 αὐτων
390 1656 551 1736 ὁρᾷς;
620 1657 653 1732 ἢ
700 1663 839 1732 δῆλα
883 1659 951 1731 δὴ
994 1657 1076 1716 ὅτι
1119 1657 1334 1732 γυμνὰς
1374 1657 1467 1724 τὰς
1509 1671 1778 1730 γυναικας

164 1749 222 1802 ἐν
251 1760 370 1811 ταις
402 1750 761 1818 παλαίστραις
794 1745 1206 1816 γυμναζομένας
1237 1741 1372 1816 μετὰ
1395 1746 1507 1799 τῶν
1531 1740 1776 1814 ἀνδρῶν,

42 1859 48 1866 ’
97 1854 141 1886 20
163 1828 229 1886 οὐ
269 1828 442 1902 μόνον
484 1854 578 1896 τας
617 1831 764 1900 νέας,
806 1825 930 1884 αλλ’
976 1827 1085 1901 ἤδη
1118 1830 1210 1884 καὶ
1239 1851 1334 1894 τας
1379 1830 1777 1901 πρεσβυτέρας,

161 1913 345 1986 ὥσπερ
376 1914 503 1981 τούς
533 1916 795 2016 γέροντας
828 1917 888 1970 ἐν
919 1926 1034 1978 τοῖς
1064 1919 1409 1985 γυμνασίοις,
1450 1907 1584 1968 ὅταν
1616 1913 1775 1985 ρυσοῖ

161 2001 251 2055 καὶ
281 1998 354 2071 μὴ
386 1995 539 2071 ἡδεῖς
569 1998 671 2070 τὴν
700 1995 831 2066 ὅφιν
862 1996 1008 2070 ὅμως
1039 1994 1578 2070 φιλογυμναστῶσιῗ

287 2087 336 2138 2.
386 2086 495 2140 Καὶ
530 2083 766 2154 ἐπιλέγει
802 2084 923 2154 ἑξῆς

281 2163 381 2223 “0
414 2167 476 2223 δε
488 2172 684 2271 γελῶν
714 2164 854 2239 ἀνὴρ
890 2167 974 2222 ἐπὶ
1008 2178 1244 2237 γυμναις
1274 2178 1394 2230 ταῖς
1424 2164 1642 2236 γυναιξὶ
1674 2165 1775 2218 τοῦ
1803 2183 1823 2214 b

96 2276 139 2308 25
156 2235 450 2321 βελτίστου
482 2253 643 2307 ένεκα
674 2251 1136 2322 γυμναζομέναις,
1179 2270 1273 2304 ατε
1315 2246 1382 2319 δὴ
1422 2250 1523 2304 τοῦ
1552 2252 1774 2319 γελοίου

162 2340 360 2407 σοφίας
395 2336 615 2407 δρέπων
647 2332 887 2407 καρπὸν,
931 2330 1063 2390 οὐδε
1094 2332 1275 2405 οἶδεν,
1324 2332 1396 2398 ὡς
1430 2338 1638 2403 ἑοικεν,
1689 2328 1775 2404 ἐφ’

162 2419 204 2496 ςὸ
239 2417 401 2494 γελᾷἶ

290 2507 337 2558 3.
390 2505 535 2575 Φησὶ
568 2502 629 2559 δε
660 2503 751 2558 καὶ
784 2501 843 2558 ἐν
875 2499 1096 2577 εβδόμῳ
1127 2504 1239 2558 τῶν
1271 2499 1482 2574 Νόμων

284 2583 418 2654 “Ὠς
469 2584 575 2660 ἄρα
630 2584 813 2658 δεήσει
852 2585 980 2651 τοὺς
1025 2590 1229 2652 παῖδας
1281 2587 1372 2642 καὶ
1424 2583 1518 2651 τὰς
1570 2588 1773 2649 παῖδας

279 2811 331 2849 15
340 2802 471 2854 ’Ίσως
493 2804 552 2874 δὴ
577 2805 648 2861 --]
675 2807 810 2847 Plato
817 2807 944 2870 Rep.
968 2809 1006 2848 5.
1030 2821 1071 2860 p.
1095 2809 1193 2849 452.
1216 2808 1313 2847 457.

276 2866 330 2904 28
353 2858 404 2906 ἐν
426 2857 614 2921 ἑβδόμῳ
638 2863 730 2905 τῶν
751 2856 931 2916 Νόμων
955 2861 1027 2918 -]
1054 2877 1098 2917 p.
1120 2865 1217 2904 813.
1240 2864 1334 2903 796.
1356 2863 1455 2904 804.
1479 2863 1578 2902 813.

264 2947 493 2975 EUSEBIUS
527 2947 581 2977 11.
1463 2929 1527 2980 1ss
