2014 3146
533 79 744 120 PRAEP.
777 77 997 120 EVANG.
1031 79 1127 120 XV.
1162 80 1343 119 18—20.
1634 78 1740 129 375

127 201 326 268 θίησιν
355 191 653 267 ἅνθρωπος
685 198 902 268 πνεῦμα
932 191 1064 268 μεθ’
1110 189 1314 268 ὑγροῦ,
1357 198 1536 267 ψυχῆς
1577 201 1740 268 μέρος

129 282 222 336 καὶ
252 276 614 352 ἀπόσπασμα,
659 281 748 335 καὶ
788 282 889 335 τοῦ
928 281 1235 353 σπέρματος
1266 281 1366 335 τοῦ
1394 282 1506 336 τῶν
1535 277 1741 353 προγό-

130 387 247 420 νων
278 365 525 435 κέρασμα
565 365 656 420 καὶ
700 370 873 436 μίγμα
902 367 1015 420 των
1044 369 1139 435 τῆς
1165 365 1344 436 ψυχῆς
1367 366 1552 436 μερῶν
1576 384 1739 420 συνε-

132 446 402 520 ληλυθός·
449 454 574 521 ἔχον
604 446 708 521 γὰρ
740 447 867 514 τοὺς
907 446 1102 520 λόγους
1133 451 1207 524 τῷ
1239 445 1348 524 ὅλῳ
1372 445 1507 515 τούς
1540 446 1740 515 αὐτοὺς

84 555 108 587 5
131 534 319 604 τοῦτο,
361 528 494 589 ὅταν
534 529 723 607 ἀφεθῇ
757 538 833 598 εἰς
863 531 966 605 τὴν
994 531 1236 605 μήτραν,
1280 533 1608 604 συλληφθὲν
1638 530 1737 589 ὑπ’

131 613 302 673 ἄλλου
334 615 675 689 πνεύματος,
715 619 879 689 μέρος
921 622 1099 690 ψυχῆς
1139 619 1234 688 τῆς
1277 618 1375 672 τοῦ
1414 615 1616 689 θήλεος
1648 620 1740 674 καὶ

131 701 382 808 συμφυὲς
424 699 754 773 γενόμενον,
791 703 1067 807 κρυφθέν
1117 725 1175 758 τε
1224 699 1356 772 φύει
1408 700 1769 774 κινούμενον
1765 725 1785 756 ι

129 787 222 840 καὶ
251 783 747 858 ἀναρριπιζόμενον
775 782 874 840 ὑπ’
914 789 1159 856 ἐκείνου,
1192 783 1623 858 προσλαμβάνον
1653 783 1740 842 ἀεὶ

132 875 208 934 εἰς
238 867 297 925 τὸ
327 867 502 943 ὑγρὸν
534 871 623 925 καὶ
656 865 900 935 αὐξάνον
933 871 984 936 ἐξ,
1028 871 1243 925 ἑαυτοῦ.

64 976 106 1008 10
257 957 304 1010 2.
353 955 464 1010 Καὶ
493 951 628 1026 μετὰ
658 955 865 1026 βραχέα
898 954 1135 1025 ἐπιλέγει
1758 975 1854 1019 [480]

248 1033 441 1112 “Περὶ
483 1038 544 1094 ὁε
585 1042 763 1111 ψυχῆς
794 1035 1089 1109 Κλεάνθης
1128 1061 1231 1110 μεν
1261 1061 1327 1093 τα
1358 1035 1617 1110 Ζήνωνος
1653 1036 1739 1094 δό-

127 1146 307 1194 γματα
338 1123 778 1196 παρατιθέμενος
819 1119 955 1195 πρὸς
987 1120 1280 1195 σύγκρισιν
1311 1121 1412 1195 τὴν
1445 1121 1581 1222 πρὸς
1612 1120 1740 1188 τοὺς

128 1204 329 1273 ἄλλους
370 1205 646 1279 φυσικούς
686 1224 860 1278 φησιν
898 1204 980 1263 ότι
1012 1206 1212 1277 Ζήνων
1242 1204 1343 1278 τὴν
1374 1205 1560 1279 ψυχὴν
1593 1209 1739 1278 λέγει

129 1299 415 1362 αἴσθησιν,
441 1285 475 1362 ἢ
499 1289 899 1363 ἀναθυμίασιν,
927 1289 1182 1363 καθάπερ
1200 1286 1565 1363 εΗράκλειτος.
1610 1298 1740 1362 βου-

65 1397 106 1429 ι5
129 1373 356 1447 λόμενος
396 1373 500 1449 γὰρ
533 1379 832 1448 ἐμφανίσαι
870 1373 958 1431 ὅτι
989 1380 1051 1431 αί
1076 1377 1248 1448 ψυχαὶ
1279 1371 1742 1448 ἀναθυμιώμεναι

128 1462 320 1532 νοεραὶ
359 1457 445 1516 ἀεὶ
497 1466 749 1531 γίνονται
804 1468 1025 1517 εἴκασεν
1075 1458 1245 1525 αὐτὰς
1295 1473 1409 1526 τοῖς
1457 1473 1739 1533 ποταμοῖς,

127 1546 307 1616 λέγων
347 1541 521 1610 οὕτως
560 1542 882 1648 ”ποταμοῖσι
931 1557 1108 1601 τοῖσιν
1147 1541 1401 1600 αὐτοῖσιν
1443 1547 1742 1617 ἐμβαίνου-

128 1646 220 1684 σιν
261 1631 420 1700 ἕτερα
462 1629 554 1684 καὶ
595 1630 751 1701 ἕτερα
789 1627 971 1685 ὕδατα
1015 1630 1251 1702 ἐπιρρεῖ·
1309 1630 1400 1685 καὶ
1455 1630 1627 1701 ψυχαὶ
1681 1629 1742 1685 δὲ

125 1710 234 1768 ἀπὸ
264 1715 375 1769 τῶν
403 1710 593 1786 ὑγρῶν
622 1709 1077 1786 ἀναθυμιῶνταιῖ
1147 1717 1194 1769 3.
1228 1710 1611 1785 ἀναθυμίασιν
1640 1737 1743 1786 μεν

62 1820 106 1851 20
129 1787 231 1853 οὖν
259 1795 459 1870 ὁμοίως
491 1801 564 1873 τῷ
587 1795 924 1900 ᾺΗρακλειτω
955 1796 1057 1870 τὴν
1087 1795 1272 1870 ψυχὴν
1303 1795 1603 1870 ἀποφαίνει
1635 1796 1741 1869 Ζή-

127 1904 263 1954 νων,
311 1855 642 1953 αἰσθητίκὴν
674 1882 736 1938 δε
767 1879 944 1954 αὐτὴν
976 1882 1118 1939 εἶναι
1152 1880 1239 1938 δια
1271 1887 1431 1939 τοῦτο
1474 1884 1619 1954 λέγει
1659 1880 1742 1938 ὅτι
1766 1902 1853 1941 (822)

127 1969 453 2022 τυποῦσθαί
478 1990 541 2037 γε
573 1964 807 2023 δύναται
836 1964 896 2022 τὸ
926 1967 1089 2039 μέρος
1120 1964 1180 2022 τὸ
1220 1963 1534 2038 ἡγούμενον
1573 1963 1741 2038 αὐτῆς

129 2047 238 2105 ἀπὸ
279 2053 392 2107 τῶν
430 2047 610 2106 ὅντων
649 2052 740 2106 καὶ
778 2049 1144 2123 ὑπαρχόντων
1186 2050 1278 2106 διὰ
1315 2054 1429 2106 τῶν
1469 2056 1740 2122 αἰσθητη-

130 2141 270 2207 ρίων
321 2135 414 2189 καὶ
464 2135 878 2207 παραδέχεσθαι
918 2131 1013 2200 τὰς
1053 2131 1344 2199 τυπώσεις.
1421 2137 1593 2190 ταῦτα
1634 2133 1739 2206 γὰρ

64 2239 107 2273 25
133 2223 250 2275 ἴδια
280 2221 458 2291 ψυχῆς
491 2214 660 2274 έστι.”

256 2306 303 2358 4.
351 2303 463 2358 Καὶ
493 2300 620 2375 μεθ’
659 2304 817 2375 ἕτερα

251 2381 280 2406 “
298 2386 465 2443 Εἶναι
509 2387 571 2442 δὲ
613 2385 797 2460 ψυχὴν
830 2388 890 2442 ἐν
919 2391 995 2462 τῷ
1025 2384 1137 2462 ὅλῳ
1168 2388 1368 2458 φασὶν,
1410 2383 1439 2442 ὅ
1471 2391 1741 2446 καλοῦσιν

131 2471 352 2542 αἰθέρα,
386 2472 478 2526 καὶ
510 2467 646 2543 ἀέρα
678 2468 868 2547 κύκλῳ
900 2471 1027 2543 περὶ
1052 2470 1154 2543 τὴν
1177 2473 1284 2544 γῆν
1306 2472 1397 2528 καὶ
1421 2470 1735 2542 θάλασσαν,

132 2557 225 2611 καὶ
268 2557 327 2610 ἐκ
370 2552 584 2611 τούτων
623 2551 1056 2628 ἀναθυμιάσεις·
1103 2553 1198 2622 τάς
1242 2556 1304 2612 δὲ
1336 2553 1528 2622 λοιπάς
1560 2553 1739 2629 ψυχὰς

65 2661 110 2692 30
133 2641 587 2712 προσπεφυκέναι
637 2637 839 2712 ταύτῃ,
891 2635 1016 2696 ὅσαι
1056 2663 1114 2696 τε
1167 2642 1227 2697 ἐν
1278 2638 1430 2716 ζῴοις
1482 2641 1588 2697 εἰσὶ
1650 2641 1741 2695 καὶ

134 2719 259 2779 ὅσαι
293 2725 351 2780 ἐν
380 2728 456 2800 τῷ
489 2725 822 2796 περιέχοντι·
872 2724 1156 2796 διαμένειν
1196 2722 1300 2799 γὰρ
1340 2722 1434 2790 τὰς
1465 2726 1577 2780 τῶν
1607 2721 1740 2779 ἀπο-

755 2811 777 2827 ,a

131 2805 429 2864 θανόντων
481 2806 672 2881 ψυχάς.
749 2829 796 2864 ο.
854 2813 992 2864 ἔνιοι
1045 2806 1106 2865 δὲ
1157 2806 1259 2880 τὴν
1307 2809 1410 2881 μὲν
1459 2810 1559 2865 τοῦ
1603 2805 1783 2864 ὅλουι)
