2014 3146
600 130 814 172 PRAEP.
846 129 1065 171 EVANG.
1098 129 1177 170 XI.
1211 130 1278 169 27.
1312 131 1380 171 28.
1726 127 1790 178 61

182 246 280 305 τὸν
311 249 372 304 ἐκ
399 249 497 303 τοῦ
527 243 737 319 ὁμοίου.
817 251 870 302 εἰ
896 243 1000 320 γάρ
1031 241 1192 318 ὁμοία
1230 246 1308 321 τῷ
1345 250 1486 320 θείῳ
1526 245 1618 300 καὶ
1649 242 1795 301 ἀθα-

183 329 332 408 νάτῳ
383 331 476 387 καὶ
525 327 706 387 ἀειδεῖ
752 332 845 386 καὶ
885 327 1206 406 ἀσκεδάστῳ
1246 330 1339 386 καὶ
1379 325 1658 404 ἀδιαλύτῳ
1700 330 1792 385 καὶ

184 414 506 492 οὐσιωμένῳ
547 417 638 471 καὶ
670 417 971 471 συνεστῶτι
1005 417 1065 472 ἐν
1095 411 1413 489 ἀφθαρσίᾳ,
1451 416 1568 480 πῶς
1599 411 1664 470 οὐ
1695 416 1793 470 τοῦ

183 501 379 573 γένους
410 494 480 556 ἂν
511 508 595 572 εἴη
625 503 724 556 τοῦ
755 498 892 556 κατὰ
921 498 981 555 τὸ
1012 496 1387 572 παράδειγμα;
1443 501 1492 555 2.
1525 497 1659 555 ὅταν
1688 496 1792 570 γὰρ

139 607 161 640 5
186 583 289 642 δύο
318 587 489 641 τινῶν
519 582 706 657 ἄκρων
738 586 982 656 ἐναργῶς
1008 586 1296 655 ἐναντίων,
1328 590 1449 640 οἱον
1479 586 1705 655 λογικοῦ
1735 605 1794 639 τε
1811 602 1907 647 [5³6]

181 671 275 726 καὶ
303 667 538 740 ἀλόγου,
580 666 716 725 ἄλλο
746 691 799 724 τι
839 666 1251 741 ἀμφισβητῆται
1294 673 1453 733 ποίας
1497 669 1609 723 ἐστὶ
1641 674 1792 741 μερί-

151 758 307 822 -δος,
353 750 431 820 εἷς
469 754 540 825 ήν
580 753 672 809 καὶ
713 744 873 818 οὗτος
917 749 1115 823 τρόπος
1167 749 1503 818 ἀποδείξεως
1556 750 1647 807 διὰ
1697 754 1796 808 τοῦ

185 840 362 905 δεῖξαι
380 844 502 894 ντίνι
531 842 644 893 τῶν
672 834 1070 909 ἀντικειμένων
1100 833 1305 907 ὅμοιον.
1354 831 1499 892 οὕτω
1524 835 1649 908 γὰρ,
1676 842 1844 892 uala-

182 944 286 996 περ
320 924 380 978 ἐν
410 919 606 997 ἀλογία
628 921 765 978 κατὰ
794 918 1021 995 πρώτην
1049 918 1271 992 ἡλικίαν
1300 923 1398 977 τοῦ
1427 917 1794 994 ἀνθρωπίνου

121 1030 162 1062 10
184 1008 381 1079 γένους
411 1007 849 1078 κατεσχημένου,
882 1009 1104 1062 πολλῶν
1134 1027 1193 1061 τε
1223 1001 1348 1078 ἄχρι
1378 1003 1559 1077 γήρως
1593 1007 1653 1062 ἐν
1682 1018 1795 1070 τοῖς

182 1095 278 1162 τῆς
309 1089 534 1163 ἀλογίας
564 1085 914 1163 ἁμαρτήμασι
945 1087 1391 1160 πλεοναζόντων,
1432 1086 1578 1162 ὅμως
1612 1088 1703 1146 διὰ
1734 1089 1794 1146 τὸ

183 1179 257 1251 τῷ
283 1178 544 1247 καθαρῶς
571 1178 773 1250 λογικῷ
789 1171 992 1240 πολλάς
1014 1169 1332 1246 ὁμοιότητας
1356 1174 1549 1246 φέρειν
1572 1173 1796 1246 λογικὸν

185 1259 329 1317 εἶναι
358 1257 418 1315 τὸ
458 1262 614 1331 γένος
644 1262 807 1315 τοῦτο
841 1261 892 1326 ἐξ
934 1255 1103 1331 ἀρχῆς
1150 1257 1466 1330 ἐπιστεύθη.
1542 1263 1590 1316 3.
1638 1256 1796 1325 ὄντος

183 1336 287 1401 οὖν
316 1348 482 1400 θείου
511 1346 610 1400 τοῦ
639 1341 983 1415 συστήματος
1013 1344 1106 1399 καὶ
1135 1339 1414 1415 ἀκηράτου
1437 1344 1530 1399 καὶ
1553 1340 1796 1416 ἀλυμάν-

121 1449 162 1482 15
182 1451 282 1485 του
314 1430 613 1500 προφανῶς
643 1431 742 1484 τοῦ
771 1431 885 1484 τῶν
913 1430 1092 1493 θεῶν,
1135 1425 1293 1494 ὄντος
1338 1427 1398 1483 δὲ
1437 1425 1605 1484 πάλιν
1637 1429 1795 1499 ἐναρ-

184 1515 294 1585 γῶς
324 1516 422 1569 τοῦ
453 1517 686 1585 χθονίου
718 1514 810 1568 καὶ
849 1515 1020 1569 λυτοῦ
1059 1515 1150 1569 καὶ
1192 1515 1253 1569 ἐν
1295 1514 1582 1587 διαφθορᾷ
1619 1513 1795 1584 κειμέ-

184 1620 307 1669 νου,
339 1594 863 1670 ἀμφισβητουμένης
896 1597 956 1653 δὲ
996 1595 1144 1670 παρά
1183 1614 1291 1653 τισι
1332 1598 1428 1668 τῆς
1469 1599 1647 1669 ψυχῆς
1686 1602 1795 1655 τίνι

183 1685 295 1738 τῶν
325 1683 705 1755 προκειμένων
735 1683 886 1754 μέρει
917 1679 1401 1754 προσκεχώρηκεν,
1437 1682 1495 1737 ἐκ
1524 1683 1619 1753 τῆς
1642 1679 1797 1753 ὃμοι-

184 1763 373 1838 ότητος
416 1763 577 1842 ῷήθη
617 1761 644 1822 ὁ
687 1764 927 1823 Πλάτων
981 1771 1102 1823 δεῖν
1149 1763 1466 1838 ἀνιχνεύειν
1513 1764 1616 1837 τὴν
1666 1762 1795 1837 ἀλή-

123 1873 164 1906 20
184 1860 366 1908 θειαν.
423 1853 471 1906 4.
506 1852 600 1906 καὶ
632 1849 823 1922 ἐπειδὴ
853 1853 931 1926 τῷ
960 1850 1063 1923 μὲν
1091 1853 1284 1926 θνητῷ
1313 1872 1371 1907 τε
1402 1851 1493 1906 καὶ
1523 1854 1671 1927 λυτῷ
1705 1853 1798 1907 καὶ
1822 1868 1907 1908 (555)

185 1931 403 2011 ἀνοήτῳ
445 1935 536 1990 καὶ
579 1936 716 2007 ζωῆς
757 1930 1032 2011 ἀμετόχῳ,
1076 1936 1169 1991 καὶ
1212 1933 1304 1991 διὰ
1341 1939 1502 1992 τοῦτο
1544 1931 1700 2011 ἀπτῷ
1738 1959 1795 1992 τε

186 2021 278 2076 καὶ
310 2023 560 2095 αἰσθητῷ
591 2021 685 2076 καὶ
715 2021 988 2096 γινομένῳ
1013 2021 1104 2076 καὶ
1127 2016 1514 2095 ἀπολλυμένῳ,
1539 2016 1797 2092 οὐδαμῶς

188 2109 348 2175 ἔοικε,
380 2107 455 2178 τῷ
488 2103 550 2159 δὲ
579 2109 720 2180 θείῳ
753 2105 844 2160 καὶ
876 2101 1142 2179 ἀθανάτῳ
1174 2105 1266 2160 καὶ
1297 2100 1477 2160 ἀειδεῖ
1496 2105 1589 2159 καὶ
1619 2107 1796 2180 νοερῷ

188 2190 353 2256 ζῶντί
377 2211 436 2245 τε
466 2189 558 2244 καὶ
588 2184 856 2260 ἀληθείας
887 2201 1166 2259 συγγενεῖ,
1191 2188 1283 2243 καὶ
1307 2185 1409 2243 ὅσα
1435 2190 1645 2252 ἐκεῖνος
1669 2189 1796 2260 περὶ

125 2294 168 2326 25
190 2269 357 2344 αὐτῆς
390 2268 790 2343 ἀναλογίζεται·
841 2269 1020 2328 ἐδόκει
1051 2270 1124 2343 μὴ
1155 2269 1250 2337 τὰς
1280 2271 1383 2344 μὲν
1413 2268 1581 2337 ἄλλας
1611 2269 1797 2344 ὅμοιό-

187 2379 349 2427 τητας
378 2357 480 2411 τοῦ
507 2358 649 2411 θεοῦ
679 2358 886 2412 ἐνεῖναι
917 2369 1257 2428 συγχωρεῖν,
1297 2353 1356 2412 τὸ
1389 2355 1450 2412 δὲ
1479 2358 1574 2429 τῆς
1604 2353 1795 2423 οὐσίας

191 2439 422 2513 ἐμφερὲς
461 2434 556 2494 ἀπ’
594 2435 763 2509 αὐτῆς
807 2439 1023 2496 ἐθέλειν
1052 2437 1310 2511 ἀθετεῖν,
1356 2438 1429 2497 δι’
1465 2437 1495 2496 ὃ
1537 2442 1630 2497 καὶ
1669 2440 1798 2498 τού-

188 2547 301 2580 των
332 2519 507 2594 αὖτὴν
536 2537 727 2596 τυχεῖν
757 2526 1121 2597 συμβέβηκεν.
1171 2530 1219 2581 5.
1255 2523 1440 2596 ῶσπερ
1464 2522 1569 2599 γὰρ
1589 2524 1655 2582 τὰ
1678 2540 1796 2592 ταῖς

191 2611 491 2680 ἐνεργείαις
530 2610 608 2682 τῷ
644 2611 760 2683 θεῷ
801 2604 1030 2680 ἀνόμοια
1072 2607 1246 2675 εὐθὺς
1288 2611 1380 2666 καὶ
1422 2615 1490 2683 τῇ
1532 2608 1794 2667 συστάσει
1824 2628 1844 2659 ¹>

127 2713 168 2746 30
190 2695 286 2764 τῆς
315 2690 508 2757 οὐσίας
541 2689 852 2763 ἐξήλλακτο,
884 2691 1057 2759 οὕτως
1088 2690 1402 2751 ἀκόλουθον
1426 2694 1568 2750 εἶναι
1598 2691 1664 2750 τὰ
1686 2700 1797 2750 τῶν

192 2774 376 2832 αὐτῶν
408 2799 523 2843 πως
556 2779 850 2848 ἐνεργειῶν
879 2779 1078 2850 μέτοχα
1108 2777 1354 2849 φθάνειν
1383 2777 1485 2850 τὴν
1506 2775 1795 2851 ὁμοιότητα

191 2862 284 2932 τῆς
324 2856 516 2926 οὐσίας
557 2862 874 2933 κεκτημένα.
953 2861 1045 2919 διὰ
1084 2861 1187 2935 γὰρ
1232 2862 1335 2934 τὴν
1383 2860 1548 2919 ποιάν
1597 2858 1795 2919 οὐσίαν
