2014 3146
227 155 293 205 14
902 155 1148 196 EUSEBII

214 269 488 344 Ἑβραίοις
528 269 716 327 καὶτὰ
746 268 894 343 παρὰ
923 268 1186 327 Πλάτωνι
1217 271 1343 343 περὶ
1373 266 1672 342 ὀρθότητος
1702 267 1831 327 ὀνο-

222 354 410 429 μάτων
442 361 816 427 διηκρίβωται.
874 356 964 410 καὶ
995 352 1091 418 τὰς
1123 357 1184 410 έν
1212 351 1535 426 ἀνθρώποις
1568 355 1629 410 δὲ
1659 372 1831 426 προσ-

221 447 448 512 ηγορίας
486 437 620 512 μετά
657 462 805 504 τινος
838 442 1086 503 διανοίας
1116 440 1290 510 φησὶν
1319 433 1346 493 ὃ
1379 436 1617 495 Πλάτων
1645 449 1831 496 τεθεῖ-

221 534 385 595 σθαι,
440 525 530 579 καὶ
571 521 668 580 τόν
713 547 776 594 γε
815 520 982 594 λόγον
1021 518 1351 578 ἀποδιδόναι
1391 526 1671 595 πειρᾶται,
1727 521 1830 580 οὐκ

220 606 326 665 οἶδ’
362 604 510 674 ὅπως
540 606 637 664 τὸν
671 605 1022 679 μὲν”Ἐκτορα
1053 608 1359 678 κεκλῆσθαι
1392 603 1565 663 εἰπών
1593 604 1700 663 ἀπὸ
1730 610 1828 664 τοῦ
1871 628 1892 661 5

111 713 200 754 (518)
222 698 368 765 ἔχειν
398 694 491 749 καὶ
521 706 763 763 κρατεῖν,
798 690 889 747 διὰ
918 690 978 747 τὸ
1009 693 1241 762 βασιλέα
1272 690 1416 747 εἶναι
1445 693 1558 748 τῶν
1595 689 1825 763 Τρώων,

217 779 315 833 τὸν
347 777 408 834 δὲ
433 773 809 849 Ἀγαμέμνονα
842 773 932 832 διὰ
962 774 1024 832 τὸ
1054 772 1197 848 ἄγαν
1227 777 1435 848 μένειν,
1469 777 1559 832 καὶ
1591 788 1705 842 τοῖς
1733 774 1828 832 δό-

219 863 341 928 ξασι
381 862 507 933 περὶ
547 863 659 918 τών
697 858 905 934 Τρώων
946 856 1183 925 εὐτόνως
1213 861 1306 915 καὶ
1335 863 1615 932 καρτερῶς
1645 881 1827 933 παρα-

217 947 432 1018 μένειν·
493 943 591 1001 τὸν
630 945 692 1001 δὲ
724 943 984 1018 Ὀρέστην
1027 943 1121 1000 διὰ
1159 942 1218 1000 τὸ
1259 941 1479 1014 ὀρεινὸν
1509 945 1600 1000 καὶ
1632 941 1828 1017 ἄγριον

217 1031 308 1086 καὶ
348 1033 628 1102 θηριῶδες
667 1032 766 1086 τοῦ
803 1026 1035 1101 τρόπου·
1097 1029 1190 1084 καὶ
1229 1025 1326 1084 τὸν
1365 1028 1468 1100 μὲν
1497 1026 1690 1102 Ἀτρέα
1733 1026 1826 1085 διὰ
1847 1049 1888 1083 10

216 1112 275 1170 τὸ
318 1112 523 1186 άτηρόν
561 1138 685 1170 τινα
724 1115 1012 1185 γεγονέναι
1049 1110 1108 1169 τὸ
1149 1103 1314 1184 ἦθος·
1375 1111 1472 1169 τὸν
1505 1113 1567 1169 δὲ
1596 1115 1826 1170 Πέλοπα

217 1195 339 1255 οἷόν
377 1223 502 1255 τινα
542 1199 607 1255 οὐ
648 1196 713 1255 τα
755 1196 974 1270 πόρρω,
1030 1193 1169 1253 ἀλλὰ
1215 1195 1359 1269 μόνα
1408 1195 1474 1252 τὰ
1515 1200 1683 1263 πέλας
1732 1199 1825 1253 καὶ

218 1281 382 1355 ἐγγὺς
423 1281 663 1356 ὁρῶντα·
731 1281 829 1338 τὸν
873 1282 935 1338 δὲ
983 1280 1269 1338 Τάνταλον
1316 1279 1654 1338 ταλάντατον
1701 1279 1826 1339 τινά

216 1386 383 1440 φησι,
431 1361 522 1423 διὰ
561 1363 627 1423 τοὶ
665 1370 792 1439 περὶ
832 1357 1003 1423 αὐτὸν
1043 1363 1462 1438 δυστυχήματα,
1516 1371 1821 1468 σημαίνειν.

215 1455 298 1508 22.
342 1455 514 1508 ταῦτα
554 1453 647 1508 καὶ
686 1457 910 1508 τοιαῦτα
949 1456 1120 1523 μυρία
1159 1447 1299 1505 άλλα
1340 1446 1522 1522 ευ’ροις
1561 1447 1632 1507 άν
1672 1456 1823 1523 εἰρη-
1846 1471 1887 1504 15

213 1538 353 1608 μένα
383 1559 458 1592 τω
491 1533 781 1606 Πλάτωνι,
824 1533 993 1607 φύσει
1031 1543 1356 1606 τεθεισθαι,
1399 1532 1520 1591 ἀλλ’
1558 1531 1623 1591 οὐ
1665 1536 1824 1592 θέσει

168 1640 189 1672 b
213 1634 327 1686 τοις
395 1618 632 1692 πρώτοις
689 1644 754 1676 τα
814 1616 1057 1691 ὀνόματα
1126 1617 1415 1675 διδάσκειν
1481 1624 1820 1720 πειρωμένω.

213 1707 296 1760 23.
330 1701 453 1760 ἀλλ’
487 1701 552 1760 οὐ
595 1705 686 1761 καὶ
724 1728 790 1761 τα
831 1725 981 1777 παρα
1011 1712 1216 1761 Μωσει
1252 1702 1591 1775 βεβιασμένα
1631 1699 1701 1759 ἂν
1743 1713 1824 1760 εἵ-

213 1811 364 1859 ποις,
415 1785 553 1845 οὐδέ
597 1811 660 1861 γε
707 1787 844 1845 κατά
893 1811 1018 1845 τινα
1068 1785 1397 1860 σοφιστικὴν
1437 1785 1823 1859 εὑρεσιλογίαν

212 1875 585 1945 πεποιημένα,
609 1872 827 1974 ’μαθων
868 1896 942 1939 ως
981 1868 1008 1928 ὁ
1050 1896 1152 1945 μεν
1191 1868 1325 1945 παρ’
1361 1867 1633 1945 Ἑβραίοις
1673 1870 1820 1929 Κάϊν
1841 1895 1883 1928 20

203 1951 446 2028 “ζῆλος”
492 1953 622 2027 παρ’
675 1954 901 2028 Ἐλλησι
916 1954 1452 2056 μεταλαμβάνεται,
1511 1955 1710 2014 τούτου
1763 1953 1819 2013 δ’

211 2039 424 2112 ηξιώθη
454 2046 553 2097 τοῦ
595 2031 975 2114 προσρήματος
1005 2036 1033 2096 ὁ
1071 2039 1409 2112 δηλούμενος
1443 2040 1534 2097 δια
1563 2041 1623 2098 τὸ
1654 2043 1820 2114 ζηλω-

211 2142 303 2181 σαι
342 2123 439 2182 τὸν
477 2123 725 2198 ἀδελφὸν
763 2124 860 2183 τὸν
886 2123 1067 2196 Ἅβελ.
1138 2128 1221 2180 24.
1256 2127 1349 2180 καὶ
1378 2123 1407 2181 ὁ
1437 2122 1603 2197 ’Ἅβελ
1636 2125 1698 2182 δε
1728 2128 1822 2225 ἑρ-

210 2208 506 2280 μηνεύεται
555 2206 830 2277 πένθος”
840 2254 854 2280 ,
908 2211 1010 2266 τοῦ
1046 2212 1265 2266 τοιοῦδε
1311 2206 1529 2308 πάθους
1576 2207 1818 2281 γεγονώς

212 2294 303 2348 καὶ
335 2289 497 2358 αὐτὸς
533 2307 647 2359 τοις
686 2298 948 2365 γονεῦσιν
973 2302 1189 2365 .αἰ’τιος,
1230 2299 1287 2349 οἳ
1322 2291 1458 2349 κατά
1496 2317 1622 2350 τινα
1660 2302 1817 2350 θειο-
1838 2315 1880 2348 25

169 2404 185 2426 c
210 2378 375 2446 τέραν
416 2374 767 2448 προμήθειαν
810 2379 1126 2450 γενομένοις
1165 2390 1278 2444 τοῖς
1308 2379 1468 2434 παισὶ
1488 2375 1699 2445 ταύτας
1729 2378 1819 2434 τέ-

209 2469 428 2522 ,θεινται
458 2457 554 2526 τὰς
586 2464 916 2533 ἐπωνυμίας.
963 2464 1046 2517 25.
1079 2467 1138 2517 τί
1166 2458 1219 2516 δ’
1248 2469 1305 2516 εἴ
1330 2479 1417 2518 σοι
1446 2459 1546 2519 τὸν
1567 2459 1815 2534 Ἀβραὰμ

209 2545 611 2617 παραφέροιμι;
665 2542 1068 2617 μετεωρολόγος
1115 2567 1196 2608 τις
1236 2537 1395 2610 οὗτος
1436 2546 1529 2601 καὶ
1569 2547 1664 2615 τῆς
1702 2567 1815 2600 των

209 2624 428 2698 ἄστρων
477 2634 719 2698 θεωρίας
766 2652 878 2684 των
927 2651 986 2684 τε
1025 2625 1143 2683 κατ’
1189 2623 1430 2697 ουρανόν
1470 2626 1815 2700 μαθημάτων

210 2710 454 2782 εἰδήμων
484 2709 544 2767 τό
578 2714 729 2785 πρὶν,
760 2709 850 2769 ὅτε
879 2715 975 2783 τῆς
1004 2714 1319 2783 Χαλδαϊκής
1350 2726 1686 2783 μετεποιεῖτο
1718 2730 1813 2768 σο-
1834 2735 1877 2768 30

207 2804 367 2866 φίας,
412 2795 654 2867 γεγονώς
681 2793 897 2869 ΡἈβραμ
930 2799 1200 2852 ἐκαλεῖτο·
1262 2799 1421 2852 τοῦτο
1454 2794 1504 2852 δ’
1533 2794 1811 2868 Ἑλλήνων

210 2882 372 2951 φωνῇ
414 2882 620 2953 πατέρα
660 2883 937 2953 μετέωρον
977 2884 1247 2951 σημαίνει.
1327 2884 1411 2936 26.
1456 2876 1575 2935 ἀλλ’
1612 2878 1640 2935 ὁ
1680 2877 1811 2944 θεός
