2014 3146
271 119 342 172 54
946 117 1194 160 EUsEssn

273 241 322 293 3.
366 227 457 307 ἆρ’
490 231 557 292 οὐ
599 239 755 292 δοκεῖ
790 252 877 291 σοι
919 237 1183 291 ἐντεῦθεν
1213 231 1242 290 ὁ
1273 231 1514 291 Πλάτων
1545 231 1699 310 ζῴων
1731 236 1880 301 ἰδέας

276 322 336 378 ἐν
365 323 440 397 τῷ
479 322 658 396 νοητῷ
698 315 1021 376 ἀπολείπειν
1063 316 1248 395 κόσμῳ
1288 320 1380 375 καὶ
1419 316 1486 374 τὰ
1525 323 1646 391 εἴδη
1686 317 1752 375 τὰ
1793 324 1881 375 αἰ-

274 402 456 477 σθητοὶ
487 404 623 460 κατὰ
653 401 719 459 τὰ
747 406 882 475 γένη
915 407 1275 476 δημιουργεῖν
1303 399 1370 459 τά
1399 401 1595 475 νοητά;
1652 407 1699 459 4.
1736 402 1882 461 εἰκό-

273 512 378 554 τως
418 485 525 562 ἄρα
567 490 625 544 ἐκ
664 490 764 560 γῆς
803 487 908 560 μὲν
945 486 1006 544 τὸ
1047 489 1202 560 σῶμα
1253 485 1686 544 διαπλάττεσθαι
1734 488 1879 560 λέγει

227 598 248 629 b
274 576 516 644 Μωσῆς,
557 569 586 628 ὃ
626 570 822 645 γήϊνόν
862 588 1036 645 φησιν
1075 570 1104 628 ὁ
1143 569 1383 629 Πλάτων
1423 575 1653 645 σκῆνος,
1694 571 1923 646 ψυχὴν5

275 657 335 714 δὲ
365 655 466 729 τὴν
498 654 725 730 λογικὴν
753 654 981 714 ἄνωθεν
1012 659 1431 730 ἐμπνευσθῆναι
1471 653 1581 713 ὑπὸ
1623 659 1764 714 θεοῦ
1806 662 1882 723 εἰς

273 739 586 815 πρόσωπον.
663 746 711 798 5.
750 744 995 798 ἐνταῦθα
1025 740 1130 814 γὰρ
1160 739 1222 798 τὸ
1253 736 1584 814 ἡγεμονικὸν
1616 744 1883 815 ἱδρῦσθαι

274 826 525 898 λέγουσι,
575 825 677 898 τὴν
727 823 818 883 διά
859 828 972 883 τῶν
1012 831 1396 899 αἰσθητηρίων
1437 823 1750 883 ἐπεισόδιον
1787 830 1883 898 τῆς

166 943 259 987 [323]
275 913 454 984 ψυχῆς
486 911 575 967 ἐπὶ
605 913 704 968 τοῦ
732 908 1164 984 πρωτοπλάστου
1207 915 1427 968 εἴσοδον
1465 908 1882 983 ἑρμηνεύοντες,

276 994 361 1051 διὸ
393 996 486 1051 καὶ
515 993 632 1052 κατ’
665 993 852 1052 εἰκόνα
883 997 973 1051 καὶ
995 993 1134 1096 ,καθ’
1164 990 1429 1068 ὁμοίωσιν
1457 994 1554 1052 τὸν
1578 992 1884 1067 ἄνθρωπον
1909 1014 1948 1046 10

275 1081 579 1151 γεγονέναι.
657 1078 822 1137 είκων
861 1103 964 1152 μεν
1005 1103 1109 1153 γαρ
1149 1081 1291 1137 θεοῦ
1329 1078 1488 1151 λόγος
1527 1075 1556 1135 ὁ
1596 1088 1751 1146 θεῖος
1793 1081 1884 1136 καὶ

276 1161 584 1236 βασιλικὸς,
618 1161 916 1236 ανθρωπος
948 1160 1202 1237 άπαθὴς,
1248 1162 1415 1221 εἰκών
1448 1163 1509 1220 δε
1541 1161 1753 1230 εἰκόνος
1783 1162 1885 1220 ἁν-

275 1248 559 1323 θρωπινος
590 1252 739 1316 νοῦς

393 1331 745 1406 Ἀκούσωμεν
776 1333 836 1390 δε
867 1334 959 1389 καὶ
988 1336 1101 1389 τῶν
1131 1332 1549 1407 ῥηθησομένων.

401 1428 565 1478 XXVI.
598 1414 715 1476 ”En
745 1415 880 1491 πρὸς
909 1415 1121 1484 τούτοις
1152 1412 1181 1474 ὁ
1207 1415 1447 1474 Πλάτων
1475 1429 1588 1484 τοῖς
1611 1414 1884 1489 Ἑβραίων
1908 1434 1948 1467 15

277 1501 737 1574 ἐπακολουθήσας
768 1500 947 1574 λόγοις
979 1498 1044 1558 οὐ
1075 1500 1248 1575 μόνον
1277 1498 1599 1574 ἀσωμάτους
1630 1502 1720 1557 καὶ
1752 1497 1884 1572 άγα-

275 1580 383 1652 θάς
425 1584 716 1658 δυνάμεις,
760 1583 900 1643 ἄλλα
939 1587 1032 1642 καὶ
1074 1590 1326 1652 ἐναντίας
1355 1586 1530 1658 φησὶν
1562 1585 1733 1658 εἶναι,
1775 1576 1888 1642 οἶδέ

277 1691 353 1744 πη
384 1668 620 1744 γράφων
651 1674 712 1728 ἐν
742 1676 817 1747 τῷ
851 1669 1062 1748 δεκάτῳ
1093 1673 1207 1728 τῶν
1238 1667 1448 1743 Νόμων

226 1771 246 1803 d
404 1758 453 1811 2.
479 1750 510 1774 “
526 1753 724 1828 Ψυχὴν
755 1758 1078 1812 διοικοῦσαν
1104 1757 1195 1812 καὶ
1221 1757 1546 1812 ἐνοικοῦσαν
1567 1766 1682 1820 τοῖς
1705 1751 1883 1825 πάντη

277 1841 624 1912 κινουμένοις
673 1843 789 1906 πῶς
837 1837 902 1897 οὐ
945 1841 1035 1896 καὶ
1084 1837 1181 1896 τὸν
1218 1835 1461 1912 οὐρανὸν
1498 1837 1711 1911 ἀνάγκη
1743 1842 1884 1895 διοι-
1906 1857 1948 1890 20

278 1937 398 1981 κεῖν
429 1923 630 1996 φάναι;

414 2013 486 2066 Τί
509 2005 647 2080 {mim

405 2097 584 2164 Μίαν,
615 2089 926 2164 ἢπλείουςς
972 2096 1216 2163 πλείους,
1250 2089 1355 2163 ἐγώ
1387 2086 1527 2165 ὑπὲρ
1560 2093 1720 2164 σφῶν
1750 2086 1884 2147 άπο-

279 2180 588 2250 κρινοῦμαι.
648 2181 811 2235 δυοῖν
854 2178 956 2250 μέν
987 2197 1095 2234 που
1140 2180 1364 2233 ἔλαττον
1403 2175 1580 2248 μηδὲν
1619 2177 1882 2247 τιθῶμεν,

277 2267 372 2333 τῆς
410 2283 468 2317 τε
508 2259 850 2335 εὐεργέτιδος
889 2262 980 2318 καὶ
1019 2264 1116 2332 τῆς
1155 2258 1423 2318 τάναντία
1453 2260 1767 2333 δυναμένης
1800 2261 1885 2327 ἐξ-
1907 2275 1948 2308 25

282 2342 664 2417 εργάζεσθαι.”

407 2432 455 2485 3.
489 2425 624 2485 Εἶθ’
659 2424 872 2500 ὑποβάς
902 2447 1076 2501 φησιν

401 2508 432 2531 “
453 2510 686 2584 Ἐπειδὴ
727 2510 831 2587 γάρ
864 2511 1330 2586 συνεχωρήσαμεν
1360 2508 1495 2585 ἡμῖν
1524 2509 1712 2577 αὐτοῖς
1745 2509 1886 2567 εἶναι

281 2597 384 2669 μὲν
420 2594 517 2654 τὸν
556 2595 800 2671 οὐρανὸν
838 2600 1060 2653 πολλῶν
1097 2595 1298 2669 μεστὸν
1337 2594 1598 2667 ἀγαθῶν,
1641 2594 1782 2651 εἶναι
1826 2594 1887 2650 δὲ

283 2682 375 2737 καὶ
414 2684 526 2738 τῶν
568 2683 863 2753 ἐναντίων,
906 2679 1178 2738 πλειόνων
1221 2681 1283 2737 δὲ
1322 2683 1434 2736 τῶν
1471 2678 1573 2752 μὴ,
1617 2676 1763 2751 μάχη
1797 2675 1884 2749 δὴ,
1910 2697 1950 2729 30

399 2876 450 2916 18
482 2867 532 2916 ἐν
563 2875 625 2931 τῷ
659 2869 842 2927 δεκάτῳ
875 2873 969 2916 τῶν
999 2870 1191 2926 Νόμων]
1226 2887 1266 2926 p.
1292 2875 1387 2915 896.
1421 2873 1554 2914 906a.
