<?xml version="1.0" encoding="UTF-8"?>
<!DOCTYPE html PUBLIC "-//W3C//DTD XHTML 1.0 Transitional//EN"
    "http://www.w3.org/TR/xhtml1/DTD/xhtml1-transitional.dtd">
<html xmlns="http://www.w3.org/1999/xhtml" xml:lang="en" lang="en">
 <head>
  <title>
</title>
<meta http-equiv="Content-Type" content="text/html;charset=utf-8" />
  <meta name='ocr-system' content='tesseract 3.04.00' />
  <meta name='ocr-capabilities' content='ocr_page ocr_carea ocr_par ocr_line ocrx_word'/>
</head>
<body>
  <div class='ocr_page' id='page_1' title='image "./operaeusebius02euseuoft_0096.png"; bbox 0 0 2014 3146; ppageno 0'>
   <div class='ocr_carea' id='block_1_1' title="bbox 272 123 1178 176">
    <p class='ocr_par' dir='ltr' id='par_1_1' title="bbox 272 123 1178 176">
     <span class='ocr_line' id='line_1_1' title="bbox 272 123 1178 176; baseline -0.001 -12"><span class='ocrx_word' id='word_1_1' title='bbox 272 124 340 176; x_wconf 86' lang='lat'><strong><em>90</em></strong></span> <span class='ocrx_word' id='word_1_2' title='bbox 930 123 1178 164; x_wconf 74' lang='lat' dir='ltr'>EUSEBH</span> 
     </span>
    </p>
   </div>
   <div class='ocr_carea' id='block_1_2' title="bbox 156 235 1950 2747">
    <p class='ocr_par' dir='ltr' id='par_1_2' title="bbox 156 235 1875 564">
     <span class='ocr_line' id='line_1_2' title="bbox 156 235 1874 314; baseline -0.001 -17"><span class='ocrx_word' id='word_1_3' title='bbox 156 266 242 305; x_wconf 84' lang='lat'><strong>(581)</strong></span> <span class='ocrx_word' id='word_1_4' title='bbox 394 251 488 299; x_wconf 78' lang='lat' dir='ltr'><strong>vll.</strong></span> <span class='ocrx_word' id='word_1_5' title='bbox 527 235 829 310; x_wconf 78' lang='grc' dir='ltr'><strong><em>“Εὕλαβοῦ</em></strong></span> <span class='ocrx_word' id='word_1_6' title='bbox 858 240 1045 309; x_wconf 91' lang='grc' dir='ltr'><strong><em>μέντοι</em></strong></span> <span class='ocrx_word' id='word_1_7' title='bbox 1083 236 1159 310; x_wconf 88' lang='grc' dir='ltr'><strong><em>μή</em></strong></span> <span class='ocrx_word' id='word_1_8' title='bbox 1190 260 1320 295; x_wconf 90' lang='grc' dir='ltr'><strong><em>ποτε</em></strong></span> <span class='ocrx_word' id='word_1_9' title='bbox 1361 240 1562 314; x_wconf 83' lang='grc' dir='ltr'><strong><em>ἐκπέσῃ</em></strong></span> <span class='ocrx_word' id='word_1_10' title='bbox 1593 243 1763 296; x_wconf 86' lang='grc' dir='ltr'><strong><em>ταῦτα</em></strong></span> <span class='ocrx_word' id='word_1_11' title='bbox 1796 245 1874 306; x_wconf 82' lang='grc' dir='ltr'><strong><em>εἰς</em></strong></span> 
     </span>
     <span class='ocr_line' id='line_1_3' title="bbox 265 319 1874 397; baseline -0.001 -15"><span class='ocrx_word' id='word_1_12' title='bbox 265 322 600 397; x_wconf 74' lang='grc' dir='ltr'><em>ἀνθρώπους</em></span> <span class='ocrx_word' id='word_1_13' title='bbox 631 319 1026 387; x_wconf 76' lang='grc' dir='ltr'><em>ἀπαιδεύτους</em></span> <span class='ocrx_word' id='word_1_14' title='bbox 1060 321 1260 394; x_wconf 88' lang='grc' dir='ltr'><strong><em>σχεδὸν</em></strong></span> <span class='ocrx_word' id='word_1_15' title='bbox 1289 320 1413 395; x_wconf 75' lang='grc' dir='ltr'><strong><em>γὰρ,</em></strong></span> <span class='ocrx_word' id='word_1_16' title='bbox 1447 321 1519 388; x_wconf 81' lang='grc' dir='ltr'><strong><em>ὡς</em></strong></span> <span class='ocrx_word' id='word_1_17' title='bbox 1551 325 1669 396; x_wconf 80' lang='grc' dir='ltr'><strong><em>ἐμοὶ</em></strong></span> <span class='ocrx_word' id='word_1_18' title='bbox 1703 329 1874 394; x_wconf 75' lang='grc' dir='ltr'><strong><em>δοκεῖ,</em></strong></span> 
     </span>
     <span class='ocr_line' id='line_1_4' title="bbox 266 402 1875 479; baseline -0.001 -13"><span class='ocrx_word' id='word_1_19' title='bbox 266 408 367 466; x_wconf 84' lang='grc' dir='ltr'><strong><em>οὐκ</em></strong></span> <span class='ocrx_word' id='word_1_20' title='bbox 399 413 512 463; x_wconf 84' lang='grc' dir='ltr'><strong><em>ε”στι</em></strong></span> <span class='ocrx_word' id='word_1_21' title='bbox 542 404 756 463; x_wconf 87' lang='grc' dir='ltr'><strong><em>τούτων</em></strong></span> <span class='ocrx_word' id='word_1_22' title='bbox 786 403 921 479; x_wconf 79' lang='grc' dir='ltr'><strong><em>πρὸς</em></strong></span> <span class='ocrx_word' id='word_1_23' title='bbox 951 402 1081 471; x_wconf 74' lang='grc' dir='ltr'><strong><em>τοὺς</em></strong></span> <span class='ocrx_word' id='word_1_24' title='bbox 1111 404 1348 472; x_wconf 75' lang='grc' dir='ltr'><strong><em>πολλοὺς</em></strong></span> <span class='ocrx_word' id='word_1_25' title='bbox 1371 406 1875 479; x_wconf 79' lang='grc' dir='ltr'><strong><em>καταγελαστότερα</em></strong></span> 
     </span>
     <span class='ocr_line' id='line_1_5' title="bbox 267 486 1874 564; baseline -0.001 -15"><span class='ocrx_word' id='word_1_26' title='bbox 267 489 617 562; x_wconf 81' lang='grc' dir='ltr'><strong><em>ἀκούσματα,</em></strong></span> <span class='ocrx_word' id='word_1_27' title='bbox 667 486 792 547; x_wconf 80' lang='grc' dir='ltr'><strong><em>οὐδ’</em></strong></span> <span class='ocrx_word' id='word_1_28' title='bbox 837 491 908 546; x_wconf 86' lang='grc' dir='ltr'><strong><em>αὐ</em></strong></span> <span class='ocrx_word' id='word_1_29' title='bbox 947 489 1082 564; x_wconf 86' lang='grc' dir='ltr'><strong><em>πρὸς</em></strong></span> <span class='ocrx_word' id='word_1_30' title='bbox 1122 513 1251 555; x_wconf 88' lang='grc' dir='ltr'><strong><em>τους</em></strong></span> <span class='ocrx_word' id='word_1_31' title='bbox 1293 488 1520 562; x_wconf 80' lang='grc' dir='ltr'><strong><em>εὐφυεῖς</em></strong></span> <span class='ocrx_word' id='word_1_32' title='bbox 1558 490 1874 564; x_wconf 87' lang='grc' dir='ltr'><strong><em>θαυμαστό-</em></strong></span> 
     </span>
    </p>

    <p class='ocr_par' dir='ltr' id='par_1_3' title="bbox 223 572 1918 819">
     <span class='ocr_line' id='line_1_6' title="bbox 223 572 1918 649; baseline -0.001 -16"><span class='ocrx_word' id='word_1_33' title='bbox 223 594 242 626; x_wconf 87' lang='lat' dir='ltr'>b</span> <span class='ocrx_word' id='word_1_34' title='bbox 266 573 395 649; x_wconf 81' lang='grc' dir='ltr'><strong><em>τερά</em></strong></span> <span class='ocrx_word' id='word_1_35' title='bbox 424 597 483 630; x_wconf 87' lang='grc' dir='ltr'><strong><em>τε</em></strong></span> <span class='ocrx_word' id='word_1_36' title='bbox 519 576 611 630; x_wconf 82' lang='grc' dir='ltr'><strong><em>καὶ</em></strong></span> <span class='ocrx_word' id='word_1_37' title='bbox 654 572 1239 647; x_wconf 76' lang='grc' dir='ltr'><strong><em>ἐνθουσιαστικώτερα.</em></strong></span> <span class='ocrx_word' id='word_1_38' title='bbox 1315 573 1575 640; x_wconf 89' lang='grc' dir='ltr'><strong><em>πολλακις</em></strong></span> <span class='ocrx_word' id='word_1_39' title='bbox 1617 575 1677 631; x_wconf 88' lang='grc' dir='ltr'><strong><em>δε</em></strong></span> <span class='ocrx_word' id='word_1_40' title='bbox 1715 573 1918 647; x_wconf 84' lang='grc' dir='ltr'><strong><em>λεγό-5</em></strong></span> 
     </span>
     <span class='ocr_line' id='line_1_7' title="bbox 266 655 1877 733; baseline -0.001 -17"><span class='ocrx_word' id='word_1_41' title='bbox 266 683 406 733; x_wconf 89' lang='grc' dir='ltr'><strong><em>μενα</em></strong></span> <span class='ocrx_word' id='word_1_42' title='bbox 437 660 528 715; x_wconf 89' lang='grc' dir='ltr'><strong><em>καὶ</em></strong></span> <span class='ocrx_word' id='word_1_43' title='bbox 559 657 645 715; x_wconf 89' lang='grc' dir='ltr'><strong><em>ἀεὶ</em></strong></span> <span class='ocrx_word' id='word_1_44' title='bbox 676 656 991 732; x_wconf 80' lang='grc' dir='ltr'><strong><em>ἀκουόμενα</em></strong></span> <span class='ocrx_word' id='word_1_45' title='bbox 1023 660 1115 715; x_wconf 87' lang='grc' dir='ltr'><strong><em>καὶ</em></strong></span> <span class='ocrx_word' id='word_1_46' title='bbox 1147 657 1321 714; x_wconf 78' lang='grc' dir='ltr'><strong><em>πολλὰ</em></strong></span> <span class='ocrx_word' id='word_1_47' title='bbox 1351 665 1443 731; x_wconf 84' lang='grc' dir='ltr'><strong><em>ἔτη</em></strong></span> <span class='ocrx_word' id='word_1_48' title='bbox 1473 658 1656 731; x_wconf 82' lang='grc' dir='ltr'><em>μόγις,</em></span> <span class='ocrx_word' id='word_1_49' title='bbox 1690 655 1877 732; x_wconf 70' lang='grc' dir='ltr'><strong><em>ὥσπερ</em></strong></span> 
     </span>
     <span class='ocr_line' id='line_1_8' title="bbox 267 740 1776 819; baseline -0.001 -18"><span class='ocrx_word' id='word_1_50' title='bbox 267 740 497 819; x_wconf 82' lang='grc' dir='ltr'><strong><em>χρυσὸς,</em></strong></span> <span class='ocrx_word' id='word_1_51' title='bbox 531 746 919 815; x_wconf 81' lang='grc' dir='ltr'><strong><em>ἐκκαθαίρεται</em></strong></span> <span class='ocrx_word' id='word_1_52' title='bbox 949 741 1083 815; x_wconf 78' lang='grc' dir='ltr'><strong><em>μετὰ</em></strong></span> <span class='ocrx_word' id='word_1_53' title='bbox 1114 745 1318 814; x_wconf 89' lang='grc' dir='ltr'><strong><em>πολλῆς</em></strong></span> <span class='ocrx_word' id='word_1_54' title='bbox 1349 741 1776 815; x_wconf 83' lang='grc' dir='ltr'><strong><em>πραγματείας.”</em></strong></span> 
     </span>
    </p>

    <p class='ocr_par' dir='ltr' id='par_1_4' title="bbox 269 823 1944 1238">
     <span class='ocr_line' id='line_1_9' title="bbox 395 823 1879 901; baseline -0.004 -12"><span class='ocrx_word' id='word_1_55' title='bbox 395 837 515 889; x_wconf 86' lang='lat' dir='ltr'><strong>VIII.</strong></span> <span class='ocrx_word' id='word_1_56' title='bbox 561 829 671 884; x_wconf 88' lang='grc' dir='ltr'><strong><em>Καὶ</em></strong></span> <span class='ocrx_word' id='word_1_57' title='bbox 711 824 843 901; x_wconf 86' lang='grc' dir='ltr'><strong><em>παρ’</em></strong></span> <span class='ocrx_word' id='word_1_58' title='bbox 887 825 1019 899; x_wconf 82' lang='grc' dir='ltr'><strong><em>ἡμῖν</em></strong></span> <span class='ocrx_word' id='word_1_59' title='bbox 1058 825 1087 883; x_wconf 82' lang='grc' dir='ltr'>ὁ</span> <span class='ocrx_word' id='word_1_60' title='bbox 1119 826 1385 900; x_wconf 77' lang='grc' dir='ltr'><strong><em>σωτήριος</em></strong></span> <span class='ocrx_word' id='word_1_61' title='bbox 1416 826 1575 898; x_wconf 82' lang='grc' dir='ltr'><strong><em>λόγος</em></strong></span> <span class='ocrx_word' id='word_1_62' title='bbox 1606 829 1745 900; x_wconf 86' lang='grc' dir='ltr'><strong><em>φησὶ</em></strong></span> <span class='ocrx_word' id='word_1_63' title='bbox 1768 823 1879 900; x_wconf 45' lang='grc' dir='ltr'><strong><em>ε(μὴ</em></strong></span> 
     </span>
     <span class='ocr_line' id='line_1_10' title="bbox 271 908 1880 984; baseline -0.002 -14"><span class='ocrx_word' id='word_1_64' title='bbox 271 916 410 970; x_wconf 80' lang='grc' dir='ltr'><strong><em>δῶτε</em></strong></span> <span class='ocrx_word' id='word_1_65' title='bbox 449 909 510 970; x_wconf 82' lang='grc' dir='ltr'><strong><em>τὸ</em></strong></span> <span class='ocrx_word' id='word_1_66' title='bbox 552 908 711 982; x_wconf 82' lang='grc' dir='ltr'><strong><em>ἅγιον</em></strong></span> <span class='ocrx_word' id='word_1_67' title='bbox 751 925 864 978; x_wconf 82' lang='grc' dir='ltr'><strong><em>τοῖς</em></strong></span> <span class='ocrx_word' id='word_1_68' title='bbox 904 914 1062 983; x_wconf 88' lang='grc' dir='ltr'><strong><em>κυσὶ,</em></strong></span> <span class='ocrx_word' id='word_1_69' title='bbox 1102 911 1242 983; x_wconf 74' lang='grc' dir='ltr'><strong><em>μηδὲ</em></strong></span> <span class='ocrx_word' id='word_1_70' title='bbox 1282 910 1518 983; x_wconf 81' lang='grc' dir='ltr'><strong><em>βάλλητε</em></strong></span> <span class='ocrx_word' id='word_1_71' title='bbox 1567 909 1695 977; x_wconf 82' lang='grc' dir='ltr'><strong><em>τούς</em></strong></span> <span class='ocrx_word' id='word_1_72' title='bbox 1744 935 1880 984; x_wconf 88' lang='grc' dir='ltr'><strong><em>μαρ-</em></strong></span> 
     </span>
     <span class='ocr_line' id='line_1_11' title="bbox 269 991 1944 1071; baseline -0.003 -18"><span class='ocrx_word' id='word_1_73' title='bbox 269 1003 497 1071; x_wconf 91' lang='grc' dir='ltr'><strong><em>γαρίτας</em></strong></span> <span class='ocrx_word' id='word_1_74' title='bbox 525 991 684 1068; x_wconf 78' lang='grc' dir='ltr'><strong><em>ὑμῶν</em></strong></span> <span class='ocrx_word' id='word_1_75' title='bbox 716 1001 1034 1068; x_wconf 81' lang='grc' dir='ltr'><strong><em>ἔμπροσθεν</em></strong></span> <span class='ocrx_word' id='word_1_76' title='bbox 1055 998 1167 1052; x_wconf 74' lang='grc' dir='ltr'><strong><em>τῶν</em></strong></span> <span class='ocrx_word' id='word_1_77' title='bbox 1187 993 1445 1068; x_wconf 85' lang='grc' dir='ltr'><strong><em>χοίρων.”</em></strong></span> <span class='ocrx_word' id='word_1_78' title='bbox 1502 997 1594 1052; x_wconf 85' lang='grc' dir='ltr'><strong><em>καὶ</em></strong></span> <span class='ocrx_word' id='word_1_79' title='bbox 1615 991 1682 1052; x_wconf 75' lang='lat'><strong><em>“6</em></strong></span> <span class='ocrx_word' id='word_1_80' title='bbox 1714 1009 1881 1068; x_wconf 79' lang='grc' dir='ltr'><strong><em>ψυχι-</em></strong></span> <span class='ocrx_word' id='word_1_81' title='bbox 1903 1017 1944 1048; x_wconf 85' lang='lat'><strong><em>10</em></strong></span> 
     </span>
     <span class='ocr_line' id='line_1_12' title="bbox 270 1077 1883 1153; baseline -0.001 -16"><span class='ocrx_word' id='word_1_82' title='bbox 270 1079 362 1148; x_wconf 84' lang='grc' dir='ltr'><strong><em>κὸς</em></strong></span> <span class='ocrx_word' id='word_1_83' title='bbox 392 1080 496 1153; x_wconf 78' lang='grc' dir='ltr'><strong><em>γὰρ</em></strong></span> <span class='ocrx_word' id='word_1_84' title='bbox 527 1077 826 1150; x_wconf 79' lang='grc' dir='ltr'><strong><em>ἅνθρωπος</em></strong></span> <span class='ocrx_word' id='word_1_85' title='bbox 866 1078 933 1136; x_wconf 84' lang='grc' dir='ltr'><strong><em>οὐ</em></strong></span> <span class='ocrx_word' id='word_1_86' title='bbox 967 1081 1179 1152; x_wconf 86' lang='grc' dir='ltr'><strong><em>δέχεται</em></strong></span> <span class='ocrx_word' id='word_1_87' title='bbox 1217 1077 1283 1136; x_wconf 82' lang='grc' dir='ltr'><strong><em>τά</em></strong></span> <span class='ocrx_word' id='word_1_88' title='bbox 1312 1082 1411 1136; x_wconf 81' lang='grc' dir='ltr'><strong><em>τοῦ</em></strong></span> <span class='ocrx_word' id='word_1_89' title='bbox 1441 1078 1752 1152; x_wconf 81' lang='grc' dir='ltr'><strong><em>πνεύματος</em></strong></span> <span class='ocrx_word' id='word_1_90' title='bbox 1783 1082 1883 1136; x_wconf 79' lang='grc' dir='ltr'><strong><em>τοῦ</em></strong></span> 
     </span>
     <span class='ocr_line' id='line_1_13' title="bbox 270 1160 1193 1238; baseline -0.002 -15"><span class='ocrx_word' id='word_1_91' title='bbox 270 1168 433 1223; x_wconf 81' lang='grc' dir='ltr'><strong><em>θεοῦ·</em></strong></span> <span class='ocrx_word' id='word_1_92' title='bbox 495 1171 674 1237; x_wconf 86' lang='grc' dir='ltr'><strong><em>μωρία</em></strong></span> <span class='ocrx_word' id='word_1_93' title='bbox 705 1163 810 1236; x_wconf 77' lang='grc' dir='ltr'><strong><em>γὰρ</em></strong></span> <span class='ocrx_word' id='word_1_94' title='bbox 843 1160 991 1238; x_wconf 75' lang='grc' dir='ltr'><strong><em>αὐτῷ</em></strong></span> <span class='ocrx_word' id='word_1_95' title='bbox 1026 1168 1152 1221; x_wconf 86' lang='grc' dir='ltr'><strong><em>ἐστί.</em></strong></span> <span class='ocrx_word' id='word_1_96' title='bbox 1166 1160 1193 1180; x_wconf 86' lang='grc'>”</span> 
     </span>
    </p>

    <p class='ocr_par' dir='ltr' id='par_1_5' title="bbox 230 1245 1946 1656">
     <span class='ocr_line' id='line_1_14' title="bbox 230 1245 1881 1321; baseline -0.001 -15"><span class='ocrx_word' id='word_1_97' title='bbox 230 1269 248 1290; x_wconf 79' lang='lat'><strong>⁰</strong></span> <span class='ocrx_word' id='word_1_98' title='bbox 391 1245 542 1307; x_wconf 62' lang='lat' dir='ltr'><strong><em>“Kal</em></strong></span> <span class='ocrx_word' id='word_1_99' title='bbox 574 1246 642 1319; x_wconf 83' lang='grc' dir='ltr'><strong><em>δὴ</em></strong></span> <span class='ocrx_word' id='word_1_100' title='bbox 675 1250 767 1304; x_wconf 90' lang='grc' dir='ltr'><strong><em>καὶ</em></strong></span> <span class='ocrx_word' id='word_1_101' title='bbox 801 1246 922 1314; x_wconf 82' lang='grc' dir='ltr'><strong><em>ἑνὸς</em></strong></span> <span class='ocrx_word' id='word_1_102' title='bbox 954 1245 1188 1321; x_wconf 82' lang='grc' dir='ltr'><strong><em>ἀνδρὸς,</em></strong></span> <span class='ocrx_word' id='word_1_103' title='bbox 1220 1246 1428 1304; x_wconf 83' lang='grc' dir='ltr'><strong><em>ὁπόταν</em></strong></span> <span class='ocrx_word' id='word_1_104' title='bbox 1453 1249 1610 1304; x_wconf 87' lang='grc' dir='ltr'><strong><em>καλοὶ</em></strong></span> <span class='ocrx_word' id='word_1_105' title='bbox 1643 1250 1702 1304; x_wconf 85' lang='grc' dir='ltr'><strong><em>ἐν</em></strong></span> <span class='ocrx_word' id='word_1_106' title='bbox 1732 1250 1881 1321; x_wconf 78' lang='grc' dir='ltr'><strong><em>ψυχῇ</em></strong></span> 
     </span>
     <span class='ocr_line' id='line_1_15' title="bbox 271 1329 1882 1406; baseline -0.001 -16"><span class='ocrx_word' id='word_1_107' title='bbox 271 1333 422 1406; x_wconf 90' lang='grc' dir='ltr'><strong><em>λόγοι</em></strong></span> <span class='ocrx_word' id='word_1_108' title='bbox 455 1331 671 1398; x_wconf 83' lang='grc' dir='ltr'><strong><em>ἐνόντες</em></strong></span> <span class='ocrx_word' id='word_1_109' title='bbox 710 1333 886 1405; x_wconf 74' lang='grc' dir='ltr'><strong><em>μηδὲν</em></strong></span> <span class='ocrx_word' id='word_1_110' title='bbox 915 1338 1114 1389; x_wconf 82' lang='grc' dir='ltr'><strong><em>ποιῶσι</em></strong></span> <span class='ocrx_word' id='word_1_111' title='bbox 1144 1334 1339 1403; x_wconf 83' lang='grc' dir='ltr'><strong><em>πλέον,</em></strong></span> <span class='ocrx_word' id='word_1_112' title='bbox 1387 1330 1525 1388; x_wconf 80' lang='grc' dir='ltr'><strong><em>ἀλλὰ</em></strong></span> <span class='ocrx_word' id='word_1_113' title='bbox 1569 1330 1637 1403; x_wconf 90' lang='grc' dir='ltr'><strong><em>δὴ</em></strong></span> <span class='ocrx_word' id='word_1_114' title='bbox 1667 1329 1882 1398; x_wconf 82' lang='grc' dir='ltr'><strong><em>τούτοις</em></strong></span> 
     </span>
     <span class='ocr_line' id='line_1_16' title="bbox 271 1412 1946 1489; baseline -0.004 -15"><span class='ocrx_word' id='word_1_115' title='bbox 271 1422 383 1474; x_wconf 81' lang='grc' dir='ltr'><strong><em>πᾶν</em></strong></span> <span class='ocrx_word' id='word_1_116' title='bbox 422 1415 765 1474; x_wconf 84' lang='grc' dir='ltr'><strong><em>τούναντίον.</em></strong></span> <span class='ocrx_word' id='word_1_117' title='bbox 827 1414 1028 1482; x_wconf 85' lang='grc' dir='ltr'><strong><em>ταύτας</em></strong></span> <span class='ocrx_word' id='word_1_118' title='bbox 1068 1414 1246 1482; x_wconf 78' lang='grc' dir='ltr'><strong><em>πάσας</em></strong></span> <span class='ocrx_word' id='word_1_119' title='bbox 1286 1412 1530 1489; x_wconf 87' lang='grc' dir='ltr'><strong><em>ἀμαθιάς</em></strong></span> <span class='ocrx_word' id='word_1_120' title='bbox 1569 1414 1664 1482; x_wconf 83' lang='grc' dir='ltr'><strong><em>τάς</em></strong></span> <span class='ocrx_word' id='word_1_121' title='bbox 1706 1423 1880 1488; x_wconf 87' lang='grc' dir='ltr'><strong><em>πλημ-</em></strong></span> <span class='ocrx_word' id='word_1_122' title='bbox 1906 1435 1946 1468; x_wconf 88' lang='lat'><strong><em>15</em></strong></span> 
     </span>
     <span class='ocr_line' id='line_1_17' title="bbox 271 1496 1884 1574; baseline -0.002 -16"><span class='ocrx_word' id='word_1_123' title='bbox 271 1499 602 1574; x_wconf 83' lang='grc' dir='ltr'><strong><em>μελεστάτας</em></strong></span> <span class='ocrx_word' id='word_1_124' title='bbox 634 1497 798 1573; x_wconf 82' lang='grc' dir='ltr'><strong><em>ἔγωγ’</em></strong></span> <span class='ocrx_word' id='word_1_125' title='bbox 841 1496 911 1558; x_wconf 73' lang='grc' dir='ltr'><strong><em>ἂν</em></strong></span> <span class='ocrx_word' id='word_1_126' title='bbox 939 1506 1107 1572; x_wconf 87' lang='grc' dir='ltr'><strong><em>θείην</em></strong></span> <span class='ocrx_word' id='word_1_127' title='bbox 1138 1499 1347 1566; x_wconf 76' lang='grc' dir='ltr'><strong><em>πόλεως</em></strong></span> <span class='ocrx_word' id='word_1_128' title='bbox 1386 1523 1446 1556; x_wconf 91' lang='grc' dir='ltr'><strong><em>τε</em></strong></span> <span class='ocrx_word' id='word_1_129' title='bbox 1477 1501 1568 1556; x_wconf 87' lang='grc' dir='ltr'><strong><em>καὶ</em></strong></span> <span class='ocrx_word' id='word_1_130' title='bbox 1600 1497 1721 1565; x_wconf 81' lang='grc' dir='ltr'><strong><em>ἑνὸς</em></strong></span> <span class='ocrx_word' id='word_1_131' title='bbox 1755 1498 1884 1556; x_wconf 77' lang='grc' dir='ltr'><strong><em>ἑκά-</em></strong></span> 
     </span>
     <span class='ocr_line' id='line_1_18' title="bbox 274 1581 1885 1656; baseline -0.001 -14"><span class='ocrx_word' id='word_1_132' title='bbox 274 1604 408 1642; x_wconf 85' lang='grc' dir='ltr'><strong><em>στου</em></strong></span> <span class='ocrx_word' id='word_1_133' title='bbox 437 1589 549 1642; x_wconf 77' lang='grc' dir='ltr'><strong><em>τῶν</em></strong></span> <span class='ocrx_word' id='word_1_134' title='bbox 579 1587 848 1656; x_wconf 81' lang='grc' dir='ltr'><strong><em>πολιτῶν,</em></strong></span> <span class='ocrx_word' id='word_1_135' title='bbox 880 1581 1002 1640; x_wconf 80' lang='grc' dir='ltr'><strong><em>ἀλλ’</em></strong></span> <span class='ocrx_word' id='word_1_136' title='bbox 1038 1581 1104 1641; x_wconf 80' lang='grc' dir='ltr'><strong><em>οὐ</em></strong></span> <span class='ocrx_word' id='word_1_137' title='bbox 1134 1584 1228 1649; x_wconf 80' lang='grc' dir='ltr'><strong><em>τὰς</em></strong></span> <span class='ocrx_word' id='word_1_138' title='bbox 1259 1588 1372 1640; x_wconf 75' lang='grc' dir='ltr'><strong><em>τῶν</em></strong></span> <span class='ocrx_word' id='word_1_139' title='bbox 1408 1586 1789 1656; x_wconf 72' lang='grc' dir='ltr'><strong><em>δημιουργῶν,</em></strong></span> <span class='ocrx_word' id='word_1_140' title='bbox 1835 1589 1885 1641; x_wconf 89' lang='grc' dir='ltr'><strong><em>εί</em></strong></span> 
     </span>
    </p>

    <p class='ocr_par' dir='ltr' id='par_1_6' title="bbox 227 1664 1562 1743">
     <span class='ocr_line' id='line_1_19' title="bbox 227 1664 1562 1743; baseline -0.001 -17"><span class='ocrx_word' id='word_1_141' title='bbox 227 1693 251 1726; x_wconf 82' lang='lat' dir='ltr'>d</span> <span class='ocrx_word' id='word_1_142' title='bbox 274 1667 379 1743; x_wconf 81' lang='grc' dir='ltr'><strong><em>ἀρα</em></strong></span> <span class='ocrx_word' id='word_1_143' title='bbox 409 1693 516 1741; x_wconf 91' lang='grc' dir='ltr'><strong><em>μου</em></strong></span> <span class='ocrx_word' id='word_1_144' title='bbox 547 1666 1030 1741; x_wconf 79' lang='grc' dir='ltr'><strong><em>καταμανθάνετε,</em></strong></span> <span class='ocrx_word' id='word_1_145' title='bbox 1064 1669 1106 1724; x_wconf 83' lang='grc' dir='ltr'><em>ὠ</em></span> <span class='ocrx_word' id='word_1_146' title='bbox 1137 1670 1311 1740; x_wconf 80' lang='grc' dir='ltr'><strong><em>ξένοι,</em></strong></span> <span class='ocrx_word' id='word_1_147' title='bbox 1343 1664 1375 1725; x_wconf 78' lang='grc' dir='ltr'>ὃ</span> <span class='ocrx_word' id='word_1_148' title='bbox 1405 1671 1562 1740; x_wconf 89' lang='grc' dir='ltr'><strong><em>λέγω.</em></strong></span> 
     </span>
    </p>

    <p class='ocr_par' dir='ltr' id='par_1_7' title="bbox 275 1747 1947 1909">
     <span class='ocr_line' id='line_1_20' title="bbox 402 1747 1884 1827; baseline -0.001 -17"><span class='ocrx_word' id='word_1_149' title='bbox 402 1750 790 1824; x_wconf 83' lang='grc' dir='ltr'><strong><em>Μανθάνομέν</em></strong></span> <span class='ocrx_word' id='word_1_150' title='bbox 827 1776 917 1823; x_wconf 90' lang='grc' dir='ltr'><strong><em>γε,</em></strong></span> <span class='ocrx_word' id='word_1_151' title='bbox 970 1754 1011 1808; x_wconf 81' lang='grc' dir='ltr'><em>ὠ</em></span> <span class='ocrx_word' id='word_1_152' title='bbox 1061 1760 1218 1825; x_wconf 86' lang='grc' dir='ltr'><strong><em>φίλε,</em></strong></span> <span class='ocrx_word' id='word_1_153' title='bbox 1272 1755 1363 1809; x_wconf 86' lang='grc' dir='ltr'><strong><em>καὶ</em></strong></span> <span class='ocrx_word' id='word_1_154' title='bbox 1414 1754 1809 1827; x_wconf 77' lang='grc' dir='ltr'><strong><em>συγχωροῦμεν</em></strong></span> <span class='ocrx_word' id='word_1_155' title='bbox 1848 1747 1884 1808; x_wconf 80' lang='grc' dir='ltr'><strong><em>ἀ</em></strong></span> 
     </span>
     <span class='ocr_line' id='line_1_21' title="bbox 275 1841 1947 1909; baseline -0.003 -15"><span class='ocrx_word' id='word_1_156' title='bbox 275 1841 465 1909; x_wconf 88' lang='grc' dir='ltr'><strong><em>λέγεις.</em></strong></span> <span class='ocrx_word' id='word_1_157' title='bbox 1905 1858 1947 1890; x_wconf 81' lang='lat'><strong><em>20</em></strong></span> 
     </span>
    </p>

    <p class='ocr_par' dir='ltr' id='par_1_8' title="bbox 275 1919 1950 2665">
     <span class='ocr_line' id='line_1_22' title="bbox 401 1919 1884 1993; baseline 0.001 -18"><span class='ocrx_word' id='word_1_158' title='bbox 401 1925 450 1975; x_wconf 77' lang='lat'><strong><em>2.</em></strong></span> <span class='ocrx_word' id='word_1_159' title='bbox 506 1922 679 1977; x_wconf 83' lang='grc' dir='ltr'><strong><em>Τοῦτο</em></strong></span> <span class='ocrx_word' id='word_1_160' title='bbox 719 1920 821 1992; x_wconf 69' lang='grc' dir='ltr'><strong><em>μὲν</em></strong></span> <span class='ocrx_word' id='word_1_161' title='bbox 859 1926 1053 1976; x_wconf 89' lang='grc' dir='ltr'><strong><em>τοίνυν</em></strong></span> <span class='ocrx_word' id='word_1_162' title='bbox 1092 1919 1236 1977; x_wconf 79' lang='grc' dir='ltr'><strong><em>οὕτω</em></strong></span> <span class='ocrx_word' id='word_1_163' title='bbox 1283 1927 1494 1978; x_wconf 82' lang='grc' dir='ltr'><strong><em>κείσθω</em></strong></span> <span class='ocrx_word' id='word_1_164' title='bbox 1548 1922 1884 1993; x_wconf 81' lang='grc' dir='ltr'><strong><em>δεδογμένον</em></strong></span> 
     </span>
     <span class='ocr_line' id='line_1_23' title="bbox 275 1999 1884 2077; baseline -0.001 -16"><span class='ocrx_word' id='word_1_165' title='bbox 275 2006 368 2061; x_wconf 87' lang='grc' dir='ltr'><strong><em>καὶ</em></strong></span> <span class='ocrx_word' id='word_1_166' title='bbox 398 2003 724 2076; x_wconf 86' lang='grc' dir='ltr'><strong><em>λεγόμενον,</em></strong></span> <span class='ocrx_word' id='word_1_167' title='bbox 766 1999 837 2069; x_wconf 77' lang='grc' dir='ltr'><strong><em>ως</em></strong></span> <span class='ocrx_word' id='word_1_168' title='bbox 877 2017 988 2070; x_wconf 80' lang='grc' dir='ltr'><strong><em>τοῖς</em></strong></span> <span class='ocrx_word' id='word_1_169' title='bbox 1027 2008 1199 2060; x_wconf 86' lang='grc' dir='ltr'><strong><em>ταῦτα</em></strong></span> <span class='ocrx_word' id='word_1_170' title='bbox 1239 2001 1616 2077; x_wconf 76' lang='grc' dir='ltr'><strong><em>ἀμαθαίνουσι</em></strong></span> <span class='ocrx_word' id='word_1_171' title='bbox 1646 2008 1758 2061; x_wconf 78' lang='grc' dir='ltr'><strong><em>τῶν</em></strong></span> <span class='ocrx_word' id='word_1_172' title='bbox 1788 2026 1884 2060; x_wconf 92' lang='grc' dir='ltr'><strong><em>πο-</em></strong></span> 
     </span>
     <span class='ocr_line' id='line_1_24' title="bbox 276 2084 1886 2186; baseline -0.001 -42"><span class='ocrx_word' id='word_1_173' title='bbox 276 2093 442 2146; x_wconf 90' lang='grc' dir='ltr'><strong><em>λιτων</em></strong></span> <span class='ocrx_word' id='word_1_174' title='bbox 472 2084 638 2145; x_wconf 81' lang='grc' dir='ltr'><strong><em>οὐδεν</em></strong></span> <span class='ocrx_word' id='word_1_175' title='bbox 682 2089 1034 2160; x_wconf 81' lang='grc' dir='ltr'><strong><em>ἐπιτρεπτέον</em></strong></span> <span class='ocrx_word' id='word_1_176' title='bbox 1071 2085 1239 2161; x_wconf 82' lang='grc' dir='ltr'><strong><em>ἀρχῆς</em></strong></span> <span class='ocrx_word' id='word_1_177' title='bbox 1281 2087 1541 2160; x_wconf 86' lang='grc' dir='ltr'><strong><em>ἐχόμενον</em></strong></span> <span class='ocrx_word' id='word_1_178' title='bbox 1576 2088 1686 2160; x_wconf 89' lang='grc' dir='ltr'><strong><em>[καὶ</em></strong></span> <span class='ocrx_word' id='word_1_179' title='bbox 1726 2085 1886 2186; x_wconf 83' lang='grc' dir='ltr'><strong><em>λεγό-</em></strong></span> 
     </span>
     <span class='ocr_line' id='line_1_25' title="bbox 276 2169 1884 2245; baseline -0.001 -16"><span class='ocrx_word' id='word_1_180' title='bbox 276 2172 463 2245; x_wconf 84' lang='grc' dir='ltr'><strong><em>μενον]</em></strong></span> <span class='ocrx_word' id='word_1_181' title='bbox 508 2174 601 2229; x_wconf 87' lang='grc' dir='ltr'><strong><em>καὶ</em></strong></span> <span class='ocrx_word' id='word_1_182' title='bbox 641 2195 714 2238; x_wconf 89' lang='grc' dir='ltr'><strong><em>ως</em></strong></span> <span class='ocrx_word' id='word_1_183' title='bbox 755 2169 1031 2244; x_wconf 84' lang='grc' dir='ltr'><strong><em>ἀμαθέσιν</em></strong></span> <span class='ocrx_word' id='word_1_184' title='bbox 1071 2170 1438 2244; x_wconf 82' lang='grc' dir='ltr'><strong><em>ὀνειδιστέον,</em></strong></span> <span class='ocrx_word' id='word_1_185' title='bbox 1490 2196 1560 2228; x_wconf 93' lang='grc' dir='ltr'><strong><em>αν</em></strong></span> <span class='ocrx_word' id='word_1_186' title='bbox 1601 2173 1692 2228; x_wconf 88' lang='grc' dir='ltr'><strong><em>καὶ</em></strong></span> <span class='ocrx_word' id='word_1_187' title='bbox 1734 2193 1884 2228; x_wconf 90' lang='grc' dir='ltr'><strong><em>πανυ</em></strong></span> 
     </span>
     <span class='ocr_line' id='line_1_26' title="bbox 278 2253 1950 2329; baseline -0.002 -16"><span class='ocrx_word' id='word_1_188' title='bbox 278 2262 581 2328; x_wconf 84' lang='grc' dir='ltr'><strong><em>λογιστικοί</em></strong></span> <span class='ocrx_word' id='word_1_189' title='bbox 614 2280 672 2312; x_wconf 91' lang='grc' dir='ltr'><strong><em>τε</em></strong></span> <span class='ocrx_word' id='word_1_190' title='bbox 705 2257 806 2312; x_wconf 86' lang='grc' dir='ltr'><strong><em>ὠσι</em></strong></span> <span class='ocrx_word' id='word_1_191' title='bbox 846 2258 937 2312; x_wconf 86' lang='grc' dir='ltr'><strong><em>καὶ</em></strong></span> <span class='ocrx_word' id='word_1_192' title='bbox 969 2255 1147 2314; x_wconf 74' lang='grc' dir='ltr'><strong><em>πάντα</em></strong></span> <span class='ocrx_word' id='word_1_193' title='bbox 1178 2259 1242 2313; x_wconf 83' lang='grc' dir='ltr'><strong><em>τὰ</em></strong></span> <span class='ocrx_word' id='word_1_194' title='bbox 1273 2255 1455 2329; x_wconf 80' lang='grc' dir='ltr'><strong><em>κομψα</em></strong></span> <span class='ocrx_word' id='word_1_195' title='bbox 1483 2257 1573 2312; x_wconf 88' lang='grc' dir='ltr'><strong><em>καὶ</em></strong></span> <span class='ocrx_word' id='word_1_196' title='bbox 1605 2254 1707 2312; x_wconf 84' lang='grc' dir='ltr'><strong><em>ὅσα</em></strong></span> <span class='ocrx_word' id='word_1_197' title='bbox 1747 2253 1883 2328; x_wconf 84' lang='grc' dir='ltr'><strong><em>πρὸς</em></strong></span> <span class='ocrx_word' id='word_1_198' title='bbox 1905 2277 1950 2309; x_wconf 83' lang='lat'><strong><em>25</em></strong></span> 
     </span>
     <span class='ocr_line' id='line_1_27' title="bbox 278 2338 1883 2412; baseline 0.001 -17"><span class='ocrx_word' id='word_1_199' title='bbox 278 2364 439 2412; x_wconf 86' lang='grc' dir='ltr'><strong><em>ταχος</em></strong></span> <span class='ocrx_word' id='word_1_200' title='bbox 479 2345 574 2411; x_wconf 84' lang='grc' dir='ltr'><strong><em>τῆς</em></strong></span> <span class='ocrx_word' id='word_1_201' title='bbox 614 2345 793 2412; x_wconf 81' lang='grc' dir='ltr'><strong><em>ψυχῆς</em></strong></span> <span class='ocrx_word' id='word_1_202' title='bbox 824 2339 1110 2412; x_wconf 85' lang='grc' dir='ltr'><strong><em>πεφυκότα</em></strong></span> <span class='ocrx_word' id='word_1_203' title='bbox 1154 2343 1619 2412; x_wconf 84' lang='grc' dir='ltr'><strong><em>διαπεπονημένοι</em></strong></span> <span class='ocrx_word' id='word_1_204' title='bbox 1649 2338 1883 2411; x_wconf 81' lang='grc' dir='ltr'><strong><em>ἅπαντα,</em></strong></span> 
     </span>
     <span class='ocr_line' id='line_1_28' title="bbox 277 2421 1886 2496; baseline 0 -17"><span class='ocrx_word' id='word_1_205' title='bbox 277 2423 403 2488; x_wconf 82' lang='grc' dir='ltr'><strong><em>τοὺς</em></strong></span> <span class='ocrx_word' id='word_1_206' title='bbox 459 2423 519 2478; x_wconf 73' lang='grc' dir='ltr'><strong><em>δὲ</em></strong></span> <span class='ocrx_word' id='word_1_207' title='bbox 559 2421 889 2480; x_wconf 80' lang='grc' dir='ltr'><strong><em>τούναντίον</em></strong></span> <span class='ocrx_word' id='word_1_208' title='bbox 939 2430 1160 2496; x_wconf 83' lang='grc' dir='ltr'><strong><em>ἔχοντας</em></strong></span> <span class='ocrx_word' id='word_1_209' title='bbox 1204 2423 1416 2491; x_wconf 85' lang='grc' dir='ltr'><strong><em>τούτοις</em></strong></span> <span class='ocrx_word' id='word_1_210' title='bbox 1466 2423 1538 2491; x_wconf 78' lang='grc' dir='ltr'><strong><em>ὡς</em></strong></span> <span class='ocrx_word' id='word_1_211' title='bbox 1581 2422 1786 2496; x_wconf 81' lang='grc' dir='ltr'><strong><em>σοφούς</em></strong></span> <span class='ocrx_word' id='word_1_212' title='bbox 1827 2445 1886 2479; x_wconf 92' lang='grc' dir='ltr'><strong><em>τε</em></strong></span> 
     </span>
     <span class='ocr_line' id='line_1_29' title="bbox 279 2502 1886 2582; baseline -0.001 -19"><span class='ocrx_word' id='word_1_213' title='bbox 279 2508 638 2580; x_wconf 86' lang='grc' dir='ltr'><strong><em>προσρητέον,</em></strong></span> <span class='ocrx_word' id='word_1_214' title='bbox 669 2502 739 2562; x_wconf 73' lang='grc' dir='ltr'><strong><em>ἂν</em></strong></span> <span class='ocrx_word' id='word_1_215' title='bbox 769 2509 861 2562; x_wconf 84' lang='grc' dir='ltr'><strong><em>καὶ</em></strong></span> <span class='ocrx_word' id='word_1_216' title='bbox 881 2504 941 2563; x_wconf 89' lang='grc' dir='ltr'>τὸ</span> <span class='ocrx_word' id='word_1_217' title='bbox 962 2507 1261 2580; x_wconf 87' lang='grc' dir='ltr'><strong><em>λεγόμενον</em></strong></span> <span class='ocrx_word' id='word_1_218' title='bbox 1279 2508 1414 2581; x_wconf 84' lang='grc' dir='ltr'><strong><em>μήτε</em></strong></span> <span class='ocrx_word' id='word_1_219' title='bbox 1434 2507 1721 2582; x_wconf 83' lang='grc' dir='ltr'><strong><em>γράμματα</em></strong></span> <span class='ocrx_word' id='word_1_220' title='bbox 1751 2505 1886 2578; x_wconf 88' lang='grc' dir='ltr'><strong><em>μήτε</em></strong></span> 
     </span>
     <span class='ocr_line' id='line_1_30' title="bbox 279 2587 1882 2665; baseline -0.001 -18"><span class='ocrx_word' id='word_1_221' title='bbox 279 2604 403 2648; x_wconf 82' lang='grc' dir='ltr'><strong><em>νεῖν</em></strong></span> <span class='ocrx_word' id='word_1_222' title='bbox 434 2593 788 2661; x_wconf 78' lang='grc' dir='ltr'><strong><em>ἑπιστῶνται,</em></strong></span> <span class='ocrx_word' id='word_1_223' title='bbox 829 2593 921 2646; x_wconf 83' lang='grc' dir='ltr'><strong><em>καὶ</em></strong></span> <span class='ocrx_word' id='word_1_224' title='bbox 961 2590 1056 2656; x_wconf 83' lang='grc' dir='ltr'><strong><em>τὰς</em></strong></span> <span class='ocrx_word' id='word_1_225' title='bbox 1096 2589 1264 2665; x_wconf 72' lang='grc' dir='ltr'><strong><em>ἀρχὰς</em></strong></span> <span class='ocrx_word' id='word_1_226' title='bbox 1299 2595 1489 2649; x_wconf 86' lang='grc' dir='ltr'><strong><em>δοτέον</em></strong></span> <span class='ocrx_word' id='word_1_227' title='bbox 1530 2587 1602 2656; x_wconf 71' lang='grc' dir='ltr'><strong><em>ὡς</em></strong></span> <span class='ocrx_word' id='word_1_228' title='bbox 1633 2597 1882 2662; x_wconf 82' lang='grc' dir='ltr'><strong><em>ἔμφροσι.</em></strong></span> 
     </span>
    </p>

    <p class='ocr_par' dir='ltr' id='par_1_9' title="bbox 167 2665 1948 2747">
     <span class='ocr_line' id='line_1_31' title="bbox 167 2665 1948 2747; baseline -0.001 -20"><span class='ocrx_word' id='word_1_229' title='bbox 167 2695 256 2735; x_wconf 80' lang='lat'><strong>(582)</strong></span> <span class='ocrx_word' id='word_1_230' title='bbox 281 2677 328 2730; x_wconf 82' lang='lat'><strong><em>3.</em></strong></span> <span class='ocrx_word' id='word_1_231' title='bbox 361 2677 476 2740; x_wconf 82' lang='grc' dir='ltr'><strong><em>πῶς</em></strong></span> <span class='ocrx_word' id='word_1_232' title='bbox 508 2671 612 2744; x_wconf 84' lang='grc' dir='ltr'><strong><em>γάρ</em></strong></span> <span class='ocrx_word' id='word_1_233' title='bbox 646 2668 733 2745; x_wconf 72' lang='grc' dir='ltr'><strong><em>ἂν,</em></strong></span> <span class='ocrx_word' id='word_1_234' title='bbox 768 2665 813 2729; x_wconf 74' lang='lat' dir='ltr'><strong><em>c3</em></strong></span> <span class='ocrx_word' id='word_1_235' title='bbox 841 2679 1020 2746; x_wconf 93' lang='grc' dir='ltr'><strong><em>φίλοι,</em></strong></span> <span class='ocrx_word' id='word_1_236' title='bbox 1054 2672 1188 2732; x_wconf 75' lang='grc' dir='ltr'><strong><em>ἄνευ</em></strong></span> <span class='ocrx_word' id='word_1_237' title='bbox 1221 2681 1546 2747; x_wconf 86' lang='grc' dir='ltr'><strong><em>συμφωνίας</em></strong></span> <span class='ocrx_word' id='word_1_238' title='bbox 1577 2669 1779 2745; x_wconf 87' lang='grc' dir='ltr'><strong><em>γένοιτ’</em></strong></span> <span class='ocrx_word' id='word_1_239' title='bbox 1815 2669 1885 2729; x_wconf 73' lang='grc' dir='ltr'><strong><em>ἂν</em></strong></span> <span class='ocrx_word' id='word_1_240' title='bbox 1907 2693 1948 2726; x_wconf 87' lang='grc' dir='ltr'><strong><em>3ο</em></strong></span> 
     </span>
    </p>
   </div>
   <div class='ocr_carea' id='block_1_3' title="bbox 368 2802 1339 2919">
    <p class='ocr_par' dir='ltr' id='par_1_10' title="bbox 368 2802 1339 2919">
     <span class='ocr_line' id='line_1_32' title="bbox 398 2802 1339 2863; baseline 0.002 -14"><span class='ocrx_word' id='word_1_241' title='bbox 398 2812 419 2849; x_wconf 94' lang='grc'>1</span> <span class='ocrx_word' id='word_1_242' title='bbox 453 2802 672 2857; x_wconf 78' lang='grc' dir='ltr'><strong><em>Εὐλαβοῦ</em></strong></span> <span class='ocrx_word' id='word_1_243' title='bbox 693 2807 766 2862; x_wconf 83' lang='grc'><strong><em>-]</em></strong></span> <span class='ocrx_word' id='word_1_244' title='bbox 803 2810 936 2849; x_wconf 84' lang='lat' dir='ltr'><strong>Plato</strong></span> <span class='ocrx_word' id='word_1_245' title='bbox 958 2811 1106 2863; x_wconf 85' lang='lat' dir='ltr'>Epist</span> <span class='ocrx_word' id='word_1_246' title='bbox 1129 2812 1154 2850; x_wconf 80' lang='lat'><strong>2</strong></span> <span class='ocrx_word' id='word_1_247' title='bbox 1177 2824 1217 2863; x_wconf 92' lang='lat' dir='ltr'><strong><em>p.</em></strong></span> <span class='ocrx_word' id='word_1_248' title='bbox 1242 2813 1339 2853; x_wconf 82' lang='lat'><strong>313.</strong></span> 
     </span>
     <span class='ocr_line' id='line_1_33' title="bbox 368 2862 1250 2919; baseline 0.001 -13"><span class='ocrx_word' id='word_1_249' title='bbox 368 2868 418 2906; x_wconf 89' lang='lat'><strong><em>13</em></strong></span> <span class='ocrx_word' id='word_1_250' title='bbox 450 2863 544 2906; x_wconf 86' lang='grc' dir='ltr'><strong><em>Καὶ</em></strong></span> <span class='ocrx_word' id='word_1_251' title='bbox 568 2862 627 2917; x_wconf 86' lang='grc' dir='ltr'><strong><em>δὴ</em></strong></span> <span class='ocrx_word' id='word_1_252' title='bbox 649 2863 719 2918; x_wconf 85' lang='lat'><strong><em>—-]</em></strong></span> <span class='ocrx_word' id='word_1_253' title='bbox 758 2865 877 2906; x_wconf 81' lang='lat' dir='ltr'><strong>Plat.</strong></span> <span class='ocrx_word' id='word_1_254' title='bbox 901 2866 1015 2919; x_wconf 85' lang='lat' dir='ltr'>Leg.</span> <span class='ocrx_word' id='word_1_255' title='bbox 1039 2869 1063 2907; x_wconf 90' lang='lat'>3</span> <span class='ocrx_word' id='word_1_256' title='bbox 1088 2880 1129 2919; x_wconf 89' lang='lat' dir='ltr'><strong><em>p.</em></strong></span> <span class='ocrx_word' id='word_1_257' title='bbox 1154 2868 1250 2909; x_wconf 80' lang='lat'><strong><em>689.</em></strong></span> 
     </span>
    </p>
   </div>
  </div>
 </body>
</html>
