2014 3146
266 119 332 172 88
919 117 1164 159 EUSEBII

265 240 322 293 οἱ
349 235 411 292 δὲ
442 235 653 306 πολλοὶ,
688 225 730 289 ὦ
758 228 1154 306 ἅριστε,’.κακοὶ
1183 237 1446 304 γίνονται.
1497 235 1608 291 τῶν
1632 230 1694 291 δὲ
1718 239 1870 291 δικα-

265 322 442 391 στῶν,
484 315 620 390 ὅπερ
662 315 1149 388 ἔλεγονμέπειδάν
1187 311 1215 373 5
1239 314 1622 390 Ῥαδάμανθυς
1664 321 1872 384 ἐκεῖνος

266 401 516 461 τοιοῦτον
545 424 670 458 τινα
701 398 874 473 λάβῃ,
915 397 1075 457 άλλο
1087 424 1189 473 μεν
1219 403 1346 474 περὶ
1386 398 1555 460 αυτοῦ
1586 398 1689 459 οὐκ
1718 401 1872 459 οἶδεν

266 485 454 558 οὐδὲν,
487 482 618 542 οὔθ’
653 481 804 551 ὅστις
827 481 959 542 οὔθ’
990 476 1068 541 ὠν
1091 487 1279 557 τινῶν,
1311 483 1394 542 ὅτι
1419 486 1480 542 δὲ
1503 485 1750 560 πονηρός
1764 501 1870 553 τις

267 572 358 628 καὶ
387 573 548 628 τοῦτο
577 567 819 626 κατιδων
849 565 1172 641 ἀπέπεμψεν
1213 574 1292 635 εἰς
1332 567 1644 643 Τάρταρον,
1688 573 1921 643 ἐπιση-5

266 653 580 729 μηνάμενος
621 652 718 710 ἐάν
756 675 815 710 τε
849 650 1062 726 ἰάσιμος
1095 650 1193 710 ε’άν
1215 676 1274 709 τε
1299 651 1522 720 ἀνίατος
1548 656 1685 728 δοκῇ
1716 653 1872 712 εἶναι.

272 744 350 796 16.
384 735 412 796 ὁ
455 739 517 796 δὲ
569 741 747 795 ἐκεῖσε
785 733 1118 810 ἀφικόμενος
1166 735 1232 793 τά
1274 737 1623 812 προσήκοντα
1664 735 1875 811 πάσχει.

221 842 242 874 d
270 827 446 881 ἐνίοτε
466 822 539 879 ’δὲ
569 819 743 894 ἄλλην
775 820 1002 879 εἰσιδὼν
1040 817 1205 888 ὁσίως
1247 827 1591 893 βεβιωκυῖαν
1625 823 1717 879 καὶ
1756 818 1876 895 μετ’

267 905 534 980 ἀληθείας
574 903 778 976 ἀνδρὸς
812 903 1035 963 ἰδιώτου
1065 901 1099 977 ἢ
1130 903 1302 963 ἄλλου
1335 906 1482 972 τινὸς
1518 905 1720 980 ψυχὴν,
1755 904 1879 980 (μά-

268 1000 426 1050 λιστα
455 991 575 1064 μὲν,
608 988 681 1056 ὡς
701 988 808 1063 ἐγώ
830 1013 990 1063 φημι,
1023 981 1067 1046 c3
1090 995 1438 1062 Καλλίκλεις,
1471 988 1783 1063 φιλοσόφου
1813 987 1879 1047 τὰ
1906 1007 1947 1039 10

269 1075 440 1134 αὑτοῦ
471 1074 777 1147 πράξαντος
816 1076 908 1131 καὶ
944 1072 1009 1131 οὐ
1045 1074 1682 1148 πολυπραγμονήσαντος
1713 1077 1774 1132 ἐν
1803 1078 1879 1150 τῷ

269 1159 401 1238 βίω)
435 1157 659 1232 ἠγάσθη
700 1181 759 1216 τε
798 1160 890 1215 καὶ
934 1164 1011 1226 εἰς
1040 1157 1306 1232 μακάρων
1337 1157 1542 1231 νήσους
1572 1157 1876 1231 ἀπέπεμψε.

273 1250 351 1302 17.
385 1241 555 1301 ταύτά
582 1244 837 1300 δὲταῦτα
860 1245 951 1299 καὶ
974 1241 1003 1300 5
1031 1242 1260 1309 Αἰακός·
1294 1242 1547 1316 ἑκάτερος
1579 1243 1640 1300 δὲ
1669 1241 1880 1300 τούτων

271 1327 483 1403 ῥάβδον
514 1334 655 1401 ἔχων
689 1325 906 1395 δικάζει.
969 1325 998 1384 5
1033 1328 1093 1384 δὲ
1124 1334 1323 1394 Μίνως
1356 1330 1672 1385 ἐπισκοπῶν
1702 1325 1880 1399 κάθη-

268 1437 357 1471 ται
386 1411 580 1486 μόνος,
613 1417 755 1485 ἔχων
783 1410 1020 1484 χρύσεον
1051 1414 1355 1484 σκῆπτρον,
1390 1408 1463 1478 ὥς
1492 1432 1666 1484 φησιν
1689 1409 1878 1469 Ὀδυσ-
1907 1429 1948 1462 15

272 1495 402 1564 σεύς
437 1494 729 1569 ὁὉμήρου
762 1500 906 1552 ἰδεῖν
938 1494 1140 1568 αὐτὸν,

395 1616 601 1683 χρύσεον
626 1619 880 1684 σκῆπτρον
908 1617 1080 1683 ἔχοντα
1091 1654 1105 1681 ,
1132 1614 1490 1681 θεμιστεύοντα
1517 1616 1768 1667 νέκυσσιν.

274 1754 355 1805 18.
391 1747 496 1820 ἐγω
527 1772 628 1820 μεν
658 1740 788 1820 οὖν,
821 1740 864 1804 ὦ
888 1754 1244 1820 Καλλίκλεις,
1277 1743 1386 1806 υπὸ
1410 1746 1621 1805 τούτων
1650 1770 1761 1804 των
1791 1745 1884 1804 λό-

272 1856 388 1906 γων
439 1833 763 1905 πέπεισμαι,
817 1834 909 1889 καὶ
959 1850 1146 1890 σκοπω
1186 1831 1333 1898 ὅπως
1375 1831 1767 1905 ἀποφανοῦμαι
1806 1855 1882 1888 τω
1905 1846 1950 1879 20

161 1942 191 1982 (
184 1941 252 1982 so)
275 1919 435 1990 κριτῇ
474 1941 546 1982 ως
583 1913 916 1989 ὑγιεστάτην
942 1915 1043 1989 τὴν
1074 1915 1273 1989 ψυχήν.
1346 1923 1559 1991 χαίρειν
1589 1917 1691 1974 οὐν
1724 1914 1884 1982 ἐάσας

272 2000 369 2068 τὰς
419 2024 576 2074 τιμας
621 2025 734 2057 των
789 2005 1011 2058 πολλῶν
1058 1998 1407 2074 ἀνθρώπων,
1460 2000 1562 2072 τὴν
1613 1997 1885 2072 ἀλήθειαν

273 2084 490 2156 ἀσκῶν,
523 2083 852 2159 πειράσομαι
882 2090 958 2162 τῷ
989 2083 1137 2157 ὄντι,
1181 2082 1253 2151 ὡς
1285 2079 1355 2141 ἀν
1387 2085 1671 2157 δύνωμαι,
1704 2085 1883 2156 βέλτι-

275 2187 399 2236 στος
441 2166 520 2227 c3v
557 2171 650 2226 καὶ
698 2173 794 2243 ζῆν
836 2171 927 2226 καὶ
971 2168 1196 2227 ἐπειδὰν
1239 2167 1579 2240 ἀποθνήσκω
1630 2166 1885 2240 ἀποθνή-

275 2273 444 2310 σκειν.
511 2259 591 2310 19.
626 2258 928 2327 παρακαλῶ
963 2255 1023 2311 δὲ
1054 2255 1145 2311 καὶ
1169 2251 1296 2319 τούς
1313 2250 1513 2319 ἄλλους
1544 2250 1753 2318 πάντας
1784 2249 1883 2308 ἀν·
1908 2271 1951 2304 25

275 2335 567 2410 θρώπους,
613 2335 748 2395 καθ’
789 2336 922 2395 ὅσον
967 2336 1231 2411 δύναμαι·
1292 2339 1383 2394 καὶ
1417 2335 1483 2408 δὴ
1516 2339 1607 2393 καὶ
1641 2336 1702 2394 σὲ
1732 2334 1886 2393 ἀντι-

276 2423 579 2493 παρακαλῶ
604 2423 692 2477 ἐπὶ
716 2428 916 2478 τοῦτον
944 2419 1041 2479 τὸν
1058 2429 1186 2494 βίον
1208 2425 1299 2478 καὶ
1329 2421 1425 2478 τὸν
1456 2419 1644 2492 ἀγῶνα
1667 2426 1886 2490 τοῦτον,

276 2529 342 2562 ον
374 2503 480 2575 ἐγώ
510 2528 651 2577 φημι
681 2503 806 2561 ἀντὶ
835 2504 1059 2562 πάντων
1088 2530 1200 2562 των
1226 2504 1431 2562 ἐνθάδε
1456 2501 1691 2576 ἀγώνων
1724 2503 1880 2560 εἶναι.

277 2592 361 2644 20.
395 2590 486 2644 καὶ
517 2586 765 2656 ὀνειδίζω
799 2607 888 2660 σε,
921 2587 1001 2645 ὅτι
1025 2587 1126 2661 οὐχ
1150 2585 1263 2654 οἷός
1293 2613 1368 2646 τε
1383 2589 1436 2645 εἷ
1454 2606 1640 2644 σαυτω
1670 2589 1885 2659 βοηθῆ-

279 2690 400 2743 σαι,
453 2668 587 2728 ὅταν
625 2670 659 2744 ἡ
702 2677 828 2745 δίκη
870 2691 955 2729 σοι
997 2673 1031 2746 ᾑ
1074 2671 1231 2743 καὶὴ
1273 2678 1477 2745 κρίσις,
1531 2695 1601 2742 ην
1640 2676 1747 2727 νῦν
1779 2670 1883 2741 ἐγὼ
1907 2690 1951 2720 30

230 2761 496 2828 ὺέλεγον,
529 2753 667 2812 ἀλλὰ
699 2755 882 2814 ε’λθων
912 2754 1060 2830 παρὰ
1089 2754 1185 2812 τὸν
1216 2755 1481 2827 δικαστὴν
1513 2757 1757 2825 ἐκεῖνον,
1789 2753 1885 2810 τὸν

276 2843 370 2912 τῆς
403 2845 636 2911 Αἰγίνης
667 2838 820 2912 υἱὸν,
866 2838 1092 2897 ἐπειδάν
1122 2857 1223 2896 σου
1257 2837 1647 2911 ἐπιλαβόμενος
1680 2840 1886 2902 ἐκεῖνος
