2014 3146
275 113 375 165 160
954 113 1202 154 EUSEBH

399 234 481 286 27.
514 226 871 298 Μεταβάλλει
911 228 1012 300 μὲν
1050 234 1244 285 τοίνυν
1295 226 1466 286 πάνθ’
1524 225 1626 285 ὅσα
1677 226 1877 301 μέτοχά

274 317 386 370 ἐστι
417 318 622 386 ψυχῆς,
667 314 727 368 ἐν
757 307 942 378 αὐτοῖς
973 313 1278 384 κεκτημένα
1306 310 1408 384 τὴν
1447 316 1543 384 τῆς
1572 315 1875 385 μεταβολῆς

272 402 479 455 αἰτίαν·
527 393 938 469 μεταβάλλοντα
963 395 1024 452 δὲ
1045 397 1271 469 φέρεται
1292 393 1428 453 κατὰ
1449 394 1551 468 τὴν
1572 400 1668 468 τῆς
1689 401 1873 469 εἱμαρ-

271 483 437 553 μένης
479 478 632 548 τάξιν
670 477 777 537 καῖ
802 477 987 553 νόμον.
1058 479 1387 553 σμικρότερα
1425 481 1526 552 μὲν
1565 482 1676 537 τῶν
1716 476 1877 552 ἠθῶν

271 562 682 637 μεταβάλλοντα
728 562 929 620 ἐλάττω
969 563 1107 621 κατὰ
1147 562 1206 621 τὸ
1249 566 1342 636 τῆς
1390 562 1570 637 χώρας
1613 567 1919 622 ἐπίπεδον5

271 647 730 721 μεταπορεύεται,
763 655 934 705 πλείω
962 649 1021 705 δὲ
1045 650 1136 705 καὶ
1166 645 1473 722 ἀδικώτερα
1502 646 1879 721 μεταπεσόντα

275 739 351 799 εἰς
382 731 558 805 βάθος
580 731 646 789 τά
668 757 726 789 τε
749 731 894 788 κάτω
919 731 1186 806 λεγόμενα
1206 735 1317 790 τῶν
1337 731 1540 805 τόπων,
1571 729 1878 805 ὅσαἍιδην

225 839 246 872 b
272 841 329 874 τε
360 819 456 874 καῖ
482 816 547 873 τὰ
577 815 790 874 τούτων
821 814 1051 890 ἐχόμενα
1072 819 1186 874 τῶν
1207 815 1494 890 ὀνομάτων
1518 815 1878 890 ἐπονομάζον-

272 925 359 967 τες
391 900 610 975 σφόδρα
640 903 946 974 φοβοῦνται
968 903 1060 958 καὶ
1080 900 1498 975 ὀνειροπολοῦσι
1527 905 1723 969 ζῶντες
1756 905 1879 957 δια-

273 988 538 1052 λυθέντες
568 1009 627 1042 τε
656 989 768 1042 τῶν
798 984 1081 1058 σωμάτων.
1142 991 1304 1058 μείζω
1341 983 1409 1058 δὴ
1440 983 1589 1058 ψυχή
1620 991 1813 1050 κακίας
1842 980 1877 1057 ἢ
1902 1009 1942 1041 10

272 1069 470 1144 ἀρετῆς
509 1068 716 1127 ὁπόταν
755 1070 1070 1143 μεταβάλλῃ
1128 1068 1219 1126 διά
1256 1068 1359 1141 τὴν
1399 1065 1569 1141 αὐτῆς
1608 1067 1879 1141 βούλησίν

272 1179 330 1211 τε
360 1155 451 1211 καὶ
481 1149 702 1226 ὁμιλίαν
733 1156 1038 1227 γενομένην
1068 1151 1320 1227 ἰσχυράν,
1350 1149 1558 1210 ὁπόταν
1581 1154 1682 1226 μὲν
1713 1149 1878 1227 άρετῇ

272 1244 403 1314 θεία
434 1241 780 1311 προσμίξασα
810 1243 1028 1311 γίνηται
1062 1237 1438 1312 διαφερόντως
1468 1240 1722 1310 τοιαῦτα,
1758 1242 1880 1293 δια-

273 1324 515 1396 φέροντα
556 1325 648 1378 καὶ
686 1325 953 1395 μετέβαλε
993 1322 1166 1381 τόπον
1197 1321 1357 1395 ἅγιον
1386 1321 1543 1395 ὅλον,
1585 1345 1879 1395 μετακομι-

273 1417 474 1464 σθεῖσα
507 1412 583 1473 εἰς
602 1405 811 1479 ἀμείνω
834 1406 958 1464 τινὰ
979 1405 1149 1464 τόπον
1171 1409 1383 1480 ἕτερον·
1430 1403 1562 1464 ὅταν
1586 1406 1649 1464 δὲ
1674 1403 1879 1463 τᾶναν-
1902 1429 1942 1462 15

158 1520 249 1562 [373]
272 1497 387 1564 τία,
422 1492 510 1548 ἐπὶ
540 1489 810 1548 τάναντία
838 1490 1216 1565 μεθιδρύσατο
1247 1489 1343 1548 τὸν
1367 1486 1535 1563 αὐτῆς
1567 1496 1707 1561 βίον.

272 1612 356 1665 28.
469 1607 591 1675 αὕτη
618 1631 690 1662 τοι
718 1613 830 1677 δίκη
856 1612 952 1662 ἐστὶ
978 1616 1113 1662 θεῶν
1147 1615 1198 1662 οἳ
1212 1609 1466 1677 Ὄλυμπον
1492 1612 1700 1678 ἔχουσιν,

274 1735 318 1799 οἷ
356 1757 460 1800 παῖ
503 1745 595 1799 καὶ
635 1749 924 1815 νεανίσκε,
966 1740 1293 1815 ἀμελεῖσθαι
1333 1745 1516 1800 δοκῶν
1553 1739 1662 1799 ὑπὸ
1694 1745 1877 1799 θεῶν·

231 1859 249 1882 e
274 1833 446 1884 κακίω
477 1827 580 1899 μὲν
608 1825 902 1899 γινόμενον
926 1825 1062 1900 πρὸς
1084 1826 1179 1892 τὰς
1195 1832 1419 1892 κακίους
1441 1825 1639 1899 ψυχὰς,
1671 1823 1878 1899 ἀμείνω
1901 1850 1943 1882 20

275 1911 338 1967 δὲ
367 1909 502 1982 πρὸς
533 1910 627 1977 τὰς
658 1909 919 1983 ἀμείνους
951 1909 1327 1984 πορευόμενον
1366 1917 1428 1967 ε”ν
1457 1933 1515 1966 τε
1557 1914 1664 1984 ζωῇ
1695 1912 1787 1967 καὶ
1821 1913 1880 1968 ἐν

274 2014 406 2052 πασι
437 1992 701 2059 θανάτοις
743 1992 975 2068 πάσχειν
1007 2018 1066 2052 τε
1105 2019 1139 2050 α
1163 1997 1443 2067 προσῆκον
1469 1997 1608 2067 δρᾶν
1633 1997 1745 2051 ἐστι
1768 2008 1881 2061 τοῖς

274 2081 581 2151 προσφυέσι
634 2077 760 2144 τοὺς
800 2091 1135 2152 προσφερεῖς
1181 2080 1274 2134 καὶ
1306 2091 1500 2135 ποιεῖν.
1561 2082 1645 2134 29.
1651 2076 1880 2178 ταύτης

273 2167 367 2235 τῆς
400 2168 555 2236 δίκης
596 2160 722 2220 οὔτε
763 2161 834 2219 σύ
874 2161 1085 2235 μήποτε
1136 2159 1258 2219 οὐτ’
1301 2159 1464 2228 ἄλλος
1494 2159 1696 2234 ἀτυχὴς
1720 2160 1882 2234 γενό-

273 2270 435 2319 μενος
465 2245 743 2314 ἐπεύξεται
774 2248 1166 2320 περιγενέσθαι
1191 2252 1371 2318 θεῶν,
1403 2242 1473 2318 ἣν
1496 2250 1692 2303 πασῶν
1717 2250 1879 2318 δίκην
1900 2268 1942 2301 25

277 2330 488 2403 [δικῶν]
526 2329 898 2405 διαφερόντως
930 2330 1125 2398 ἔταξάν
1154 2353 1213 2387 τε
1242 2335 1299 2387 015
1332 2328 1588 2397 τάξαντες
1613 2328 1791 2404 χρεών
1820 2353 1879 2387 τε

277 2416 696 2485 ἐξευλαβεῖσθαι
726 2413 785 2471 τὸ
817 2413 1094 2489 παράπαν.
1158 2413 1224 2472 οὐ
1254 2413 1360 2487 γὰρ
1391 2411 1716 2487 ἀμεληθήσῃ
1748 2413 1880 2471 ποτε

272 2495 368 2554 ὑπ’
406 2494 588 2568 αὐτῆς.
650 2495 751 2570 οὐχ
795 2497 939 2555 οὕτω
981 2496 1205 2573 σμικρὸς
1237 2493 1316 2555 ὧν
1347 2496 1490 2570 δύσῃ
1531 2496 1667 2554 κατὰ
1695 2496 1754 2554 τὸ
1784 2501 1880 2568 τῆς

275 2585 373 2654 γῆς
403 2579 608 2653 βάθος,
649 2578 772 2638 οὐδ’
814 2580 1023 2653 ὑψηλὸς
1065 2581 1358 2655 γενόμενος
1399 2587 1475 2647 εἰς
1513 2580 1610 2638 τὸν
1638 2577 1879 2652 οὐρανὸν

275 2662 581 2738 ἀναπτήσῃ,
603 2671 772 2730 τίσεις
797 2665 858 2721 δὲ
882 2664 1032 2741 αὐτῷ
1053 2667 1153 2738 τὴν
1186 2664 1576 2738 προσήκουσαν
1608 2670 1876 2736 τιμωρίαν
1899 2687 1940 2719 30

227 2766 250 2798 d
277 2745 377 2805 εἴτ’
422 2747 626 2805 ἐνθάδε
664 2750 845 2820 μένων
887 2757 994 2806 εἴτε
1033 2753 1123 2806 καὶ
1166 2753 1225 2806 ἐν
1250 2748 1443 2806 ’Ἅιδου
1483 2749 1876 2820 διαπορευθεὶς

247 2892 252 2897 ,
280 2842 387 2890 εἴτε
418 2833 507 2889 καὶ
532 2830 742 2889 τούτων
765 2838 842 2899 εἰς
862 2828 1162 2907 ἁγιώτερον
1186 2839 1262 2889 ἔτι
1288 2833 1666 2904 διακομισθεὶς
1688 2829 1871 2888 τόπον.
