2014 3146
297 118 400 170 320
973 116 1218 158 EUSEBH

300 239 629 304 δευτερείων
659 235 740 308 νῷ
779 231 915 306 πρὸς
944 227 1155 305 ἡδονὴν
1185 236 1701 307 ξυνδιαμαχοίμην,
1725 229 1898 305 ἡδονὴ

300 320 360 375 δὲ
391 320 482 375 καὶ
517 322 847 390 δευτερείων
880 314 1212 390 στερήσοιτο.

191 426 280 466 (772)
428 401 599 467 Εἷπες
629 400 734 474 γὰρ
766 393 884 458 οὖν.

425 488 535 543 Καὶ
575 485 709 558 μετὰ
753 483 926 541 ταῦτα
970 507 1033 557 γε
1070 482 1295 541 πάντων
1338 481 1646 540 ἱκανώτατα
1685 482 1900 542 τούτοιν

297 567 591 643 οὐδέτερον
624 567 816 627 ἰκανὸν
846 566 1115 642 ἀνεφάνη.
1332 644 1337 646 ¹
1920 592 1939 624 5

421 651 804 726 Ἀλήθέστατα.

428 742 508 796 15.
547 737 770 796 Οὐκοῦν
810 735 1161 795 παντάπασιν
1204 740 1264 794 ἐν
1305 734 1479 813 τούτῳ
1509 740 1584 813 τῷ
1624 733 1767 813 λόγῳ
1813 738 1904 793 καὶ

297 826 429 890 νοῦς
460 820 774 896 ἀπήλλακτο
805 825 898 880 καὶ
920 821 1114 895 ἡδονὴ,
1146 821 1287 894 μηδὲ
1318 817 1567 893 τάγαθὸν
1590 816 1725 877 αὐτὸ
1742 821 1904 893 μήδε’-

297 931 458 979 τερον
497 904 691 964 αὐτοῖν
737 907 879 965 εἶναι
921 908 1268 979 στερομένων
1308 903 1637 979 αὐταρκείας
1680 906 1771 961 καὶ
1811 907 1905 978 τῆς

300 996 398 1049 τοῦ
433 994 630 1049 ι’κανοῦ
660 994 751 1048 καὶ
782 993 971 1048 τελέου
1006 989 1326 1063 δυνάμεωςς
1929 1013 1968 1045 ιο

420 1074 738 1148 Ὀρθότατα.

428 1163 707 1227 Φανέντος
750 1163 812 1216 δέ
850 1182 913 1232 γε
954 1157 1125 1216 αλλου
1165 1156 1312 1223 τινὸς
1353 1163 1659 1231 κρείττονος
1689 1155 1908 1214 τούτοιν

301 1246 589 1318 ἑκατέρου,
634 1249 814 1321 μυρίω
855 1242 905 1316 γ’
945 1236 1015 1301 αὗ
1046 1245 1179 1309 νοῦς
1216 1240 1422 1316 ἡδονῆς
1453 1240 1786 1316 οἰκειότερον
1816 1243 1906 1298 καὶ

300 1331 753 1403 προσφυέστερον
784 1331 1061 1402 πέφανται
1091 1330 1200 1385 νῦν
1234 1331 1300 1402 τῇ
1339 1329 1439 1384 τοῦ
1469 1329 1734 1393 νικῶντος
1768 1328 1904 1383 ἰδέα.

424 1417 556 1479 Πῶς
588 1411 692 1486 γὰρ
725 1410 820 1484 οῧ;
1930 1434 1970 1467 15

429 1502 507 1554 16.
549 1494 772 1555 Οὐκοῦν
803 1500 1050 1571 πέμπτον
1081 1494 1217 1553 κατὰ
1247 1493 1351 1568 τὴν
1381 1500 1596 1567 κρίσιν,
1637 1493 1709 1562 ὡς
1741 1497 1849 1552 νῦν
1878 1493 1906 1551 ὁ

254 1606 275 1638 b
301 1580 458 1654 λόγος
489 1580 840 1655 ἀπεφήνατο,
873 1579 1105 1655 γίγνοιτ’
1142 1577 1268 1654 ἆνὴ
1299 1583 1392 1653 τῆς
1418 1578 1623 1652 ἡδονῆς
1657 1577 1906 1652 δύναμις.

409 1664 640 1724 ’Ἐοικεύ

426 1756 663 1857 Πρῶτον
695 1751 760 1806 δέ
785 1773 848 1822 γε
879 1745 1005 1806 οὐδ’
1039 1746 1109 1806 ἂν
1139 1753 1197 1806 015
1222 1746 1423 1815 πάντες
1453 1748 1579 1820 βόες
1608 1771 1667 1804 τε
1697 1749 1789 1804 καὶ
1819 1751 1906 1803 ἴπ-

299 1855 391 1890 ποι
422 1836 513 1890 καὶ
545 1833 611 1890 τὰ
641 1831 780 1890 αλλα
810 1831 1096 1905 ξύμπαντα
1127 1839 1300 1905 θηρία
1324 1836 1471 1904 φῶσι
1498 1835 1574 1909 τῷ
1603 1829 1662 1888 τὸ
1693 1838 1907 1904 χαίρειν
1931 1855 1970 1887 20

301 1915 551 1975 διώκειν
585 1914 667 1983 οἷς
699 1916 1080 1987 πιστεύοντες,
1115 1915 1298 1990 ω’σπερ
1329 1940 1550 1989 μαντεις
1581 1933 1821 1990 ορνισιν,
1854 1939 1906 1972 οι

298 2004 491 2059 πολλοὶ
523 2010 776 2076 κρίνουσι
806 2026 900 2068 τας
923 2000 1129 2074 ἡδονας
1154 2006 1229 2066 εἰς
1253 2000 1311 2057 τὸ
1344 2004 1438 2072 ζῆν
1461 1996 1596 2073 ἡμιν
1621 2001 1684 2057 εὐ
1718 2006 1907 2072 κρατί-

299 2104 429 2152 στας
462 2086 603 2144 εἰναι
624 2132 638 2156 ,
670 2088 762 2143 καὶ
792 2085 921 2152 τούς
952 2091 1171 2159 θηρίων
1202 2090 1407 2157 ἔρωτας
1438 2093 1647 2142 οἴονται
1679 2090 1906 2156 κυρίους

301 2170 442 2228 εἶναι
482 2194 763 2244 μαρτυρας
803 2173 1012 2243 μᾶλλον
1051 2167 1085 2242 ἢ
1125 2193 1253 2234 τους
1292 2173 1404 2226 τῶν
1446 2173 1507 2227 ἐν
1535 2167 1907 2243 μούσῃφιλο-

299 2254 454 2334 σόφῳ
485 2257 951 2356 fflsyavvevgtdffmv
982 2253 1236 2312 ἑκαστοτε
1267 2252 1462 2326 λόγων.
1928 2277 1969 2309 25

417 2338 810 2444 'Astnfie'awvoc3
843 2340 884 2396 ὠ
915 2337 1227 2414 Σώκρατες,
1262 2342 1528 2412 εἰρῆσθαί
1545 2356 1632 2394 σοι
1662 2339 1770 2395 νῦν
1799 2333 1906 2408 ήδη

298 2447 482 2495 φαμεν
512 2445 765 2489 απαντες.

430 2511 508 2562 17.
551 2512 735 2564 Ταῦτα
765 2503 793 2564 ὁ
817 2505 1071 2564 Πλάτων.
1129 2505 1233 2580 ἐγώ
1263 2508 1329 2563 δέ
1350 2524 1436 2563 σοι
1458 2507 1551 2563 καὶ
1577 2510 1904 2574 Διονυσίου,

257 2626 274 2648 c
297 2595 392 2663 τῆς
423 2590 558 2647 κατὰ
582 2592 822 2665 Χριστὸν
851 2598 1183 2665 φιλοσοφίας
1221 2589 1522 2648 ἐπισκόπου
1547 2587 1766 2661 ἀνδρὸς,
1799 2584 1905 2645 ἀπὸ

297 2678 409 2732 τῶν
425 2677 568 2748 Περὶ
591 2675 811 2747 φύσεως
842 2679 1048 2749 βραχέα
1077 2680 1190 2733 τῶν
1219 2673 1354 2749 πρὸς
1370 2673 1697 2747 Ἐπίκουρον
1727 2669 1902 2730 ἄντει-
1928 2698 1969 2730 30

299 2761 556 2866 ρήμένων
586 2759 993 2832 παραθήσομαι.
1064 2778 1134 2816 συ
1168 2760 1229 2817 δε
1267 2756 1456 2831 λαβών
1487 2754 1779 2830 ἀνάγνωθι
1809 2756 1903 2823 τας

299 2841 473 2911 οὕτως
506 2842 734 2917 ἐχούσας
767 2840 937 2901 αὐτοῦ
969 2868 1161 2916 φωνας
