2014 3146
278 133 382 185 244
963 133 1213 175 EUSEBH

232 277 254 309 d
398 245 428 267 ‘⁶
455 249 531 306 Τὰ
563 245 703 305 αὐτὰ
738 249 795 305 δὲ
827 250 919 305 καὶ
950 250 1076 320 περὶ
1117 253 1231 306 τῶν
1275 252 1520 322 θηλειῶν
1552 254 1689 308 ἔστω
1720 273 1890 323 νομο-

278 332 611 406 θετούμενα,
643 338 755 389 τῶν
785 334 942 407 μέχρι
973 331 1214 406 γάμων.”

408 422 487 475 11.
538 418 676 474 Εἶτα
708 415 876 475 πάλιν
905 415 1116 483 τούτοις
1150 419 1272 490 ἑξῆς
1313 415 1564 486 συνάψας
1603 418 1731 485 τοὺς
1762 419 1888 491 περὶ

278 507 637 574 πελταστικῆς
668 503 758 559 καὶ
791 507 1135 576 παγκρατίου
1177 504 1269 558 καὶ
1309 500 1468 569 τόξου
1510 507 1693 560 λίθων
1732 526 1790 560 τε
1832 506 1892 560 ἐκ

279 584 456 660 χειρὸς
498 590 665 658 βολῆς
705 588 796 643 καὶ
842 586 933 642 διὰ
974 584 1290 660 σφενδόνης
1329 585 1562 660 νόμους,
1603 591 1791 644 ἵππων
1833 610 1893 644 τε
1935 606 1955 638 5

279 673 405 743 πέρι
455 669 697 743 ἀγῶνος,
751 669 919 728 πάλιν
965 667 1255 728 κάνταῦθα
1306 673 1434 744 περὶ
1483 674 1597 728 τῶν
1648 674 1893 744 θηλειῶν

281 754 470 828 ἐπάγει
503 756 680 828 λέγων

401 836 430 858 “
450 845 688 912 Θηλείας
724 840 783 896 δὲ
825 842 950 913 περὶ
983 838 1196 898 τούτων
1226 837 1416 912 νόμοις
1447 839 1550 912 μὲν
1581 841 1673 896 καὶ
1708 837 1892 896 ἐπιτά-

282 928 435 992 ξεσιν
466 921 568 981 οὐκ
599 921 724 992 ἄξια
756 923 1047 996 βιάζεσθαι
1087 928 1183 996 τῆς
1224 930 1543 991 κοινωνίας·
1601 922 1697 981 ἐὰν
1739 924 1799 981 δὲ
1841 926 1894 992 ἐξ

281 1006 468 1066 αὐτῶν
497 1014 611 1066 τῶν
643 1015 962 1082 ἔμπροσθεν
993 1006 1387 1081 παιδευμάτων
1423 1014 1500 1074 εἰς
1532 1013 1662 1074 ἔθος
1696 1006 1895 1067 ἰόντων
1918 1028 1958 1060 10

279 1091 313 1165 ἡ
345 1091 513 1167 φύσις
549 1095 833 1166 ἐνδέχηται
865 1095 956 1149 καὶ
986 1091 1060 1165 μὴ
1094 1097 1432 1166 δυσχεραίνῃ
1456 1097 1659 1160 παῖδας
1689 1089 1722 1164 ἢ
1754 1115 1897 1167 παρ-

280 1181 486 1245 θένους
516 1191 828 1250 κοινωνεῖν,
864 1180 961 1235 ἐᾶν
991 1178 1082 1234 καὶ
1114 1176 1188 1250 μὴ
1221 1173 1460 1250 ψέγειν.”

168 1291 260 1333 (708)
411 1267 491 1319 12.
550 1264 801 1320 Τοσαῦτα
838 1265 938 1319 τοῦ
981 1259 1283 1329 Πλάτωνος
1319 1259 1386 1319 τά
1425 1263 1552 1334 περὶ
1594 1263 1891 1335 γυναικῶν.

279 1351 377 1405 τοῦ
410 1345 461 1404 δ’
500 1343 673 1404 αὐτοῦ
705 1349 797 1403 καὶ
826 1345 853 1403 ὁ
886 1344 1198 1419 θαυμάσιος
1229 1343 1325 1403 ὅδε
1354 1344 1614 1419 τυγχάνει
1645 1345 1811 1420 νόμος

399 1427 430 1450 “
451 1429 579 1488 Ἐάν
609 1455 689 1497 τις
721 1436 924 1497 παῖδας
958 1438 1191 1504 θηλείας
1223 1436 1516 1504 καταλίπῃ,
1551 1435 1610 1488 δί
1630 1431 1894 1503 ἀδελφῶν
1917 1449 1957 1482 15

279 1541 337 1574 τε
377 1518 470 1572 καὶ
510 1513 831 1588 ἀδελφιδῶν
864 1513 1139 1587 ε’πανιῶν,
1173 1521 1492 1591 ἔμπροσθεν
1522 1516 1624 1589 μὲν
1652 1519 1765 1572 τῶν
1794 1513 1894 1588 ἀρ-

282 1592 490 1676 ρένων,
531 1598 770 1675 ὕστερον
812 1601 873 1657 δε
912 1603 1159 1673 θηλειῶν
1201 1602 1285 1657 ἑνὶ
1323 1602 1498 1673 γένει·
1559 1599 1660 1673 τὴν
1702 1600 1762 1656 δε
1796 1601 1897 1657 τοῦ

281 1688 394 1742 τῶν
432 1684 625 1785 γάμων
664 1683 868 1759 χρόνου
908 1693 1251 1758 συμμετρίαν
1289 1707 1348 1741 τε
1387 1687 1480 1742 καὶ
1512 1682 1778 1784 αμετρίαν
1810 1689 1895 1740 δι-

282 1767 484 1840 καστὴς
516 1788 739 1826 σκοπων
769 1772 1027 1842 κρινέτω,
1069 1767 1312 1842 γύμνους
1350 1793 1452 1841 μεν
1481 1792 1609 1835 τους
1638 1766 1894 1842 άρρενας,

282 1877 494 1926 γυμνας
527 1854 589 1909 δε
618 1850 876 1926 ὀμφαλου
901 1855 1057 1926 μέχρι
1087 1851 1367 1925 θεώμενος
1401 1876 1496 1919 τας
1529 1850 1806 1924 θηλείας.”
1917 1869 1960 1903 20

406 1934 568 1994 Ἀλλά
600 1939 691 1993 καὶ
724 1940 785 2006 ἐν
807 1950 925 2002 ταῖς
950 1939 1159 2008 ἑορταῖς
1186 1942 1307 1993 δεῖν
1331 1934 1499 2002 αὐτάς
1523 1957 1659 2009 φησι
1683 1935 1896 2010 γυμνὰς

285 2020 537 2095 χορεύειν
570 2025 629 2078 ἐν
660 2025 797 2096 ἕκτῳ
828 2025 939 2078 τῶν
970 2020 1181 2094 Νόμων
1211 2022 1388 2092 λέγων
1418 2018 1593 2087 οὕτως

415 2109 494 2162 13.
535 2102 564 2125 ‘⁶
582 2109 687 2178 Τῆς
710 2098 815 2163 οὖν
832 2103 1084 2178 τοιαύτης
1108 2108 1352 2179 σπουδῆς
1375 2109 1536 2163 ἕνεκα
1563 2104 1665 2179 χρὴ
1687 2106 1778 2162 καὶ
1801 2103 1896 2172 τὰς

284 2183 509 2257 παιδιὰς
532 2201 815 2248 ποιεῖσθαι
838 2188 1166 2264 χορεύοντάς
1191 2214 1248 2247 τε
1273 2192 1364 2247 καὶ
1388 2188 1742 2264 χορευούσας,
1767 2187 1900 2247 κού-

286 2299 416 2348 ρους
461 2299 518 2332 τε
558 2277 660 2342 καὶ,
691 2273 884 2347 κόρας,
925 2277 1016 2332 καὶ
1057 2273 1168 2347 ἅμα
1210 2272 1278 2347 δὴ
1316 2272 1669 2349 θεωροῦντάς
1713 2297 1772 2332 τε
1803 2274 1895 2330 καὶ
1918 2290 1960 2324 25

286 2360 710 2432 θεωρουμένους
740 2357 874 2432 μετὰ
906 2358 1073 2431 λόγου
1103 2384 1162 2416 τε
1192 2361 1283 2415 καὶ
1312 2355 1526 2431 ἡλικίας
1558 2357 1706 2425 τινὸς
1739 2356 1897 2431 ἐχού-

287 2460 385 2515 σης
430 2449 639 2509 εἰκυίας
678 2441 1009 2516 προφάσεις,
1065 2442 1311 2517 γυμνοὺς
1356 2445 1447 2500 καὶ
1487 2441 1700 2517 γυμνάς
1740 2443 1896 2518 μέχρι

269 2549 391 2599 «περ
423 2530 616 2592 αἰδοῦς
648 2527 935 2601 σώφρονος
967 2524 1260 2586 ἑκάστων.”

419 2614 498 2668 14.
545 2609 697 2685 Πρὸς
735 2611 947 2679 τούτοις
986 2609 1193 2669 ἅπασιν
1236 2610 1545 2669 ἐπάκουσον
1584 2612 1676 2668 καὶ
1718 2613 1894 2667 τῶνδε

406 2834 456 2872 15
472 2822 583 2872 Ἐάν
605 2845 675 2878 τις
696 2831 879 2879 παιδας
901 2835 971 2880 -]
994 2832 1117 2874 Plat.
1140 2834 1251 2885 Leg.
1277 2834 1342 2876 11.
1374 2846 1416 2885 p.
1441 2832 1535 2871 925.

404 2889 456 2928 ‘23
485 2886 581 2940 Τῆς
603 2901 690 2930 ουν
712 2890 781 2936 -]
804 2887 923 2928 Plat.
947 2889 1058 2941 Leg.
1083 2891 1122 2930 6.
1145 2903 1187 2941 p.
1211 2891 1306 2932 771
