2014 3146
647 143 862 187 PRAEP.
894 142 1114 186 EVANG.
1146 143 1227 185 XI.
1259 145 1327 184 24.
1703 140 1769 193 51

165 274 278 327 τοῖς
308 261 561 326 λἉωσέως
591 257 874 334 γράμμασι
906 257 1156 317 διάνοιαν
1187 264 1569 331 σαφηνίζουσι.
1626 260 1773 330 λέγει

168 341 221 402 δ’
274 336 377 402 οὖν
425 341 453 401 ὃ
497 339 748 417 Ἐβραῖος
793 349 984 403 Φίλων
1034 341 1100 401 τὰ
1147 342 1348 418 πάτρια
1394 342 1773 416 διερμηνεύων

165 431 352 496 αὐτοῖς
384 426 626 502 ῥήμασιν

292 552 456 602 XXIV.
495 539 610 599 “Ei
650 543 715 598 δέ
752 565 832 607 τις
874 540 1159 613 ἐθελήσειε
1197 539 1536 614 γυμνότερον
1566 538 1774 613 χρήσα-

122 643 142 676 5
165 636 301 684 σθαι
340 639 453 693 τοῖς
483 624 778 699 ὀνόμασιν,
821 623 989 684 οὐδὲν
1018 621 1089 683 ἂν
1118 628 1307 700 ἕτερον
1339 634 1486 682 εἴποι
1515 625 1612 682 τὸν
1641 648 1774 698 νοη-

163 709 261 768 τὸν
291 709 499 783 κόσμον
528 707 562 782 ἢ
592 714 731 767 θεοῦ
762 709 929 782 λόγον
958 707 1065 783 ἤδη
1100 712 1577 783 κοσμοποιοῦντος.
1641 707 1774 766 οὐδὲ
1794 726 1884 768 (547)

164 794 268 867 γὰρ
299 793 334 867 ἡ
364 794 534 866 νοητὴ
579 793 735 861 πόλις
777 793 967 868 ἕτερόν
1007 800 1065 850 τί
1102 790 1314 866 ἐστινῆ
1354 793 1382 850 ὁ
1423 799 1521 850 τοῦ
1559 791 1776 867 ἀρχιτέ-

165 903 356 946 κτονος
390 877 675 953 λογισμὸς,
718 876 959 952 ἥδητὴν
988 876 1194 951 νοητὴν
1224 876 1387 935 πόλιν
1420 885 1619 946 κτίζειν
1653 882 1777 934 δια-

165 966 488 1037 νοουμένου.
535 968 583 1020 2.
616 961 676 1020 τὸ
710 963 772 1021 δὲ
804 961 981 1036 δόγμα
1009 969 1171 1020 τοῦτο
1189 965 1441 1029 Μωσέως
1474 964 1642 1034 ἐστὶν,
1674 959 1775 1019 οὐκ

102 1065 142 1098 10
167 1047 313 1122 ἐμόν.
379 1047 483 1120 τὴν
533 1053 673 1121 γοῦν
716 1046 1026 1122 ἀνθρώπου
1070 1049 1292 1120 γένεσιν
1321 1044 1674 1119 ἀναγράφων
1717 1050 1776 1104 ἐν

165 1146 278 1199 τοῖς
310 1139 496 1191 ἔπειτα
528 1131 838 1207 διαρρήδην
866 1131 1148 1206 ὁμολογεῖ,
1191 1130 1264 1199 ὡς
1294 1129 1402 1205 ἄρα
1431 1130 1548 1188 κατ’
1588 1130 1775 1189 εἰκόνα

165 1221 306 1275 θεοῦ
339 1216 676 1289 διετυπώθη.
766 1222 814 1275 3.
860 1223 910 1274 εἰ
951 1218 1011 1274 δὲ
1050 1217 1110 1274 τὸ
1150 1219 1313 1290 μέρος
1345 1214 1510 1274 εἰκών
1543 1215 1773 1287 εἰκόνος,

169 1300 422 1374 δηλονότι
453 1304 545 1359 καὶ
574 1301 634 1358 τὸ
663 1300 795 1359 ὅλον
826 1301 972 1368 εἶδος
1002 1300 1222 1374 σύμπας
1252 1302 1411 1367 οὗτος
1450 1296 1479 1358 ὁ
1512 1299 1776 1374 αἰσθητὸς

165 1385 395 1460 κόσμος,
452 1392 506 1442 εἰ
550 1394 751 1459 μείζων
798 1390 895 1458 τῆς
946 1383 1309 1458 ἀνθρωπίνης
1362 1386 1506 1456 ἐστὶ,
1562 1391 1775 1458 μίμημα

104 1488 144 1520 15
166 1477 327 1538 θείας
370 1468 580 1537 εἰκόνος
621 1469 902 1543 δηλονότι’
961 1472 1053 1527 καὶ
1094 1469 1128 1542 ἡ
1171 1468 1477 1544 ἄρχέτυπος
1517 1472 1775 1542 σφραγὶς,

166 1553 232 1613 ὅν
255 1579 441 1629 φαμεν
465 1553 665 1628 νοητὸν
691 1555 835 1612 εἶναι
861 1553 1086 1628 κόσμον,
1120 1553 1285 1621 αὐτὸς
1313 1551 1383 1611 ἂν
1406 1563 1490 1626 εἴη
1515 1552 1574 1610 τὸ
1597 1555 1777 1626 παρά-

169 1645 383 1714 δειγμα,
414 1638 717 1714 ἀρχέτυπος
750 1641 870 1697 ἰδέα
900 1643 1012 1697 τῶν
1044 1642 1232 1712 ἰδεῶν,
1264 1637 1292 1696 ὁ
1324 1641 1466 1696 θεοῦ
1495 1635 1702 1711 λόγος.”
1806 1667 1826 1699 b

294 1757 343 1809 4.
382 1749 572 1826 “Φησὶ
615 1750 664 1808 δ’
713 1750 786 1820 ὦς
827 1755 887 1810 ἐν
928 1749 1068 1828 ἀρχῇ
1112 1754 1373 1824 ἐποίησεν
1420 1749 1449 1808 ὁ
1498 1749 1630 1819 θεὸς
1679 1750 1776 1808 τὸν

168 1833 410 1912 οὐρανὸν
458 1838 550 1895 καὶ
599 1836 702 1910 τὴν
749 1840 884 1911 γῆν,
940 1835 1042 1910 τὴν
1094 1835 1270 1912 ἀρχὴν
1323 1834 1776 1910 παραλαμβανων

105 1938 146 1972 20
167 1945 287 1996 ουχ,
321 1945 394 1988 ως
425 1929 640 1980 οἴονταί
665 1946 828 1994 τινες,
860 1919 962 1996 τὴν
991 1919 1127 1979 κατα
1158 1920 1385 1995 χρόνον·
1420 1919 1640 1996 (χρόνος
1670 1919 1776 2022 γὰρ

166 2004 269 2064 οὐκ
307 1997 379 2079 ἦν
418 2004 523 2079 πρὸ
564 2005 828 2080 κόσμου)
875 2003 999 2064 ἀλλ’
1033 2002 1066 2080 ἢ
1107 2006 1215 2063 σὺν
1255 2002 1406 2083 αὐτῷ
1445 2007 1702 2078 γέγονεν,
1743 2002 1776 2078 ἢ

166 2087 283 2164 μετ’
320 2087 508 2148 αὐτόν.
596 2095 644 2149 5.
690 2093 808 2150 ἐπεὶ
849 2090 955 2165 γὰρ
1000 2089 1273 2166 ὃιαστημα
1312 2093 1408 2162 τῆς
1438 2092 1538 2146 τοῦ
1566 2088 1777 2163 κόσμου

168 2171 433 2248 κινήσει-ἇς
465 2179 615 2234 ἐστιν
644 2171 673 2233 ὁ
700 2175 916 2250 χρόνος,
947 2174 1218 2250 πρότερον
1241 2175 1303 2230 δὲ
1325 2177 1422 2230 τοῦ
1445 2176 1778 2246 κινουμένου

170 2267 386 2332 κίνησις
435 2284 538 2318 ουκ
587 2257 657 2317 ἂν
703 2263 946 2333 γένοιτο,
997 2255 1118 2316 ἀλλ’
1162 2254 1196 2330 ἢ
1246 2254 1552 2330 ἀναγκαῖον
1601 2254 1777 2330 αυτὴν

105 2359 145 2392 25
168 2340 402 2414 ὕστερον
431 2339 466 2415 ἢ
496 2343 606 2416 ἅμα
638 2350 1039 2415 συνίστασθαι,
1086 2339 1392 2415 ἀναγκαῖον
1421 2366 1528 2415 αρα
1558 2344 1651 2399 καὶ
1680 2341 1778 2399 τὸν

169 2426 370 2499 χρόνον
393 2422 427 2500 ἢ
455 2426 675 2500 ι’σήλικα
706 2426 916 2500 κόσμου
946 2428 1251 2500 γεγονέναι,
1283 2423 1317 2499 ἢ
1340 2425 1615 2501 νεώτερον
1640 2429 1776 2484 ἐκεί-

170 2535 300 2583 νου,
353 2509 733 2586 πρεσβύτερον
774 2511 836 2569 δὲ
876 2508 1291 2585 ἀποφαίνεσθαι
1330 2515 1538 2585 τολμᾶν
1578 2509 1776 2584 ἀφιλό-
1805 2547 1822 2570 c

170 2613 361 2668 σοφον.
455 2601 501 2653 6.
547 2602 596 2653 εἰ
637 2593 691 2652 δ’
725 2592 863 2670 ἀρχὴ
904 2595 978 2669 μὴ
1017 2595 1506 2671 παραλαμβάνεται
1535 2591 1774 2668 τανῦνὴ

171 2681 306 2736 κατὰ
347 2678 578 2754 χρόνον,
622 2679 766 2748 εἰκὸς
805 2677 875 2737 ἂν
906 2690 993 2753 εἴη
1023 2679 1338 2754 μηνύεσθαι
1368 2680 1469 2753 τὴν
1500 2678 1616 2737 κατ’
1652 2676 1775 2755 ἄρι-

285 2904 309 2942 2
343 2900 513 2956 Φίλων]
549 2902 638 2944 vol.
672 2904 708 2943 1.
744 2915 787 2955 p.
820 2903 860 2954 5,
894 2904 961 2944 27.
996 2905 1036 2954 6,
1069 2905 1136 2944 24.
1171 2904 1208 2943 7.
1242 2901 1311 2943 39.

1239 2975 1247 2980 .
1444 2970 1520 3019 4*
