<?xml version="1.0" encoding="UTF-8"?>
<!DOCTYPE html PUBLIC "-//W3C//DTD XHTML 1.0 Transitional//EN"
    "http://www.w3.org/TR/xhtml1/DTD/xhtml1-transitional.dtd">
<html xmlns="http://www.w3.org/1999/xhtml" xml:lang="en" lang="en">
 <head>
  <title>
</title>
<meta http-equiv="Content-Type" content="text/html;charset=utf-8" />
  <meta name='ocr-system' content='tesseract 3.04.00' />
  <meta name='ocr-capabilities' content='ocr_page ocr_carea ocr_par ocr_line ocrx_word'/>
</head>
<body>
  <div class='ocr_page' id='page_1' title='image "./operaeusebius02euseuoft_0282.png"; bbox 0 0 2014 3146; ppageno 0'>
   <div class='ocr_carea' id='block_1_1' title="bbox 286 130 1217 183">
    <p class='ocr_par' dir='ltr' id='par_1_1' title="bbox 286 130 1217 183">
     <span class='ocr_line' id='line_1_1' title="bbox 286 130 1217 183; baseline -0.008 -2"><span class='ocrx_word' id='word_1_1' title='bbox 286 130 390 183; x_wconf 79' lang='grc'><em>278</em></span> <span class='ocrx_word' id='word_1_2' title='bbox 970 133 1217 174; x_wconf 76' lang='lat' dir='ltr'>EUSEBn</span> 
     </span>
    </p>
   </div>
   <div class='ocr_carea' id='block_1_2' title="bbox 176 243 1960 2024">
    <p class='ocr_par' dir='ltr' id='par_1_2' title="bbox 289 243 1896 323">
     <span class='ocr_line' id='line_1_2' title="bbox 289 243 1896 323; baseline 0.002 -19"><span class='ocrx_word' id='word_1_3' title='bbox 289 250 378 304; x_wconf 88' lang='grc' dir='ltr'><em>ἐπὶ</em></span> <span class='ocrx_word' id='word_1_4' title='bbox 409 251 661 319; x_wconf 82' lang='grc' dir='ltr'><em>παλλακῇ</em></span> <span class='ocrx_word' id='word_1_5' title='bbox 691 245 884 320; x_wconf 85' lang='grc' dir='ltr'><em>μοιχὸν</em></span> <span class='ocrx_word' id='word_1_6' title='bbox 915 243 1115 321; x_wconf 76' lang='grc' dir='ltr'><em>εὑρὼν,</em></span> <span class='ocrx_word' id='word_1_7' title='bbox 1148 245 1248 321; x_wconf 80' lang='grc' dir='ltr'><em>οὐχ</em></span> <span class='ocrx_word' id='word_1_8' title='bbox 1277 246 1386 306; x_wconf 80' lang='grc' dir='ltr'><em>ὑπὸ</em></span> <span class='ocrx_word' id='word_1_9' title='bbox 1416 253 1657 323; x_wconf 77' lang='grc' dir='ltr'><em>πιθανῆς</em></span> <span class='ocrx_word' id='word_1_10' title='bbox 1688 274 1896 322; x_wconf 83' lang='grc' dir='ltr'><em>φαντα-</em></span> 
     </span>
    </p>

    <p class='ocr_par' dir='ltr' id='par_1_3' title="bbox 289 326 1896 407">
     <span class='ocr_line' id='line_1_3' title="bbox 289 326 1896 407; baseline 0.003 -20"><span class='ocrx_word' id='word_1_11' title='bbox 289 339 437 401; x_wconf 90' lang='grc' dir='ltr'><em>σίας,</em></span> <span class='ocrx_word' id='word_1_12' title='bbox 479 327 599 387; x_wconf 79' lang='grc' dir='ltr'><em>οὐδ’</em></span> <span class='ocrx_word' id='word_1_13' title='bbox 650 326 722 396; x_wconf 74' lang='grc' dir='ltr'><em>ὥς</em></span> <span class='ocrx_word' id='word_1_14' title='bbox 760 328 834 404; x_wconf 91' lang='grc' dir='ltr'><em>μὴ</em></span> <span class='ocrx_word' id='word_1_15' title='bbox 885 331 1257 405; x_wconf 76' lang='grc' dir='ltr'><em>κατειληφώς,</em></span> <span class='ocrx_word' id='word_1_16' title='bbox 1311 329 1385 399; x_wconf 74' lang='grc' dir='ltr'><em>ὥς</em></span> <span class='ocrx_word' id='word_1_17' title='bbox 1430 334 1490 390; x_wconf 72' lang='grc' dir='ltr'><em>δὲ</em></span> <span class='ocrx_word' id='word_1_18' title='bbox 1528 333 1762 407; x_wconf 77' lang='grc' dir='ltr'><em>μάλιστα</em></span> <span class='ocrx_word' id='word_1_19' title='bbox 1803 357 1896 391; x_wconf 91' lang='grc' dir='ltr'><em>πι-</em></span> 
     </span>
    </p>

    <p class='ocr_par' dir='ltr' id='par_1_4' title="bbox 287 413 1896 492">
     <span class='ocr_line' id='line_1_4' title="bbox 287 413 1896 492; baseline 0.002 -21"><span class='ocrx_word' id='word_1_20' title='bbox 287 413 501 472; x_wconf 80' lang='grc' dir='ltr'><em>στεύων</em></span> <span class='ocrx_word' id='word_1_21' title='bbox 524 417 592 488; x_wconf 79' lang='grc' dir='ltr'><em>τῇ</em></span> <span class='ocrx_word' id='word_1_22' title='bbox 619 413 743 483; x_wconf 83' lang='grc' dir='ltr'><em>ὄψει</em></span> <span class='ocrx_word' id='word_1_23' title='bbox 774 417 865 472; x_wconf 84' lang='grc' dir='ltr'><em>καὶ</em></span> <span class='ocrx_word' id='word_1_24' title='bbox 897 415 1226 488; x_wconf 75' lang='grc' dir='ltr'><em>καταλαβὼν</em></span> <span class='ocrx_word' id='word_1_25' title='bbox 1264 415 1616 492; x_wconf 81' lang='grc' dir='ltr'><strong><em>παρῃτήσατο</em></strong></span> <span class='ocrx_word' id='word_1_26' title='bbox 1645 423 1740 491; x_wconf 87' lang='grc' dir='ltr'><em>τῆς</em></span> <span class='ocrx_word' id='word_1_27' title='bbox 1772 424 1896 475; x_wconf 91' lang='grc' dir='ltr'><em>δια-</em></span> 
     </span>
    </p>

    <p class='ocr_par' dir='ltr' id='par_1_5' title="bbox 285 496 1894 576">
     <span class='ocr_line' id='line_1_5' title="bbox 285 496 1894 576; baseline 0.002 -21"><span class='ocrx_word' id='word_1_28' title='bbox 285 502 492 571; x_wconf 86' lang='grc' dir='ltr'><em>τριβῆς.</em></span> <span class='ocrx_word' id='word_1_29' title='bbox 551 498 578 555; x_wconf 94' lang='lat'><em>5</em></span> <span class='ocrx_word' id='word_1_30' title='bbox 614 499 676 556; x_wconf 75' lang='grc' dir='ltr'><em>δὲ</em></span> <span class='ocrx_word' id='word_1_31' title='bbox 706 496 948 564; x_wconf 75' lang='grc' dir='ltr'><em>ἀποστὰς</em></span> <span class='ocrx_word' id='word_1_32' title='bbox 988 497 1420 573; x_wconf 87' lang='grc' dir='ltr'><em>αντεσοφίστευε</em></span> <span class='ocrx_word' id='word_1_33' title='bbox 1460 503 1551 558; x_wconf 83' lang='grc' dir='ltr'><em>καὶ</em></span> <span class='ocrx_word' id='word_1_34' title='bbox 1581 498 1894 576; x_wconf 80' lang='grc' dir='ltr'><em>ἀντίτεχνος</em></span> 
     </span>
    </p>

    <p class='ocr_par' dir='ltr' id='par_1_6' title="bbox 176 580 1957 742">
     <span class='ocr_line' id='line_1_6' title="bbox 286 580 1957 658; baseline 0.001 -19"><span class='ocrx_word' id='word_1_35' title='bbox 286 585 374 656; x_wconf 83' lang='grc' dir='ltr'><em>ἠν,</em></span> <span class='ocrx_word' id='word_1_36' title='bbox 410 586 648 656; x_wconf 80' lang='grc' dir='ltr'><em>ἐλέγχων</em></span> <span class='ocrx_word' id='word_1_37' title='bbox 672 580 844 640; x_wconf 77' lang='grc' dir='ltr'><em>αὐτοῦ</em></span> <span class='ocrx_word' id='word_1_38' title='bbox 873 583 976 656; x_wconf 86' lang='grc' dir='ltr'><em>τὴν</em></span> <span class='ocrx_word' id='word_1_39' title='bbox 1007 587 1067 642; x_wconf 87' lang='grc' dir='ltr'><em>ἐν</em></span> <span class='ocrx_word' id='word_1_40' title='bbox 1095 597 1210 650; x_wconf 80' lang='grc' dir='ltr'><em>τοῖς</em></span> <span class='ocrx_word' id='word_1_41' title='bbox 1243 583 1424 657; x_wconf 81' lang='grc' dir='ltr'><strong><em>λόγοις</em></strong></span> <span class='ocrx_word' id='word_1_42' title='bbox 1455 583 1888 658; x_wconf 57' lang='grc' dir='ltr'><em>οἰκαταληψιαν.τε</em></span> <span class='ocrx_word' id='word_1_43' title='bbox 1936 606 1957 640; x_wconf 88' lang='lat'><em>5</em></span> 
     </span>
     <span class='ocr_line' id='line_1_7' title="bbox 176 666 1346 760; baseline 0.003 -37"><span class='ocrx_word' id='word_1_44' title='bbox 176 688 267 729; x_wconf 81' lang='lat'><strong>(739)</strong></span> <span class='ocrx_word' id='word_1_45' title='bbox 418 671 497 724; x_wconf 81' lang='lat'><em>14.</em></span> <span class='ocrx_word' id='word_1_46' title='bbox 545 669 654 724; x_wconf 87' lang='grc' dir='ltr'><em>Καὶ</em></span> <span class='ocrx_word' id='word_1_47' title='bbox 687 666 854 731; x_wconf 85' lang='grc' dir='ltr'><em>παλιν</em></span> <span class='ocrx_word' id='word_1_48' title='bbox 887 671 1136 760; x_wconf 77' lang='grc' dir='ltr'><strong><em>ἐπιφέρει</em></strong></span> <span class='ocrx_word' id='word_1_49' title='bbox 1168 671 1346 749; x_wconf 88' lang='grc' dir='ltr'><em>λέγων</em></span> 
     </span>
    </p>

    <p class='ocr_par' dir='ltr' id='par_1_7' title="bbox 284 747 1958 1331">
     <span class='ocr_line' id='line_1_8' title="bbox 406 747 1897 862; baseline 0.001 -54"><span class='ocrx_word' id='word_1_50' title='bbox 406 747 504 808; x_wconf 83' lang='lat'><em>“‘0</em></span> <span class='ocrx_word' id='word_1_51' title='bbox 537 752 599 808; x_wconf 77' lang='grc' dir='ltr'><em>δὲ</em></span> <span class='ocrx_word' id='word_1_52' title='bbox 630 751 984 853; x_wconf 84' lang='grc' dir='ltr'><em>Καρνεαδης,</em></span> <span class='ocrx_word' id='word_1_53' title='bbox 1017 750 1138 811; x_wconf 83' lang='grc' dir='ltr'><em>οἷον</em></span> <span class='ocrx_word' id='word_1_54' title='bbox 1177 751 1633 862; x_wconf 63' lang='grc' dir='ltr'><em>ἆντεστραμμένα</em></span> <span class='ocrx_word' id='word_1_55' title='bbox 1667 761 1897 826; x_wconf 84' lang='grc' dir='ltr'><em>φιλοσο-</em></span> 
     </span>
     <span class='ocr_line' id='line_1_9' title="bbox 286 835 1896 910; baseline 0.001 -18"><span class='ocrx_word' id='word_1_56' title='bbox 286 861 459 910; x_wconf 44' lang='grc' dir='ltr'><em>φωνς</em></span> <span class='ocrx_word' id='word_1_57' title='bbox 486 849 600 902; x_wconf 80' lang='grc' dir='ltr'><em>τοῖς</em></span> <span class='ocrx_word' id='word_1_58' title='bbox 641 835 957 909; x_wconf 79' lang='grc' dir='ltr'><em>ψεύσμασιν</em></span> <span class='ocrx_word' id='word_1_59' title='bbox 990 840 1383 906; x_wconf 78' lang='grc' dir='ltr'><strong><em>ἐκαλλωπίζετο</em></strong></span> <span class='ocrx_word' id='word_1_60' title='bbox 1434 840 1526 895; x_wconf 84' lang='grc' dir='ltr'><em>καὶ</em></span> <span class='ocrx_word' id='word_1_61' title='bbox 1564 836 1660 895; x_wconf 80' lang='grc' dir='ltr'><em>ὑπ’</em></span> <span class='ocrx_word' id='word_1_62' title='bbox 1708 835 1896 905; x_wconf 78' lang='grc' dir='ltr'><em>αὐτοῖς</em></span> 
     </span>
     <span class='ocr_line' id='line_1_10' title="bbox 285 914 1896 997; baseline 0.001 -20"><span class='ocrx_word' id='word_1_63' title='bbox 285 945 350 977; x_wconf 90' lang='grc' dir='ltr'><em>τα</em></span> <span class='ocrx_word' id='word_1_64' title='bbox 381 919 568 993; x_wconf 81' lang='grc' dir='ltr'><strong><em>ἀληθῆ</em></strong></span> <span class='ocrx_word' id='word_1_65' title='bbox 596 918 839 992; x_wconf 74' lang='grc' dir='ltr'><em>ἠφάνιζε.</em></span> <span class='ocrx_word' id='word_1_66' title='bbox 901 940 1398 997; x_wconf 88' lang='grc' dir='ltr'><em>παραπετασμασιν</em></span> <span class='ocrx_word' id='word_1_67' title='bbox 1426 914 1531 979; x_wconf 74' lang='grc' dir='ltr'><em>οὖν</em></span> <span class='ocrx_word' id='word_1_68' title='bbox 1563 925 1753 995; x_wconf 86' lang='grc' dir='ltr'><em>ἐχρῆτο</em></span> <span class='ocrx_word' id='word_1_69' title='bbox 1783 937 1896 989; x_wconf 81' lang='grc' dir='ltr'><em>τοῖς</em></span> 
     </span>
     <span class='ocr_line' id='line_1_11' title="bbox 286 1003 1958 1112; baseline 0.001 -51"><span class='ocrx_word' id='word_1_70' title='bbox 286 1003 586 1077; x_wconf 79' lang='grc' dir='ltr'><em>ψεύσμασι,</em></span> <span class='ocrx_word' id='word_1_71' title='bbox 619 1007 710 1062; x_wconf 86' lang='grc' dir='ltr'><em>καὶ</em></span> <span class='ocrx_word' id='word_1_72' title='bbox 739 1003 1021 1078; x_wconf 81' lang='grc' dir='ltr'><em>ῆλήθευεν</em></span> <span class='ocrx_word' id='word_1_73' title='bbox 1053 1011 1217 1063; x_wconf 84' lang='grc' dir='ltr'><em>ἔνδον</em></span> <span class='ocrx_word' id='word_1_74' title='bbox 1249 1006 1549 1064; x_wconf 80' lang='grc' dir='ltr'><em>λανθανων</em></span> <span class='ocrx_word' id='word_1_75' title='bbox 1580 1005 1891 1112; x_wconf 52' lang='grc' dir='ltr'><em>καπηλικοέ-</em></span> <span class='ocrx_word' id='word_1_76' title='bbox 1915 1024 1958 1058; x_wconf 84' lang='lat'><em>1⁰</em></span> 
     </span>
     <span class='ocr_line' id='line_1_12' title="bbox 284 1088 1900 1164; baseline 0.001 -18"><span class='ocrx_word' id='word_1_77' title='bbox 284 1112 461 1164; x_wconf 93' lang='grc' dir='ltr'><em>τερον.</em></span> <span class='ocrx_word' id='word_1_78' title='bbox 540 1095 778 1161; x_wconf 81' lang='grc' dir='ltr'><em>ἔπασχεν</em></span> <span class='ocrx_word' id='word_1_79' title='bbox 817 1091 919 1146; x_wconf 85' lang='grc' dir='ltr'><em>οὐν</em></span> <span class='ocrx_word' id='word_1_80' title='bbox 964 1089 1196 1163; x_wconf 84' lang='grc' dir='ltr'><em>παθημα</em></span> <span class='ocrx_word' id='word_1_81' title='bbox 1235 1088 1517 1163; x_wconf 76' lang='grc' dir='ltr'><em>ὀσπρίων,</em></span> <span class='ocrx_word' id='word_1_82' title='bbox 1566 1116 1644 1148; x_wconf 94' lang='grc' dir='ltr'><em>ων</em></span> <span class='ocrx_word' id='word_1_83' title='bbox 1687 1089 1754 1147; x_wconf 82' lang='grc' dir='ltr'>τά</span> <span class='ocrx_word' id='word_1_84' title='bbox 1795 1115 1900 1163; x_wconf 86' lang='grc' dir='ltr'><em>μεν</em></span> 
     </span>
     <span class='ocr_line' id='line_1_13' title="bbox 285 1172 1951 1249; baseline 0.001 -19"><span class='ocrx_word' id='word_1_85' title='bbox 285 1197 419 1230; x_wconf 87' lang='grc' dir='ltr'><em>κενα</em></span> <span class='ocrx_word' id='word_1_86' title='bbox 453 1172 764 1242; x_wconf 80' lang='grc' dir='ltr'><em>ἐπιπολαζει</em></span> <span class='ocrx_word' id='word_1_87' title='bbox 794 1197 853 1230; x_wconf 90' lang='grc' dir='ltr'><em>τε</em></span> <span class='ocrx_word' id='word_1_88' title='bbox 883 1199 958 1230; x_wconf 86' lang='grc' dir='ltr'><em>τω</em></span> <span class='ocrx_word' id='word_1_89' title='bbox 982 1174 1145 1231; x_wconf 81' lang='grc' dir='ltr'><em>ὕδατι</em></span> <span class='ocrx_word' id='word_1_90' title='bbox 1169 1177 1259 1231; x_wconf 86' lang='grc' dir='ltr'><em>καὶ</em></span> <span class='ocrx_word' id='word_1_91' title='bbox 1286 1173 1562 1249; x_wconf 78' lang='grc' dir='ltr'><strong><em>ὑπερέχει,</em></strong></span> <span class='ocrx_word' id='word_1_92' title='bbox 1595 1199 1660 1231; x_wconf 91' lang='grc' dir='ltr'><em>τα</em></span> <span class='ocrx_word' id='word_1_93' title='bbox 1683 1175 1892 1248; x_wconf 76' lang='grc' dir='ltr'><em>χρηστὰ</em></span> <span class='ocrx_word' id='word_1_94' title='bbox 1944 1191 1951 1195; x_wconf 86' lang='grc'><em>“</em></span> 
     </span>
     <span class='ocr_line' id='line_1_14' title="bbox 288 1256 1386 1331; baseline 0.003 -18"><span class='ocrx_word' id='word_1_95' title='bbox 288 1259 349 1314; x_wconf 77' lang='grc' dir='ltr'><em>δὲ</em></span> <span class='ocrx_word' id='word_1_96' title='bbox 381 1256 567 1314; x_wconf 69' lang='grc' dir='ltr'><em>αὐτῶν</em></span> <span class='ocrx_word' id='word_1_97' title='bbox 600 1261 712 1314; x_wconf 82' lang='grc' dir='ltr'><em>ἐστι</em></span> <span class='ocrx_word' id='word_1_98' title='bbox 743 1257 888 1315; x_wconf 77' lang='grc' dir='ltr'><em>κάτω</em></span> <span class='ocrx_word' id='word_1_99' title='bbox 921 1261 1013 1315; x_wconf 87' lang='grc' dir='ltr'><em>καὶ</em></span> <span class='ocrx_word' id='word_1_100' title='bbox 1046 1262 1105 1315; x_wconf 85' lang='grc' dir='ltr'><em>ἐν</em></span> <span class='ocrx_word' id='word_1_101' title='bbox 1136 1256 1386 1331; x_wconf 81' lang='grc' dir='ltr'><strong><em>ἆφανεῖ.”</em></strong></span> 
     </span>
    </p>

    <p class='ocr_par' dir='ltr' id='par_1_8' title="bbox 285 1341 1960 1653">
     <span class='ocr_line' id='line_1_15' title="bbox 418 1341 1898 1417; baseline 0.002 -21"><span class='ocrx_word' id='word_1_102' title='bbox 418 1346 497 1399; x_wconf 78' lang='grc'><em>15.</em></span> <span class='ocrx_word' id='word_1_103' title='bbox 557 1345 741 1400; x_wconf 78' lang='grc' dir='ltr'><em>Ταῦτα</em></span> <span class='ocrx_word' id='word_1_104' title='bbox 782 1344 871 1399; x_wconf 85' lang='grc' dir='ltr'><em>καὶ</em></span> <span class='ocrx_word' id='word_1_105' title='bbox 925 1345 1050 1417; x_wconf 85' lang='grc' dir='ltr'><em>περὶ</em></span> <span class='ocrx_word' id='word_1_106' title='bbox 1094 1342 1424 1416; x_wconf 86' lang='grc' dir='ltr'><em>Καρνεαδου</em></span> <span class='ocrx_word' id='word_1_107' title='bbox 1465 1346 1692 1416; x_wconf 88' lang='grc' dir='ltr'><em>λέγεται.</em></span> <span class='ocrx_word' id='word_1_108' title='bbox 1774 1341 1898 1400; x_wconf 90' lang='grc' dir='ltr'><em>δια-</em></span> 
     </span>
     <span class='ocr_line' id='line_1_16' title="bbox 289 1424 1960 1534; baseline 0.001 -52"><span class='ocrx_word' id='word_1_109' title='bbox 289 1431 446 1499; x_wconf 90' lang='grc' dir='ltr'><em>δοχος</em></span> <span class='ocrx_word' id='word_1_110' title='bbox 481 1424 533 1483; x_wconf 83' lang='grc' dir='ltr'><em>δ’</em></span> <span class='ocrx_word' id='word_1_111' title='bbox 568 1424 740 1484; x_wconf 84' lang='grc' dir='ltr'><em>αὐτοῦ</em></span> <span class='ocrx_word' id='word_1_112' title='bbox 780 1431 874 1500; x_wconf 87' lang='grc' dir='ltr'><em>τῆς</em></span> <span class='ocrx_word' id='word_1_113' title='bbox 918 1431 1200 1534; x_wconf 82' lang='grc' dir='ltr'><strong><em>διατριβῆς</em></strong></span> <span class='ocrx_word' id='word_1_114' title='bbox 1232 1433 1562 1486; x_wconf 81' lang='grc' dir='ltr'><em>καθίσταται</em></span> <span class='ocrx_word' id='word_1_115' title='bbox 1592 1425 1894 1500; x_wconf 89' lang='grc' dir='ltr'><em>Κλειτόμα-</em></span> <span class='ocrx_word' id='word_1_116' title='bbox 1918 1443 1960 1476; x_wconf 83' lang='grc'><em>15</em></span> 
     </span>
     <span class='ocr_line' id='line_1_17' title="bbox 285 1509 1894 1585; baseline 0.001 -18"><span class='ocrx_word' id='word_1_117' title='bbox 285 1535 405 1584; x_wconf 87' lang='grc' dir='ltr'><em>χος,</em></span> <span class='ocrx_word' id='word_1_118' title='bbox 444 1509 574 1584; x_wconf 87' lang='grc' dir='ltr'><em>μεθ’</em></span> <span class='ocrx_word' id='word_1_119' title='bbox 618 1535 685 1568; x_wconf 93' lang='grc' dir='ltr'><em>ον</em></span> <span class='ocrx_word' id='word_1_120' title='bbox 727 1517 944 1584; x_wconf 85' lang='grc' dir='ltr'><em>Φίλων,</em></span> <span class='ocrx_word' id='word_1_121' title='bbox 987 1513 1053 1569; x_wconf 86' lang='grc' dir='ltr'><em>οὑ</em></span> <span class='ocrx_word' id='word_1_122' title='bbox 1095 1515 1220 1585; x_wconf 90' lang='grc' dir='ltr'><em>πέρι</em></span> <span class='ocrx_word' id='word_1_123' title='bbox 1260 1511 1288 1568; x_wconf 88' lang='lat'><em>5</em></span> <span class='ocrx_word' id='word_1_124' title='bbox 1323 1510 1642 1585; x_wconf 89' lang='grc' dir='ltr'><em>Νουμήνιος</em></span> <span class='ocrx_word' id='word_1_125' title='bbox 1683 1535 1894 1584; x_wconf 91' lang='grc' dir='ltr'><em>μνημο-</em></span> 
     </span>
     <span class='ocr_line' id='line_1_18' title="bbox 285 1593 864 1653; baseline 0 -1"><span class='ocrx_word' id='word_1_126' title='bbox 285 1593 437 1653; x_wconf 82' lang='grc' dir='ltr'><em>νεύει</em></span> <span class='ocrx_word' id='word_1_127' title='bbox 466 1598 640 1653; x_wconf 83' lang='grc' dir='ltr'><em>ταῦτα</em></span> <span class='ocrx_word' id='word_1_128' title='bbox 855 1626 864 1637; x_wconf 65' lang='grc'><em>»</em></span> 
     </span>
    </p>

    <p class='ocr_par' dir='ltr' id='par_1_9' title="bbox 237 1687 1956 1935">
     <span class='ocr_line' id='line_1_19' title="bbox 237 1687 1898 1767; baseline -0.002 -13"><span class='ocrx_word' id='word_1_129' title='bbox 237 1713 261 1744; x_wconf 86' lang='lat' dir='ltr'>b</span> <span class='ocrx_word' id='word_1_130' title='bbox 413 1705 491 1754; x_wconf 90' lang='lat' dir='ltr'><em>lX.</em></span> <span class='ocrx_word' id='word_1_131' title='bbox 552 1690 650 1752; x_wconf 80' lang='lat'><em>“‘0</em></span> <span class='ocrx_word' id='word_1_132' title='bbox 690 1695 752 1751; x_wconf 77' lang='grc' dir='ltr'><em>δὲ</em></span> <span class='ocrx_word' id='word_1_133' title='bbox 795 1701 987 1752; x_wconf 87' lang='grc' dir='ltr'><em>Φίλων</em></span> <span class='ocrx_word' id='word_1_134' title='bbox 1032 1692 1140 1766; x_wconf 79' lang='grc' dir='ltr'><em>ἄρα</em></span> <span class='ocrx_word' id='word_1_135' title='bbox 1189 1687 1349 1761; x_wconf 81' lang='grc' dir='ltr'><em>οὗτος</em></span> <span class='ocrx_word' id='word_1_136' title='bbox 1393 1695 1497 1767; x_wconf 74' lang='grc' dir='ltr'><em>μὲν</em></span> <span class='ocrx_word' id='word_1_137' title='bbox 1532 1693 1898 1767; x_wconf 78' lang='grc' dir='ltr'><em>,ἐκδεξάμενος</em></span> 
     </span>
     <span class='ocr_line' id='line_1_20' title="bbox 284 1775 1898 1851; baseline 0 -17"><span class='ocrx_word' id='word_1_138' title='bbox 284 1775 387 1849; x_wconf 82' lang='grc' dir='ltr'><em>τὴν</em></span> <span class='ocrx_word' id='word_1_139' title='bbox 419 1775 709 1850; x_wconf 85' lang='grc' dir='ltr'><em>διατριβὴν</em></span> <span class='ocrx_word' id='word_1_140' title='bbox 739 1775 847 1835; x_wconf 78' lang='grc' dir='ltr'><em>ὑπὸ</em></span> <span class='ocrx_word' id='word_1_141' title='bbox 878 1783 1156 1851; x_wconf 82' lang='grc' dir='ltr'><em>χαρμονῆς</em></span> <span class='ocrx_word' id='word_1_142' title='bbox 1196 1782 1579 1851; x_wconf 81' lang='grc' dir='ltr'><strong><em>ἐξεπέπληκτο,</em></strong></span> <span class='ocrx_word' id='word_1_143' title='bbox 1613 1781 1705 1834; x_wconf 86' lang='grc' dir='ltr'><em>καὶ</em></span> <span class='ocrx_word' id='word_1_144' title='bbox 1736 1777 1898 1850; x_wconf 81' lang='grc' dir='ltr'><em>χάριν</em></span> 
     </span>
     <span class='ocr_line' id='line_1_21' title="bbox 285 1859 1956 1970; baseline 0.001 -54"><span class='ocrx_word' id='word_1_145' title='bbox 285 1859 591 1928; x_wconf 81' lang='grc' dir='ltr'><em>αποδιδούς</em></span> <span class='ocrx_word' id='word_1_146' title='bbox 625 1861 962 1970; x_wconf 78' lang='grc' dir='ltr'><em>ἐθεραπευε,</em></span> <span class='ocrx_word' id='word_1_147' title='bbox 1002 1864 1095 1918; x_wconf 85' lang='grc' dir='ltr'><em>καὶ</em></span> <span class='ocrx_word' id='word_1_148' title='bbox 1124 1886 1189 1919; x_wconf 90' lang='grc' dir='ltr'><em>τα</em></span> <span class='ocrx_word' id='word_1_149' title='bbox 1221 1865 1529 1935; x_wconf 79' lang='grc' dir='ltr'><em>δεδογμένα</em></span> <span class='ocrx_word' id='word_1_150' title='bbox 1560 1885 1634 1918; x_wconf 94' lang='grc' dir='ltr'><em>τω</em></span> <span class='ocrx_word' id='word_1_151' title='bbox 1666 1869 1888 1918; x_wconf 87' lang='grc' dir='ltr'><em>Κλειτο-</em></span> <span class='ocrx_word' id='word_1_152' title='bbox 1914 1877 1956 1908; x_wconf 84' lang='lat'><em>20</em></span> 
     </span>
    </p>

    <p class='ocr_par' dir='ltr' id='par_1_10' title="bbox 182 1937 1187 2024">
     <span class='ocr_line' id='line_1_22' title="bbox 182 1937 1187 2024; baseline 0.005 -25"><span class='ocrx_word' id='word_1_153' title='bbox 182 2020 187 2024; x_wconf 76' lang='lat'>.</span> <span class='ocrx_word' id='word_1_154' title='bbox 240 1975 258 1998; x_wconf 83' lang='lat' dir='ltr'>c</span> <span class='ocrx_word' id='word_1_155' title='bbox 285 1944 441 2023; x_wconf 77' lang='grc' dir='ltr'><em>μάχῳ</em></span> <span class='ocrx_word' id='word_1_156' title='bbox 471 1937 620 2018; x_wconf 75' lang='grc' dir='ltr'><em>ηὖξε,</em></span> <span class='ocrx_word' id='word_1_157' title='bbox 652 1948 743 2003; x_wconf 87' lang='grc' dir='ltr'><em>καὶ</em></span> <span class='ocrx_word' id='word_1_158' title='bbox 773 1961 887 2013; x_wconf 81' lang='grc' dir='ltr'><em>τοῖς</em></span> <span class='ocrx_word' id='word_1_159' title='bbox 917 1956 1187 2014; x_wconf 77' lang='grc' dir='ltr'><em>Στωικοῖς</em></span> 
     </span>
    </p>
   </div>
   <div class='ocr_carea' id='block_1_3' title="bbox 705 2061 1457 2137">
    <p class='ocr_par' dir='ltr' id='par_1_11' title="bbox 705 2061 1457 2137">
     <span class='ocr_line' id='line_1_23' title="bbox 705 2061 1457 2137; baseline 0 -20"><span class='ocrx_word' id='word_1_160' title='bbox 705 2061 710 2065; x_wconf 51' lang='grc'><em>’</em></span> <span class='ocrx_word' id='word_1_161' title='bbox 742 2066 1035 2134; x_wconf 81' lang='grc' dir='ltr'><em>ἐκορύσσετο</em></span> <span class='ocrx_word' id='word_1_162' title='bbox 1062 2066 1250 2131; x_wconf 81' lang='grc' dir='ltr'><em>νώροπι</em></span> <span class='ocrx_word' id='word_1_163' title='bbox 1277 2071 1457 2137; x_wconf 73' lang='grc' dir='ltr'><em>χαλκῷ.</em></span> 
     </span>
    </p>
   </div>
   <div class='ocr_carea' id='block_1_4' title="bbox 244 2180 1963 2935">
    <p class='ocr_par' dir='ltr' id='par_1_12' title="bbox 244 2180 1963 2935">
     <span class='ocr_line' id='line_1_24' title="bbox 286 2180 1898 2259; baseline -0.002 -17"><span class='ocrx_word' id='word_1_164' title='bbox 286 2191 337 2242; x_wconf 74' lang='grc'><em>2.</em></span> <span class='ocrx_word' id='word_1_165' title='bbox 387 2184 460 2251; x_wconf 80' lang='grc' dir='ltr'><em>ὡς</em></span> <span class='ocrx_word' id='word_1_166' title='bbox 492 2186 553 2242; x_wconf 77' lang='grc' dir='ltr'><em>δὲ</em></span> <span class='ocrx_word' id='word_1_167' title='bbox 583 2183 873 2257; x_wconf 82' lang='grc' dir='ltr'><em>προϊόντος</em></span> <span class='ocrx_word' id='word_1_168' title='bbox 904 2187 1006 2258; x_wconf 74' lang='grc' dir='ltr'><em>μὲν</em></span> <span class='ocrx_word' id='word_1_169' title='bbox 1035 2189 1131 2243; x_wconf 86' lang='grc' dir='ltr'><em>τοῦ</em></span> <span class='ocrx_word' id='word_1_170' title='bbox 1162 2182 1384 2259; x_wconf 85' lang='grc' dir='ltr'><em>χρόνου,</em></span> <span class='ocrx_word' id='word_1_171' title='bbox 1421 2182 1667 2256; x_wconf 78' lang='grc' dir='ltr'><em>ἐξιτήλου</em></span> <span class='ocrx_word' id='word_1_172' title='bbox 1699 2180 1751 2239; x_wconf 83' lang='grc' dir='ltr'><em>δ’</em></span> <span class='ocrx_word' id='word_1_173' title='bbox 1788 2181 1898 2239; x_wconf 84' lang='grc' dir='ltr'><em>ὑπὸ</em></span> 
     </span>
     <span class='ocr_line' id='line_1_25' title="bbox 284 2265 1900 2342; baseline -0.002 -15"><span class='ocrx_word' id='word_1_174' title='bbox 284 2276 596 2342; x_wconf 82' lang='grc' dir='ltr'><em>συνηθείας</em></span> <span class='ocrx_word' id='word_1_175' title='bbox 626 2267 797 2342; x_wconf 76' lang='grc' dir='ltr'><em>οὔσης</em></span> <span class='ocrx_word' id='word_1_176' title='bbox 829 2269 1015 2328; x_wconf 73' lang='grc' dir='ltr'><em>αὐτῶν</em></span> <span class='ocrx_word' id='word_1_177' title='bbox 1043 2274 1139 2342; x_wconf 85' lang='grc' dir='ltr'><em>τῆς</em></span> <span class='ocrx_word' id='word_1_178' title='bbox 1173 2271 1389 2341; x_wconf 81' lang='grc' dir='ltr'><em>ἐποχῆς,</em></span> <span class='ocrx_word' id='word_1_179' title='bbox 1434 2265 1603 2324; x_wconf 76' lang='grc' dir='ltr'><em>οὐδὲν</em></span> <span class='ocrx_word' id='word_1_180' title='bbox 1632 2267 1734 2340; x_wconf 77' lang='grc' dir='ltr'><em>μὲν</em></span> <span class='ocrx_word' id='word_1_181' title='bbox 1763 2267 1900 2324; x_wconf 80' lang='grc' dir='ltr'><em>κατὰ</em></span> 
     </span>
     <span class='ocr_line' id='line_1_26' title="bbox 290 2349 1961 2429; baseline -0.001 -19"><span class='ocrx_word' id='word_1_182' title='bbox 290 2353 356 2410; x_wconf 79' lang='grc' dir='ltr'><em>τὰ</em></span> <span class='ocrx_word' id='word_1_183' title='bbox 397 2352 535 2411; x_wconf 79' lang='grc' dir='ltr'><em>αὐτὰ</em></span> <span class='ocrx_word' id='word_1_184' title='bbox 577 2357 754 2429; x_wconf 78' lang='grc' dir='ltr'><em>ἑαυτῷ</em></span> <span class='ocrx_word' id='word_1_185' title='bbox 798 2353 966 2427; x_wconf 85' lang='grc' dir='ltr'><em>ἐνόει,</em></span> <span class='ocrx_word' id='word_1_186' title='bbox 1007 2353 1042 2426; x_wconf 76' lang='grc' dir='ltr'>ἦ</span> <span class='ocrx_word' id='word_1_187' title='bbox 1085 2354 1146 2410; x_wconf 73' lang='grc' dir='ltr'><em>δὲ</em></span> <span class='ocrx_word' id='word_1_188' title='bbox 1185 2357 1296 2410; x_wconf 78' lang='grc' dir='ltr'><em>τῶν</em></span> <span class='ocrx_word' id='word_1_189' title='bbox 1338 2351 1685 2425; x_wconf 85' lang='grc' dir='ltr'><em>παθηματων</em></span> <span class='ocrx_word' id='word_1_190' title='bbox 1726 2349 1897 2408; x_wconf 82' lang='grc' dir='ltr'><em>αὐτὸν</em></span> <span class='ocrx_word' id='word_1_191' title='bbox 1919 2375 1961 2409; x_wconf 85' lang='lat'><em>25</em></span> 
     </span>
     <span class='ocr_line' id='line_1_27' title="bbox 291 2432 1894 2512; baseline -0.002 -18"><span class='ocrx_word' id='word_1_192' title='bbox 291 2437 631 2510; x_wconf 86' lang='grc' dir='ltr'><em>ἀνέστρεφεν</em></span> <span class='ocrx_word' id='word_1_193' title='bbox 674 2436 926 2512; x_wconf 85' lang='grc' dir='ltr'><em>έναργεια</em></span> <span class='ocrx_word' id='word_1_194' title='bbox 956 2461 1014 2494; x_wconf 90' lang='grc' dir='ltr'><em>τε</em></span> <span class='ocrx_word' id='word_1_195' title='bbox 1045 2439 1136 2494; x_wconf 84' lang='grc' dir='ltr'><em>καὶ</em></span> <span class='ocrx_word' id='word_1_196' title='bbox 1167 2436 1444 2510; x_wconf 85' lang='grc' dir='ltr'><em>ὁμολογία.</em></span> <span class='ocrx_word' id='word_1_197' title='bbox 1520 2433 1732 2505; x_wconf 84' lang='grc' dir='ltr'><em>πολλὴν</em></span> <span class='ocrx_word' id='word_1_198' title='bbox 1772 2432 1894 2506; x_wconf 88' lang='grc' dir='ltr'><em>δῆτ’</em></span> 
     </span>
     <span class='ocr_line' id='line_1_28' title="bbox 294 2517 1893 2595; baseline -0.001 -17"><span class='ocrx_word' id='word_1_199' title='bbox 294 2529 434 2595; x_wconf 81' lang='grc' dir='ltr'><em>ἔχων</em></span> <span class='ocrx_word' id='word_1_200' title='bbox 483 2519 591 2593; x_wconf 79' lang='grc' dir='ltr'><em>ἤδη</em></span> <span class='ocrx_word' id='word_1_201' title='bbox 630 2521 731 2593; x_wconf 83' lang='grc' dir='ltr'><em>τὴν</em></span> <span class='ocrx_word' id='word_1_202' title='bbox 783 2527 1106 2595; x_wconf 80' lang='grc' dir='ltr'><em>διαίσθησιν</em></span> <span class='ocrx_word' id='word_1_203' title='bbox 1145 2520 1586 2594; x_wconf 77' lang='grc' dir='ltr'><em>ὑπερεπεθύμει,</em></span> <span class='ocrx_word' id='word_1_204' title='bbox 1636 2520 1698 2576; x_wconf 84' lang='grc' dir='ltr'><em>εὐ</em></span> <span class='ocrx_word' id='word_1_205' title='bbox 1741 2517 1893 2576; x_wconf 80' lang='grc' dir='ltr'><em>οἷσθ’</em></span> 
     </span>
     <span class='ocr_line' id='line_1_29' title="bbox 290 2604 1898 2679; baseline -0.004 -16"><span class='ocrx_word' id='word_1_206' title='bbox 290 2630 393 2677; x_wconf 91' lang='grc' dir='ltr'><em>οτι,</em></span> <span class='ocrx_word' id='word_1_207' title='bbox 424 2629 536 2662; x_wconf 93' lang='grc' dir='ltr'><em>των</em></span> <span class='ocrx_word' id='word_1_208' title='bbox 569 2604 900 2677; x_wconf 82' lang='grc' dir='ltr'><em>ἐλεγξόντων</em></span> <span class='ocrx_word' id='word_1_209' title='bbox 923 2620 1132 2679; x_wconf 83' lang='grc' dir='ltr'><em>τυχεῖν,</em></span> <span class='ocrx_word' id='word_1_210' title='bbox 1162 2610 1256 2663; x_wconf 92' lang='grc' dir='ltr'><em>ίνα</em></span> <span class='ocrx_word' id='word_1_211' title='bbox 1279 2604 1352 2678; x_wconf 86' lang='grc' dir='ltr'><em>μὴ</em></span> <span class='ocrx_word' id='word_1_212' title='bbox 1386 2604 1563 2662; x_wconf 85' lang='grc' dir='ltr'><em>ἐδόκει</em></span> <span class='ocrx_word' id='word_1_213' title='bbox 1585 2626 1720 2676; x_wconf 88' lang='grc' dir='ltr'><em>μετα</em></span> <span class='ocrx_word' id='word_1_214' title='bbox 1748 2625 1898 2658; x_wconf 86' lang='grc' dir='ltr'><em>νωτα</em></span> 
     </span>
     <span class='ocr_line' id='line_1_30' title="bbox 294 2687 1907 2762; baseline -0.003 -16"><span class='ocrx_word' id='word_1_215' title='bbox 294 2688 483 2761; x_wconf 80' lang='grc' dir='ltr'><em>βαλῶν</em></span> <span class='ocrx_word' id='word_1_216' title='bbox 514 2687 676 2754; x_wconf 84' lang='grc' dir='ltr'><em>αὐτὸς</em></span> <span class='ocrx_word' id='word_1_217' title='bbox 707 2690 851 2747; x_wconf 72' lang='grc' dir='ltr'><em>ἑκτὸν</em></span> <span class='ocrx_word' id='word_1_218' title='bbox 881 2689 1127 2762; x_wconf 74' lang='grc' dir='ltr'><em>φεύγεινῖ</em></span> <span class='ocrx_word' id='word_1_219' title='bbox 1198 2694 1244 2746; x_wconf 82' lang='lat'><em>3.</em></span> <span class='ocrx_word' id='word_1_220' title='bbox 1295 2695 1546 2754; x_wconf 91' lang='grc' dir='ltr'><em>Φίλωνος</em></span> <span class='ocrx_word' id='word_1_221' title='bbox 1594 2688 1653 2743; x_wconf 79' lang='grc' dir='ltr'><em>δὲ</em></span> <span class='ocrx_word' id='word_1_222' title='bbox 1686 2691 1907 2758; x_wconf 76' lang='grc' dir='ltr'><em>γίνεται</em></span> 
     </span>
     <span class='ocr_line' id='line_1_31' title="bbox 294 2770 1963 2847; baseline -0.003 -17"><span class='ocrx_word' id='word_1_223' title='bbox 294 2772 564 2845; x_wconf 79' lang='grc' dir='ltr'><em>ἀκουστὴς</em></span> <span class='ocrx_word' id='word_1_224' title='bbox 592 2770 883 2846; x_wconf 79' lang='grc' dir='ltr'><em>Ἀντίοχος,</em></span> <span class='ocrx_word' id='word_1_225' title='bbox 915 2776 1101 2847; x_wconf 80' lang='grc' dir='ltr'><em>ἑτέρας</em></span> <span class='ocrx_word' id='word_1_226' title='bbox 1131 2771 1298 2846; x_wconf 74' lang='grc' dir='ltr'><em>ἄρξας</em></span> <span class='ocrx_word' id='word_1_227' title='bbox 1321 2771 1672 2844; x_wconf 86' lang='grc' dir='ltr'><em>Ἀκαδημίας.</em></span> <span class='ocrx_word' id='word_1_228' title='bbox 1735 2778 1894 2842; x_wconf 88' lang='grc' dir='ltr'><em>Μνη-</em></span> <span class='ocrx_word' id='word_1_229' title='bbox 1920 2792 1963 2825; x_wconf 84' lang='lat'><em>30</em></span> 
     </span>
     <span class='ocr_line' id='line_1_32' title="bbox 244 2855 1899 2935; baseline -0.002 -22"><span class='ocrx_word' id='word_1_230' title='bbox 244 2881 271 2913; x_wconf 79' lang='lat' dir='ltr'><strong>d</strong></span> <span class='ocrx_word' id='word_1_231' title='bbox 296 2857 481 2935; x_wconf 77' lang='grc' dir='ltr'><em>σάρχω</em></span> <span class='ocrx_word' id='word_1_232' title='bbox 521 2860 661 2930; x_wconf 81' lang='grc' dir='ltr'><em>γοῦν</em></span> <span class='ocrx_word' id='word_1_233' title='bbox 701 2860 779 2934; x_wconf 74' lang='grc' dir='ltr'><em>τῷ</em></span> <span class='ocrx_word' id='word_1_234' title='bbox 828 2861 1051 2934; x_wconf 76' lang='grc' dir='ltr'><em>Στωϊκῷ</em></span> <span class='ocrx_word' id='word_1_235' title='bbox 1103 2855 1372 2930; x_wconf 76' lang='grc' dir='ltr'><em>σχολάσας</em></span> <span class='ocrx_word' id='word_1_236' title='bbox 1422 2859 1645 2912; x_wconf 84' lang='grc' dir='ltr'><em>ἐναντία</em></span> <span class='ocrx_word' id='word_1_237' title='bbox 1687 2860 1899 2911; x_wconf 89' lang='grc' dir='ltr'><em>Φίλωνι</em></span> 
     </span>
    </p>
   </div>
  </div>
 </body>
</html>
