2014 3146
634 118 844 161 PRAEP.
874 117 1094 161 EVANG.
1124 119 1228 160 ΧΠ.
1268 120 1306 158 ε.
1693 117 1758 168 87

1744 237 1757 257 .

1656 233 1668 252 7

144 233 358 293 τούτων
397 233 463 291 τά
504 239 922 308 παραδείγματα
961 240 1237 308 γίγνεται,
1290 237 1381 292 καὶ
1422 225 1572 291 οὗτοι
1604 258 1762 291 αυτοι

147 319 251 392 μὲν
273 317 456 376 οὐκέτι
486 317 771 376 ὀνίνανται
801 316 987 390 οὐδὲν,
1020 316 1114 375 ἅτε
1144 317 1359 377 ἀνίατοι
1390 316 1571 392 ὄντες,
1605 316 1759 376 ἄλλοι

151 404 210 460 δὲ
252 402 539 465 ὀνίνανται
582 407 639 460 οἱ
673 402 902 469 τούτους
942 401 1181 476 ὁρῶντες
1222 401 1312 460 διά
1354 402 1449 470 τὰς
1491 399 1759 477 ἁμαρτίας

144 487 210 544 τὰ
249 490 480 561 μέγιστα
522 489 614 544 καὶ
654 486 1035 561 ὀδυνηρότατα
1075 490 1166 544 καὶ
1201 486 1561 562 φοβερώτατα
1601 487 1756 560 πάθη
1785 510 1870 556 [340]

102 570 458 646 επάσχοντας
496 572 595 629 τὸν
634 569 721 628 άεὶ
770 571 999 645 χρόνον,
1051 570 1291 645 ἀτεχνῶς
1340 578 1759 645 παραδείγματα

145 653 559 729 ἀνηρτημένους
615 653 731 713 ἐκεῖ
786 653 845 712 ἐν
884 655 1078 713 ’Ἄιδου
1139 655 1200 713 ἐν
1251 660 1326 732 τῷ
1379 661 1757 733 δεσμωτηρίῳ,

145 755 258 807 τοῖς
289 739 373 797 ἀεὶ
405 743 518 797 τῶν
541 739 754 797 άδίκων
776 738 1205 812 ἀφικνουμένοις
1227 739 1479 812 θεάματα
1502 742 1593 796 καὶ
1625 764 1760 798 νου-

144 823 441 897 θετήματα.
521 828 600 881 12.
636 816 714 881 ῶν
747 847 854 895 εγω
885 848 1027 896 φημι
1059 826 1157 881 ἕνα
1198 826 1290 880 καὶ
1315 822 1610 924 Ἀρχέλαον
1643 830 1758 881 ἔσε-

145 918 311 980 σθαι,
345 914 395 965 εί
423 904 609 980 άληθῆ
638 911 785 980 λέγει
813 911 1029 980 Πῶλος,
1061 910 1152 964 καὶ
1185 905 1346 974 άλλος
1367 906 1517 974 ὅστις
1548 904 1617 965 άν
1646 932 1760 965 τοι-

83 1017 122 1048 10
145 995 304 1058 οὗτος
342 990 611 1066 τύραννος
641 993 691 1067 ᾑ
766 992 916 1065 οἶμαι
960 993 1020 1049 δε
1050 994 1143 1049 καὶ
1176 1016 1307 1058 τους
1346 991 1583 1059 πολλοὺς
1617 993 1760 1049 εἶναι
1786 1007 1871 1047 (579)

144 1076 356 1134 τούτων
393 1081 505 1135 τῶν
543 1075 1009 1151 παραδειγμάτων
1050 1079 1110 1134 ἐκ
1154 1076 1448 1151 τυράννων
1478 1079 1569 1133 καὶ
1601 1083 1762 1148 βασι-

146 1167 288 1218 λέων
328 1163 420 1218 καὶ
465 1164 758 1218 δυναστῶν
797 1163 890 1218 καὶ
927 1159 993 1218 τά
1032 1165 1144 1219 τῶν
1184 1160 1402 1220 πόλεων
1431 1160 1761 1236 πραξάντων

145 1244 465 1318 γεγονότας·
519 1237 668 1303 οὗτοι
714 1238 819 1319 γάρ
852 1244 943 1302 διὰ
973 1243 1075 1318 τὴν
1117 1249 1372 1313 ἐξουσίαν
1410 1250 1640 1319 μέγιστα
1670 1248 1762 1302 καὶ

145 1326 487 1386 ἀνοσιώτατα
526 1328 886 1404 ἁμαρτήματα
926 1325 1319 1403 ἁμαρτάνουσι.
1382 1334 1460 1386 13.
1494 1343 1766 1404 μαρτυρεῖ

82 1437 123 1469 15
150 1415 209 1470 δὲ
238 1411 450 1480 τούτοις
492 1416 583 1470 καὶ
600 1411 850 1487 Ὅμηρος.
922 1417 1183 1486 βασιλέας
1223 1413 1328 1486 γὰρ
1359 1415 1451 1470 καὶ
1484 1412 1761 1480 δυνάστας

148 1502 357 1564 ἐκεῖνος
381 1504 648 1570 πεποίηκε
670 1498 797 1566 τοὺς
823 1501 882 1554 έν
899 1495 1094 1555 Ἀιδου
1124 1497 1220 1555 τὸν
1250 1496 1337 1554 αεὶ
1361 1496 1563 1571 χρόνον
1592 1522 1763 1571 τιμω-

147 1584 472 1655 ρουμένους,
512 1581 796 1640 Τάνταλον
826 1584 918 1639 καὶ
945 1589 1202 1655 Σίσυφον
1234 1584 1326 1639 καὶ
1358 1581 1572 1640 Τιτυόν.
1620 1591 1762 1655 Θερ-

147 1672 308 1739 σίτην
341 1667 430 1738 δε,
471 1669 565 1723 καὶ
598 1675 652 1724 εἴ
686 1691 767 1733 τις
798 1664 961 1734 άλλος
993 1665 1232 1740 πονηρὸς
1263 1659 1334 1738 ἦν
1378 1665 1627 1739 ἰδιώτης,
1669 1690 1760 1723 ου-

149 1753 262 1817 δεὶς
312 1757 576 1823 πεποίηκε
628 1750 890 1825 μεγάλαις
941 1758 1226 1824 τιμωρίαις
1267 1750 1643 1824 συνεχόμενον
1689 1746 1761 1816 ῶς

81 1857 124 1890 20
148 1831 399 1892 ἀνίατον
456 1833 536 1936 οὕς
553 1834 687 1937 γὰρ,
730 1837 908 1910 οἶμαι,
953 1838 1080 1908 ἐξῆν
1112 1834 1287 1892 αὐτῶ·
1332 1835 1418 1893 διὸ
1448 1837 1541 1892 καὶ
1573 1832 1762 1892 εὐδαι-
1787 1843 1809 1875 b

146 1922 471 1992 μονέστερος
501 1911 570 1992 ἦν
611 1944 646 1991 η
679 1927 760 1986 οἱς
796 1923 938 1993 ἐξῆν.
1004 1924 1082 1977 14.
1117 1917 1257 1977 ἀλλὰ
1296 1944 1431 1993 γαρ,
1476 1911 1520 1976 ῶ
1550 1925 1762 1976 Καλλί-

147 2011 313 2076 κλεις,
348 2007 408 2061 ἐκ
437 2006 548 2061 τῶν
580 2007 912 2078 δυναμένων
944 2005 1050 2062 εἰσὶ
1075 2006 1166 2062 καὶ
1195 2028 1247 2061 οι
1278 2003 1498 2078 σφόδρα
1526 2005 1759 2077 πονηροὶ

145 2087 464 2160 γιγνόμενοι
494 2086 812 2161 άνθρωποι·
863 2085 995 2147 ουδε
1031 2088 1142 2162 μὴν
1173 2088 1375 2145 κωλύει
1416 2091 1508 2144 καὶ
1540 2091 1600 2144 ἐν
1630 2085 1763 2144 τού-

146 2196 259 2238 τοις
299 2171 551 2244 ἆγαθούς
590 2170 798 2246 άνδρας
852 2178 1235 2245 ἐγγίγνεσθαι·
1297 2174 1389 2228 καὶ
1440 2170 1658 2243 σφόδρα
1697 2193 1762 2243 γε

84 2279 126 2310 25
150 2254 304 2324 ἄξιον
355 2254 600 2328 ἄγασθαι
638 2261 750 2314 τῶν
801 2258 1163 2329 γιγνομένων.
1245 2253 1484 2328 χαλεπὸν
1528 2279 1663 2328 γαρ,
1718 2246 1765 2310 ῶ

150 2345 507 2412 Καλλίκλεις,
552 2342 644 2396 καὶ
695 2344 902 2396 πολλοῦ
945 2344 1176 2397 ἐπαίνου
1216 2337 1396 2412 άξιον,
1450 2343 1510 2396 έν
1549 2337 1763 2412 μεγάλῃ

152 2426 372 2498 ἐξουσία
413 2422 713 2496 γενόμενον
755 2428 854 2481 τοῦ
899 2422 1116 2482 ἀδικεῖν
1157 2430 1384 2490 δικαίως
1436 2427 1757 2496 διαβιῶναι·

149 2504 326 2579 ὀλίγοι
353 2508 413 2563 δὲ
443 2516 727 2583 γίγνογται
757 2513 815 2564 oc
842 2511 1106 2566 τοιοῦτοι·
1157 2510 1272 2565 ἐπεὶ
1306 2510 1398 2565 καὶ
1432 2506 1638 2565 ἐνθάδε
1669 2509 1760 2564 καὶ

150 2589 350 2649 ἄλλοθι
380 2591 706 2664 γεγόνασιν,
738 2591 888 2665 οἶμαι
921 2594 982 2650 δὲ
1007 2600 1223 2650 ἔσονται
1247 2594 1338 2649 καὶ
1369 2590 1525 2649 ἄλλοι
1556 2590 1760 2663 ἀγαθοὶ-

87 2699 130 2731 30
151 2673 356 2747 ταύτην
385 2675 487 2748 τὴν
518 2674 720 2750 άρετήν
749 2681 846 2735 τοῦ
881 2682 1108 2743 δικαίως
1134 2682 1482 2750 διαχειρίζειν
1512 2672 1546 2731 ὁὶ
1577 2673 1647 2732 ἄν
1676 2698 1758 2742 τις
1783 2707 1801 2728 c

154 2762 431 2832 ἐπιτρέπῃ.
496 2766 576 2818 15.
613 2758 689 2826 εἷς
721 2761 782 2817 δὲ
812 2763 904 2818 καὶ
943 2760 1092 2819 πάνυ
1134 2759 1416 2833 ἐλλόγιμος
1447 2762 1640 2832 γέγονε
1670 2762 1761 2814 καὶ

155 2848 234 2908 εἰς
265 2842 392 2911 τούς
423 2843 934 2918 ἅλλουςἽῧλληνας,
975 2845 1313 2919 Ἀριστείδης
1354 2839 1382 2900 ὁ
1415 2841 1758 2916 Λυσιμάχου.
