2014 3146
253 111 361 181 ‘322
940 126 1186 167 EUSEBII

212 267 235 299 d
385 254 547 305 XXIV.
586 241 756 308 “Πῶς
797 240 982 299 αὐτῶν
1022 239 1393 314 άνασχῶμεθα
1432 242 1641 320 τυχηρὰ
1672 242 1865 318 λεγόν-

258 352 369 385 των
411 328 554 384 εἶναι
594 324 970 399 συμπτώματα
1009 325 1074 382 τὰ
1116 325 1262 400 σοφὰ
1303 329 1391 383 καὶ
1449 326 1540 384 διὰ
1590 334 1750 387 τοῦτο
1801 327 1865 385 τὰ

259 409 397 469 καλά
431 409 909 484 δημιουργήματα,
964 402 1044 468 ῶν
1075 409 1305 469 ἕκαστόν
1334 434 1392 468 τε
1423 411 1553 469 καθ’
1593 414 1755 472 ἑαυτὸ
1780 439 1867 487 γε·

259 495 495 569 νόμενον
535 493 700 568 ῶφθη
740 498 818 552 τῶ
858 493 1221 568 προστάξαντι
1262 499 1528 568 γενέσθαι
1568 498 1737 556 καλὸν
1778 501 1868 556 καὶ

260 575 583 652 συλλήβδην
612 579 812 653 ὁμοίως
843 578 1072 637 ἅπαντα.
1149 582 1240 638 καὶ
1283 581 1398 638 εἶδε
1439 581 1572 654 γὰρ,
1603 584 1807 656 φησὶν,
1837 582 1866 640 ὅ
1911 608 1933 642 5

260 664 391 730 θεὸς
440 666 504 722 τὰ
546 663 726 721 πάντα
776 662 878 721 ὅσα
921 667 1168 738 ἐποίησε,
1227 667 1319 722 καὶ
1371 665 1495 724 ι’δού
1535 666 1674 724 καλὰ
1726 673 1866 724 λίαν.

260 754 309 806 2.
358 746 481 806 ἄλλ’
534 746 672 806 οὐδὲ
711 747 818 806 ἀπὸ
869 752 980 806 τῶν
1019 753 1231 824 μικρῶν
1280 753 1394 809 τῶν
1453 749 1722 823 συνήθων
1780 753 1872 808 καὶ

262 832 410 908 παρὰ
452 833 626 900 πόδας
678 837 1078 891 νουθετοῦνται
1137 834 1628 909 παραδειγμάτων,
1685 838 1736 903 ἐξ
1790 827 1871 892 ῶν

264 916 533 975 δύνανται
563 915 875 991 μανθάνειν
906 916 987 974 ὅτι
1017 923 1277 992 χρειῶδες
1303 921 1405 993 μὲν
1435 922 1524 977 καὶ
1557 918 1691 994 πρὸς
1723 917 1870 992 ῶφέ-
1909 924 1925 986 f

262 1012 417 1060 λειαν
459 1008 623 1075 ἔργον
664 1000 832 1059 οὐδὲν
869 1001 1314 1076 ἀνεπιτηδεύτως
1358 1002 1491 1061 οὐδὲ
1522 1007 1870 1078 συμβατικῶς
1896 1030 1936 1062 10

262 1084 648 1161 ἀπεργάζεται,
689 1083 828 1143 ἀλλὰ
858 1086 1358 1161 χειρουργούμενον
1389 1094 1467 1155 εἰς
1497 1087 1597 1161 τὴν
1628 1091 1874 1163 πρέπου-

264 1190 369 1228 σαν
410 1170 721 1245 ὑπηρεσίαν
760 1179 1156 1244 καταρτίζεται·
1204 1171 1338 1230 ὅταν
1381 1173 1442 1229 δὲ
1484 1179 1561 1239 είς
1599 1170 1874 1246 ἄχρηστον

154 1282 244 1323 (774)
263 1262 571 1330 μεταπίπτῃ
604 1257 693 1312 καὶ
726 1252 1027 1329 άνωφελες,
1057 1255 1178 1314 τότε
1210 1256 1575 1330 διαλυόμενον
1604 1255 1873 1332 ἀορίστως

265 1343 355 1397 καὶ
389 1338 460 1406 ῶς
491 1336 562 1397 ἂν
591 1364 727 1414 τυχῃ
761 1345 1172 1414 διασκίδναται,
1214 1339 1308 1399 άτε
1344 1344 1542 1439 μηκέτι
1571 1365 1873 1443 μεταχειρι-

266 1427 488 1498 ζομένης
527 1426 667 1497 μηδε
709 1424 1101 1498 διαταττούσης
1133 1424 1266 1483 αὐτὸ
1296 1429 1391 1498 τῆς
1423 1432 1651 1500 σοφίας,
1691 1426 1744 1499 ᾖ
1773 1428 1871 1483 τοῦ
1896 1447 1937 1481 15

265 1507 603 1566 συνεστάναι
635 1513 794 1566 τοῦτο
827 1514 1032 1582 ἔμελεν.
1109 1515 1156 1566 3.
1207 1508 1422 1583 ιμάτιόν
1451 1535 1508 1568 τε
1538 1535 1643 1584 γαρ
1674 1509 1740 1567 οὐ
1766 1533 1875 1583 χω-

267 1596 350 1666 ρὶς
382 1597 675 1666 ἱστουργοῦ
703 1597 1121 1667 συνισταμένων
1159 1597 1271 1652 τῶν
1300 1594 1590 1668 στημόνων
1620 1591 1749 1652 οὐδὲ
1779 1597 1876 1666 τῆς

266 1677 464 1750 κρόκης
496 1676 813 1751 αὐτομάτως
843 1682 1365 1752 παρεμπλεκομένης
1388 1678 1778 1753 άνυφαίνεται·
1827 1683 1877 1735 εἰ

271 1762 331 1818 δὲ
371 1768 750 1834 κατατριβείη,
800 1760 865 1818 τά
905 1767 1241 1820 λακισθέντα
1286 1768 1684 1838 διαρριπτεῖται
1715 1760 1870 1836 ῥάκη.

268 1852 414 1903 οἰκία
444 1868 503 1902 τε
532 1843 972 1919 άνοικοδομεῖται
1013 1849 1103 1903 καὶ
1144 1845 1300 1912 πόλις
1331 1843 1398 1903 οὐ
1429 1845 1557 1914 τούς
1587 1849 1689 1920 μέν
1719 1870 1872 1911 τινας
1895 1871 1936 1903 20

271 1932 536 2003 δεχομένη
567 1936 846 2003 θεμελίοις
888 1929 1332 2003 αὐτομολοῦντας
1372 1937 1595 2002 λίθους,
1643 1930 1769 1997 τοὺς
1813 1930 1874 1986 δὲ

267 2012 668 2086 ἀναπηδῶντας
712 2020 788 2080 εἰς
829 2012 923 2081 τὰς
961 2013 1243 2087 ἐπιβολάς,
1288 2012 1424 2072 άλλά
1465 2014 1600 2072 κατὰ
1630 2013 1816 2088 χῶραν
1845 2012 1874 2071 ὁ

268 2096 583 2172 τοιχοδόμος
614 2098 740 2166 τοὺς
774 2096 1036 2166 εὐθέτους
1070 2102 1344 2172 ἐπιφέρει·
1406 2105 1876 2173 καταρριφθείσης

273 2183 351 2255 δὲ,
385 2181 458 2250 ῶς
488 2178 558 2239 ἂν
598 2189 862 2257 παρείκῃ,
907 2186 1260 2256 κατενεχθεὶς
1301 2187 1526 2250 ἕκαστος
1566 2181 1873 2256 άπεσφάλη.

222 2295 245 2327 1,
268 2271 317 2323 4.
366 2269 456 2323 καὶ
489 2271 1028 2340 κατασκευαζομένης
1059 2268 1195 2335 νεῶς
1225 2265 1326 2341 οὐχ
1358 2267 1390 2340 ἡ
1421 2270 1521 2341 μέν
1552 2292 1631 2334 τις
1661 2266 1874 2339 ὑπέβα-
1897 2290 1937 2322 25

271 2358 367 2408 λεν
417 2349 620 2423 ἑαυτὴν
667 2354 884 2425 τροπὶς,
935 2351 964 2409 ὁ
1007 2353 1066 2409 δὲ
1109 2350 1246 2409 κατά
1285 2354 1459 2425 μέσην
1501 2349 1699 2409 ἑαυτὸν
1730 2349 1875 2417 ἱστὸς

273 2432 506 2506 ὤρθωσε
519 2479 534 2506 ,
576 2437 667 2493 καὶ
707 2438 817 2493 τῶν
858 2434 1043 2493 ἄλλων
1081 2439 1313 2493 ἕκαστον
1351 2435 1533 2503 ξύλων
1574 2432 1642 2508 ἣν
1684 2440 1875 2507 ἔτυχεν

274 2522 327 2585 ἐξ
370 2519 570 2575 ἑαυτοῦ
610 2521 773 2576 θέσιν
814 2523 1140 2593 κατέλαβεν·
1187 2517 1319 2577 ουδε
1359 2545 1423 2577 τα
1454 2518 1722 2593 λεγόμενα
1753 2523 1874 2575 ἑκα-

271 2602 367 2658 τὸν
397 2606 491 2674 τῆς
521 2598 725 2675 ἁμάξης
756 2601 891 2670 ξύλα
922 2601 1056 2662 καθ’
1101 2601 1164 2661 ὃν
1197 2627 1325 2707 ευρε
1355 2602 1518 2662 κενὸν
1547 2602 1716 2660 τόπον
1749 2626 1876 2658 εκα-

274 2706 404 2743 στον
434 2686 747 2759 συνεπάγη,
789 2684 907 2744 ἀλλ’
952 2687 980 2745 ὁ
1021 2691 1227 2745 τέκτων
1260 2690 1517 2762 ἑκατέρας
1547 2684 1873 2758 συνεκόμισε
1896 2708 1939 2740 30

1848 2766 1870 2787 Ἃ

275 2777 516 2841 καίριον·
566 2777 615 2827 εἰ
645 2771 704 2827 δὲ
737 2776 1032 2844 διαλυθείη
1063 2768 1096 2844 ἡ
1127 2776 1263 2839 ναῦς
1298 2769 1806 2842 ἐνθαλασσεύουσα,
1839 2795 1871 2842 η

273 2855 551 2927 φερομένη
584 2854 719 2911 κατὰ
749 2858 854 2927 γῆν
886 2853 1083 2928 ἅμαξα,
1114 2855 1221 2929 ὅπη
1251 2855 1390 2929 τύχῃ
1420 2855 1485 2912 τὰ
1521 2854 1652 2923 ξύλα
1685 2852 1749 2911 τὰ
1772 2854 1875 2927 μὲν
