2014 3146
584 149 799 195 PRAEP.
830 149 1051 193 EVANG.
1082 150 1163 191 XI.
1196 151 1262 193 12.
1295 151 1360 192 13.
1689 148 1760 201 29

148 272 366 341 μυρίων
409 270 696 340 διαφορῶν
750 268 810 323 ἐν
861 264 1067 323 πάθεσι
1116 267 1426 338 γινομένων
1475 263 1758 338 ἄθροισμα

149 350 507 410 παντοδαπὸν
550 352 642 407 καὶ
683 348 1066 423 πανηγυρικὸν
1107 351 1469 423 μεμιγμένον·
1526 347 1645 406 ἀλλ’
1695 354 1759 407 ἓν

152 436 294 493 εἶναι
326 441 416 493 δεῖ
438 434 499 492 τὸ
528 431 612 506 ὂν,
646 431 831 505 ὥσπερ
861 431 928 491 ὂν
956 434 1016 491 τὸ
1048 436 1133 491 ἕν·
1181 432 1214 506 ἡ
1249 435 1309 490 δὲ
1340 431 1606 507 ἑτερότης,
1640 439 1757 490 δια-

148 519 294 594 φορὰ
323 523 421 577 τοῦ
451 518 628 591 ὄντος,
662 525 739 585 εἰς
770 521 990 591 γένεσιν
1022 521 1294 586 ἐξίσταται
1323 524 1421 575 τοῦ
1450 515 1524 591 μὴ
1548 514 1753 586 ὅντος.”

104 628 127 661 5
276 614 379 663 XII.
424 605 676 669 Μωσέως
716 606 809 659 καὶ
847 607 962 660 τῶν
992 599 1123 677 παρ’
1149 601 1423 676 Ἑβραίοις
1455 605 1757 676 προφητῶν

147 682 411 744 ἁπάντων
447 685 687 761 ἄρρητον
727 686 869 743 εἶναι
907 679 967 743 τὸ
1008 696 1170 743 θεῖον
1211 684 1621 758 διδασκόντων,
1662 687 1754 743 καὶ
1776 705 1869 747 (530)

145 775 242 842 τῆς
281 769 523 845 ἀρρήτου
562 775 933 843 προσηγορίας
962 769 1022 826 τὸ
1054 769 1338 842 σύμβολον
1372 767 1463 825 δια
1492 772 1588 841 τῆς
1619 769 1749 845 παρ’

145 851 331 922 αυτοῖς
354 851 754 927 ανεκφωνήτου
780 852 1129 955 σημειωσεως
1150 849 1600 927 ὑποφαινόντων,
1631 853 1756 910 τού-

142 961 255 1004 τοις
296 940 388 995 καὶ
427 934 478 995 6
487 936 727 996 Πλατων
757 937 1072 1011 συμφώνως
1104 934 1291 1004 αὐτοις
1324 935 1565 1013 ρήμασιν
1597 941 1658 995 ἐν
1688 941 1754 1013 τῇ

60 1046 124 1105 ’,ιο
144 1021 354 1096 μεγαλῃ
379 1021 667 1097 Ἐπιστολῇ
698 1020 791 1080 οἷα
820 1039 994 1095 φησιν
1024 1044 1193 1079 ακουε

270 1111 319 1163 2.
356 1103 584 1213 “Ρητόν
624 1131 731 1179 γαρ
771 1105 1029 1183 οὐδαμῶς
1071 1110 1244 1164 ἐστιν·
1265 1130 1338 1172 ως
1387 1103 1526 1162 ama
1573 1104 1755 1179 μαθή-

144 1214 315 1264 ματα,
357 1188 481 1247 ἀλλ’
518 1193 576 1247 ἐκ
607 1197 812 1263 πολλῆς
843 1197 1144 1256 συνουσίας
1175 1191 1504 1263 γιγνομένης
1535 1193 1662 1265 περὶ
1692 1189 1753 1247 τὸ

144 1277 368 1347 πρᾶγμα
417 1271 550 1332 αὐτὸ
599 1277 692 1331 καὶ
739 1278 836 1332 τοῦ
879 1278 1080 1348 συζῆν,
1135 1277 1423 1347 ἐξαίφνης,
1477 1282 1597 1332 οἱον
1647 1271 1754 1331 απὸ

143 1357 318 1431 πυρὸς
347 1357 698 1431 πηδήσαντος
731 1359 976 1432 ἐξαφθεν
1005 1383 1143 1431 φως,
1175 1360 1244 1432 τῇ
1272 1362 1423 1432 ψυχῇ
1451 1357 1754 1431 γενόμενον

78 1465 120 1498 15
144 1438 276 1499 αὐτὸ
307 1443 469 1499 ἑαυτὸ
499 1440 607 1514 ἤδη
637 1445 842 1540 τρέφει.

269 1528 382 1584 Καὶ
411 1525 539 1584 τόδε
570 1527 631 1583 δε
660 1550 760 1584 του
790 1524 972 1600 φωτὸς
995 1523 1054 1583 τὸ
1080 1524 1431 1599 παραδειγμα
1454 1523 1753 1599 προλαβων

142 1608 304 1677 αλλος
335 1609 609 1682 Ἑβραίων
657 1609 943 1685 προφήτης
991 1612 1337 1683 παρέστησεν
1379 1608 1613 1666 είπων“
1624 1614 1798 1683 εἴση-ιο

142 1693 359 1768 μειωθη
402 1692 483 1768 ἐφ’
517 1694 659 1767 ἡμας
690 1693 749 1752 τὸ
781 1719 903 1768 φως
933 1698 1030 1751 τοῦ
1062 1692 1363 1767 προσώπου
1394 1711 1516 1766 σου,
1546 1691 1734 1796 κύριε.’

142 1780 234 1836 καὶ
265 1776 429 1845 αλλος
459 1775 665 1836 παλιν
669 1775 751 1836 οἐν
781 1803 856 1836 τω
887 1785 1037 1853 φωτί
1061 1797 1164 1836 σου
1194 1776 1450 1851 ὀψόμεθα
1481 1781 1615 1851 φῶς.

79 1886 121 1919 20
269 1875 395 1924 XIII.
424 1865 677 1930 Μωσέως
707 1866 834 1936 περὶ
863 1865 964 1920 τοῦ
992 1886 1106 1939 των
1134 1859 1281 1920 ολων
1307 1866 1450 1920 θεοῦ
1473 1861 1752 1936 φήσαντος

134 1943 342 2005 “unove
364 1945 602 2021 Ἰσραηλ,
634 1946 822 2021 κύριος
854 1943 883 2005 ὁ
907 1946 1039 2014 θεὸς
1062 1971 1239 2019 ημων,
1271 1945 1459 2020 κύριος
1484 1944 1561 2013 εἷς
1586 1944 1749 2019 ἐστί,”
1775 1981 1793 2003 e

143 2031 312 2090 παλιν
355 2027 384 2088 ὁ
426 2030 667 2089 Πλατων
704 2030 882 2089 τούτω
922 2033 1243 2104 συντρέχων
1293 2034 1393 2088 ε’να
1431 2030 1570 2089 θεὸν
1611 2031 1753 2088 εἶναι

144 2138 217 2181 ως
268 2117 361 2172 καὶ
412 2109 653 2208 οὐρανὸν
701 2119 800 2174 ε’να
853 2114 1138 2187 διδασκει,
1192 2116 1306 2171 ωδέ
1344 2136 1420 2186 πη
1467 2116 1645 2186 λέγων
1691 2117 1752 2172 ἐν

155 2205 364 2275 Τιμαίω

81 2303 123 2336 25
262 2281 552 2355 “Πότερον
590 2307 693 2340 ουν
731 2280 917 2356 ὀρθῶς
960 2284 1057 2339 ε’να
1100 2277 1348 2381 ουρανὸν
1381 2280 1751 2384 προσειρήκα-

144 2387 276 2438 μεν,
319 2389 353 2436 η
394 2365 630 2432 πολλοὺς
671 2366 762 2422 καὶ
802 2362 1067 2438 ἀπείρους
1106 2368 1288 2437 λέγειν
1317 2389 1387 2437 ην
1415 2363 1750 2440 ὀρθότερον;

146 2449 275 2520 ἕνα,
327 2457 480 2520 εἰπερ
530 2447 667 2506 κατὰ
716 2446 777 2506 τὸ
819 2447 1167 2523 παράδειγμα
1211 2451 1750 2524 δεδημιουργημένος

145 2537 311 2588 ἔσται.
359 2525 418 2589 τὸ
449 2532 553 2607 γὰρ
585 2535 840 2607 περιέχον
869 2533 1050 2590 πάντα
1072 2530 1248 2591 ὁπόσα
1271 2533 1441 2606 νοητὰ
1465 2538 1591 2611 ζῷα,
1622 2531 1746 2607 μεθ’

145 2617 334 2689 ἑτέρου
366 2615 628 2691 δεύτερον
657 2615 760 2674 οὐκ
790 2614 860 2675 ἄν
888 2640 1021 2676 ποτε
1053 2615 1194 2690 εἰή.”

82 2719 124 2752 ao
270 2704 318 2756 3.
353 2705 537 2773 Δῆλος
570 2706 634 2759 δέ
662 2705 812 2759 ἐστιν
842 2705 940 2759 ἕνα
968 2700 1107 2760 θεὸν
1138 2701 1327 2774 εἰδώς,
1373 2708 1425 2759 εἰ
1451 2703 1543 2758 καὶ
1574 2699 1749 2774 συνή-

284 2839 310 2877 9
340 2833 559 2890 Πλάτων]
590 2839 675 2892 Ep.
712 2842 749 2881 7.
782 2853 823 2892 p.
857 2841 954 2881 341.

256 2895 311 2932 24
346 2894 547 2948 Τιμαίῳ]
581 2909 622 2947 p.
655 2897 705 2936 31
719 2908 759 2939 a.
