2014 3146
557 119 772 164 PRAEP.
806 120 1028 165 EVANG.
1059 122 1184 162 xm.
1215 123 1254 162 3.
1277 123 1317 164 4.
1649 119 1748 172 175

141 233 275 295 οὐδὲ
324 233 452 303 τοῦς
506 238 828 310 θεωμένους
887 239 1199 308 ἐξαπατῶν,
1249 235 1439 309 ἐπειδὴ
1485 234 1543 294 τὸ
1587 246 1749 294 θεῖον

140 320 380 390 ἀψευδὲς
411 324 590 388 καλῶς
614 327 760 394 ἔχειν
785 319 964 378 ἐδόκει
992 323 1081 377 καὶ
1099 319 1374 378 Πλάτωνι.
1430 326 1514 379 46.
1548 324 1748 396 κομιδῇ
1774 335 1794 366 b

141 404 249 479 ἄρα
278 401 306 462 ὁ
337 403 469 472 θεὸς
501 404 660 478 λόγος
691 401 900 473 ἁπλοῦς
933 402 1015 463 ὢν
1045 408 1135 462 καὶ
1177 402 1392 478 ἀληθὴς
1425 411 1486 462 ἔν
1515 430 1574 463 τε
1606 412 1748 482 ἔργῳ

140 493 231 548 καὶ
263 489 436 567 λόγῳ,
482 487 608 548 οῦτε
649 487 813 558 αὐτὸς
850 497 1178 563 μεθίστατο,
1223 488 1353 547 οῦτε
1394 488 1595 558 ἄλλους
1628 493 1751 563 ἐξη-

97 600 118 631 5
141 573 315 632 πάτα.
350 573 478 632 οὕτε
508 574 643 632 κατὰ
675 581 1014 646 φαντασίας,
1046 573 1176 631 οὕτε
1207 599 1342 631 κατα
1374 573 1590 647 λόγους,
1622 573 1750 632 οὔτε

140 683 277 716 κατα
309 666 554 732 σημείων
570 682 807 732 πομπας,
838 658 985 733 [οὔθ’
995 657 1060 732 ]
1034 657 1204 733 ῦπαρ,
1229 655 1355 716 οὐδ’
1381 684 1533 734 οναρ.
1568 682 1749 716 παντα

139 769 245 818 γαρ
274 741 377 801 όσα
408 747 660 815 τοιαῦτα,
701 740 791 800 οἷα
823 747 1061 816 λογικων
1092 747 1286 817 ψυχῶν
1318 742 1534 848 ἰατρὸς,
1572 764 1750 816 σωτη-

141 835 263 901 ρίας
304 831 467 886 ἓνεκα
507 832 605 885 τοῦ
645 826 848 894 παντὸς
897 825 1218 902 ανθρώπων
1262 829 1458 899 γένους
1504 825 1750 900 αληθεὸς,

141 910 265 970 ἀλλ’
291 909 358 970 οῦ
386 911 610 985 δοκήσει
637 911 710 969 δι’
747 913 814 970 οῦ
835 909 1139 986 ανείληφεν
1156 909 1465 985 ἀνθρώπου
1492 918 1750 986 διεπραγ-

79 1023 119 1054 10
141 996 468 1070 ματεύσατο,
500 995 602 1070 τὴν
632 996 768 1071 πρὸς
798 995 894 1054 τὸν
925 993 1099 1055 αὑτοῦ
1130 1000 1337 1068 πατέρα
1360 1003 1556 1070 φιλίαν
1577 1020 1637 1054 τε
1661 1000 1753 1054 καὶ

140 1078 502 1155 ὑποστροφὴν
536 1083 627 1139 δια
657 1085 752 1155 τῆς
784 1084 1222 1155 κατηγγελμένης
1262 1078 1358 1139 υπ’
1409 1079 1580 1139 αὐτοῦ
1616 1092 1752 1139 θεο-

141 1173 383 1239 γνωσίας
407 1189 465 1223 τε
489 1169 579 1223 καὶ
603 1163 850 1239 αληθοῦς
875 1164 1158 1239 εὐσεβείας
1184 1171 1355 1224 πᾶσιν
1380 1162 1511 1240 ἡμῖν
1544 1165 1750 1239 δωροῦ·
1776 1194 1792 1216 e

141 1275 319 1324 μενος.
379 1255 462 1307 47.
497 1253 588 1308 καὶ
619 1249 684 1308 τοὶ
714 1252 815 1324 μὲν
846 1247 1081 1324 ἡμέτερα
1110 1255 1363 1309 τοιαῦτα·
1410 1265 1523 1318 τοῖς
1561 1252 1623 1308 δὲ
1653 1249 1753 1307 ἅλ-

143 1343 250 1403 λως
283 1338 503 1408 λέγουσι
534 1338 956 1409 χαλεπανοῦμέν
979 1360 1036 1392 τε
1059 1338 1148 1392 καὶ
1181 1334 1347 1409 χορὸν
1378 1333 1445 1392 οῦ
1479 1334 1750 1409 δώσομεν,

81 1449 122 1482 15
146 1417 286 1477 οὐδέ
311 1443 374 1493 γε
402 1418 531 1485 τοῦς
565 1418 932 1487 διδασκάλους
977 1420 1209 1494 ἐάσομεν
1241 1422 1330 1478 ἐπὶ
1362 1425 1587 1495 παιδείᾳ
1618 1423 1751 1494 χρῆ-

144 1515 279 1563 σθαι
308 1511 420 1562 τῶν
450 1507 622 1577 νέων,
671 1511 722 1562 εί
764 1508 1064 1577 μέλλουσιν
1093 1504 1227 1578 ἡμῖν
1256 1509 1314 1562 οἱ
1346 1504 1588 1577 φύλακες
1618 1514 1754 1561 θεο-

144 1595 327 1661 σεβεῖς
364 1612 423 1646 τε
463 1591 554 1646 καὶ
595 1600 742 1647 θεῖοι
772 1596 1063 1661 γίνεσθαι,
1105 1588 1177 1657 ὡς
1219 1592 1310 1646 καὶ
1354 1595 1429 1666 τῷ
1461 1588 1753 1666 φιλοσόφῳ

145 1671 340 1748 ἄριστα
372 1679 518 1747 ἔχειν
550 1673 742 1731 ἐδόκει.

271 1770 348 1819 Ν.
381 1755 594 1816 “Afivol
636 1758 741 1831 γὰρ
783 1763 837 1816 οἱ
879 1756 1174 1831 ἅνθρωποι
1213 1756 1550 1868 τυγχάνουσι
1594 1764 1754 1830 νομί-
1779 1779 1801 1811 d

80 1872 121 1904 ρο
146 1849 324 1911 ζοντες
368 1841 465 1900 τὸν
506 1850 619 1901 Δία
659 1846 770 1900 τῶν
801 1847 955 1901 θεῶν
985 1861 1212 1917 αριστον
1252 1845 1343 1900 καὶ
1388 1841 1752 1914 δικαιότατον,

144 1929 237 1984 καὶ
267 1933 463 1984 τοῦτον
492 1923 821 2001 ὁμολογοῦσι
860 1925 957 1985 τὸν
988 1924 1160 1986 αὑτοῦ
1189 1929 1397 2001 πατέρα
1440 1930 1633 1999 δῆσαι,
1672 1925 1755 1983 ότι

144 2011 273 2078 τοὺς
302 2017 442 2077 υιεῖς
474 2014 770 2070 κατέπινεν
800 2009 904 2070 οὐκ
937 2015 996 2070 ἐν
1029 2018 1186 2088 δίκῃ,
1219 2015 1311 2070 καὶ
1344 2011 1558 2070 ἐκεινόν
1587 2035 1651 2083 γε
1683 2004 1754 2067 αὖ
1782 2085 1788 2087 ¹

145 2093 244 2153 τὸν
286 2095 458 2154 αὑτοῦ
499 2101 707 2171 πατέρα
749 2100 995 2170 ἐκτεμεῖν
1027 2095 1105 2154 δι’
1139 2101 1297 2170 ε’τερα
1338 2099 1586 2153 τοιαῦτα
1636 2097 1754 2167 ἐμοι

149 2180 210 2236 δὲ
241 2188 671 2252 χαλεπαίνουσιν
694 2178 777 2238 ὅτι
800 2185 877 2257 τῷ
886 2184 1050 2254 πατρὶ
1076 2183 1426 2253 ἐπεξέρχομαι
1448 2176 1752 2250 ἀδικοῦντι,
1780 2203 1866 2245 (650)

85 2292 126 2325 25
150 2266 241 2320 καὶ
286 2262 459 2331 οῦτως
491 2262 647 2322 αὐτοὶ
693 2264 879 2330 αὑτοῖς
922 2262 988 2321 τὰ
1021 2268 1243 2322 ἐναντία
1273 2266 1496 2336 λέγουσι
1540 2269 1671 2338 περί
1697 2287 1755 2320 τε

149 2350 261 2405 των
290 2353 446 2406 θεῶν
476 2351 566 2405 καὶ
599 2351 724 2418 περὶ
759 2352 904 2422 ἐμοῦ.

277 2437 324 2489 2.
350 2431 482 2507 Αρα
513 2458 602 2505 γε,
648 2457 690 2488 ω
723 2431 1072 2507 Εὐθύφρον,
1115 2429 1267 2490 τοῦτ’
1312 2434 1462 2490 ἐστὶν
1493 2424 1562 2490 οῦ
1592 2435 1755 2489 ἕνεκα

149 2514 252 2589 τὴν
281 2516 505 2591 γραφὴν
541 2516 732 2589 φεύγω
773 2542 855 2574 οτι
893 2542 958 2574 τα
998 2521 1225 2575 τοιαῦτα
1274 2515 1503 2574 ἐπειδαν
1525 2540 1604 2583 τις
1629 2519 1756 2586 περὶ

148 2625 260 2659 των
290 2606 443 2659 θεῶν
474 2603 635 2675 λέγῃ,
670 2605 950 2675 δυσχερως
974 2624 1089 2669 πως
1129 2601 1466 2675 ἀποδέχομαι
1498 2598 1573 2658 δι’
1601 2597 1636 2656 ἃ
1668 2600 1755 2673 δὴ,

88 2710 130 2743 30
155 2681 230 2752 ὧς
261 2692 421 2759 ἔοικε,
456 2685 622 2759 φήσει
653 2692 733 2752 τίς
761 2711 827 2759 με
853 2685 1256 2760 ἐξαμαρτάνειν.
1311 2689 1417 2744 νῦν
1452 2678 1554 2743 οῦν
1587 2691 1635 2742 εί
1663 2686 1755 2741 καὶ

153 2773 239 2828 σοὶ
270 2774 442 2828 ταῦτα
465 2776 731 2828 συνδοκεῖ
757 2774 834 2846 τῷ
866 2771 928 2828 εὐ
961 2770 1130 2829 εἰδότι
1171 2773 1299 2844 περὶ
1328 2795 1440 2828 των
1470 2767 1755 2840 τοιούτων,

268 2896 318 2933 19
351 2862 498 2935 Αῦτοὶ
521 2890 609 2948 γὰρ
634 2892 706 2948 -]
745 2894 878 2935 Plato
900 2896 1099 2948 Eutyph.
1121 2909 1165 2948 p.
1190 2896 1214 2935 5
1238 2898 1349 2936 extr.
