2014 3146
288 116 394 168 354
976 115 1224 156 EUSEBII

290 231 418 291 οὐδ’
464 229 598 288 ὅσον
638 227 1005 304 ἀνθρωπίνου
1048 236 1298 303 τεχνίτου
1345 229 1631 304 δυνάμεως
1660 235 1903 307 μεθέξει,

288 315 511 388 ἄμοιρος
543 311 596 372 δ’
632 313 766 388 ἡμῖν
807 333 985 387 πασης
1027 320 1178 372 ἔσται
1207 317 1502 384 γενέσεως;
1545 312 1678 388 οὒκ,
1712 315 1809 374 ἐάν
1841 341 1903 390 γε

290 402 381 457 καὶ
412 398 550 456 κατὰ
573 399 751 473 βραχὺ
775 406 936 466 θείας
960 405 1138 466 αἰτίας
1165 399 1518 472 ἐπιλογισμὸν
1540 396 1652 457 οἶοί
1668 425 1728 458 τε
1753 403 1902 474 ὦμεν

290 491 503 557 λαβεῖν.
568 489 648 541 13.
682 481 820 540 ἄλλα
844 488 1070 556 ποιῆσαι
1092 508 1194 557 μεν
1220 482 1407 548 ἱκανὸς
1431 485 1523 540 καὶ
1549 489 1900 557 βουληθῆναι

289 568 354 625 τα
385 566 544 640 καλὰ,
577 566 812 643 (ἀγαθὸς
837 566 961 643 γὰρ,
993 565 1192 645 ἀγαθῷ
1216 569 1278 624 δε
1308 564 1496 634 ουδεὶς
1526 566 1742 641 φθόνος
1773 571 1899 646 περὶ
1922 593 1945 625 5

289 651 546 726 οὐδενός)
578 657 811 727 τηρῆσαι
843 654 904 710 δε
938 655 1031 710 καὶ
1070 651 1405 726 διαφυλάξαι
1436 650 1500 710 τὰ
1530 651 1802 754 γενόμενα
1832 678 1899 711 ου

292 737 556 808 δυνατός;
603 741 694 795 καὶ
724 735 835 811 μὴν
866 740 958 794 καὶ
988 762 1040 795 οι
1079 739 1260 795 λοιποὶ
1300 752 1541 810 τεχνῖται
1571 736 1706 812 πρὸς
1736 735 1900 811 ἄμφω

243 859 259 879 c
292 827 489 880 ἱκανοί.
551 821 579 879 ὁ
620 827 759 894 γοῦν
801 820 1088 896 οἰκοδόμος
1125 823 1216 879 καὶ
1247 818 1276 879 ὁ
1318 821 1602 895 ναυπηγὸς
1633 819 1700 880 οὐ
1730 821 1903 895 μόνον

288 907 481 973 καινὰς
521 905 1022 976 κατασκευάζονται
1061 911 1198 974 ναῦς
1239 908 1331 963 καὶ
1371 911 1575 979 οἰκίας,
1629 904 1768 964 ἀλλὰ
1808 909 1901 964 καὶ

285 1005 404 1057 ταῖς
453 987 560 1048 ὑπὸ
611 990 814 1065 χρόνου
868 992 1358 1065 διαφθειρομέναις
1411 994 1591 1048 ἱκανοὶ
1643 999 1897 1065 βοηθεῖν,
1922 1014 1964 1046 ιο

287 1078 445 1149 ἕτερα
509 1080 622 1132 τῶν
682 1080 1085 1149 πεπονημένων
1137 1072 1626 1143 ἀντικαθιστάντες
1678 1073 1898 1142 αὐταῖς·

289 1165 368 1216 14.
404 1158 543 1218 ὥστε
573 1163 665 1217 καὶ
695 1164 773 1236 τῷ
801 1163 918 1236 θεῷ
950 1159 1168 1226 πάντως
1198 1158 1259 1217 τό
1299 1183 1362 1232 γε
1391 1165 1656 1218 τοσοῦτον
1685 1179 1899 1234 συγχω-

287 1247 498 1317 ρητέον.
560 1243 589 1302 ὁ
619 1243 724 1317 γάρ
755 1269 836 1310 τις
868 1243 998 1302 ὅλον
1029 1248 1253 1318 ποιῆσαι
1284 1244 1520 1311 δυνατὸς
1539 1290 1554 1316 ,
1587 1249 1748 1302 τοῦτο
1781 1250 1897 1311 πῶς

284 1327 354 1386 ἂν
386 1333 445 1386 ἐκ
475 1332 676 1403 μέρους
707 1327 981 1396 ἀδύνατος
1014 1339 1098 1402 εἴη
1129 1343 1340 1399 ποιεῖν;
1372 1331 1464 1387 καὶ
1494 1333 1758 1402 γενέσθαι
1788 1335 1897 1386 τοί-

284 1439 391 1472 νυν
429 1438 482 1470 τι
523 1420 614 1471 δεῖ
648 1413 872 1486 καινὸν,
917 1423 1071 1488 εἰπερ
1110 1417 1298 1488 μέλλοι
1336 1438 1417 1480 τις
1457 1412 1596 1482 ὅλως
1648 1414 1893 1487 ποιητὴς,
1920 1432 1962 1466 15

284 1500 375 1555 καὶ
407 1498 466 1555 τὸ
498 1496 668 1556 καλὸν
699 1505 862 1573 ἐργον
891 1498 1027 1573 πρὸς
1072 1497 1220 1556 ἅπαν
1253 1498 1645 1567 διασώζεσθαι
1699 1496 1760 1555 τὸ
1790 1496 1895 1571 γὰρ

286 1576 348 1640 εὖ
391 1582 694 1656 γενόμενον
735 1585 951 1642 ἐθέλειν
993 1582 1148 1642 λύειν
1199 1587 1390 1641 κακοῦ.
1466 1588 1546 1641 15.
1590 1589 1791 1657 μείζων
1833 1583 1894 1639 δε

238 1690 257 1721 α
283 1666 446 1734 ἄλλος
479 1675 556 1734 εἰς
589 1675 868 1740 σωτηρίαν
906 1672 1019 1725 τῶν
1049 1673 1366 1741 γενομένων
1407 1667 1605 1742 δεσμὸς
1645 1665 1748 1724 οὐκ
1780 1673 1894 1725 ἔστι

283 1755 378 1824 τῆς
407 1756 504 1808 τοῦ
535 1758 676 1809 θεοῦ
708 1751 1037 1825 βουλήσεως.
1108 1750 1141 1826 ἢ
1172 1750 1536 1826 ἀνθρωπίνης
1573 1753 1676 1825 μὲν
1719 1771 1894 1808 σπου-

286 1840 383 1908 δῆς
415 1839 506 1892 καὶ
537 1835 854 1908 βουλήσεως
883 1835 1263 1910 μεταλαβόντα
1286 1835 1479 1909 πολλὰ,
1512 1839 1602 1894 καὶ
1630 1842 1768 1908 ἔθνη
1800 1837 1889 1892 καὶ
1915 1853 1957 1886 20

283 1919 470 1986 πόλεις
502 1922 593 1976 καὶ
626 1926 785 1994 ἔργα,
828 1924 981 1994 μένει
1021 1920 1222 1995 χρόνον
1252 1919 1536 1994 ἀμήχανον
1566 1918 1701 1978 ὅσον
1730 1918 1893 1991 γενό-

282 2030 422 2076 μενα
461 2003 646 2077 μηκέτ’
697 2003 854 2071 ὄντος
893 2010 992 2063 τοῦ
1032 2004 1407 2078 θελήσαντος,
1447 2003 1513 2062 τὰ
1555 2005 1616 2062 δὲ
1657 2008 1751 2076 τῆς
1791 2010 1891 2061 τοῦ

286 2096 421 2145 θεοῦ
452 2088 790 2163 μετασχόντα
819 2089 1043 2163 γνώμης
1073 2093 1165 2147 καὶ
1209 2087 1287 2147 δι’
1334 2088 1504 2147 αὐτὸν
1534 2092 1627 2146 καὶ
1656 2085 1755 2144 ὑπ’
1790 2087 1893 2146 αὐ-

281 2177 380 2230 τοῦ
410 2173 708 2247 γενόμενα,
754 2179 926 2232 ταῦτα
970 2177 1030 2232 δὲ
1061 2173 1167 2249 ἄρα
1199 2174 1468 2249 παρόντος
1498 2179 1596 2231 τοῦ
1628 2172 1890 2245 ποιήσαν-

282 2283 370 2323 τος
423 2257 700 2332 οἰχήσεται
753 2261 842 2315 καὶ
885 2258 951 2317 οὐ
1003 2273 1338 2334 παραμενεῖς
1395 2265 1473 2315 16.
1518 2265 1666 2324 τίνος
1711 2263 1889 2323 αἰτίας
1912 2284 1955 2316 25

282 2346 618 2415 βιασαμένης
658 2343 759 2416 τὴν
804 2350 903 2401 τοῦ
942 2348 1086 2402 θεοῦ
1127 2343 1382 2417 γνώμην;
1425 2342 1658 2415 πότερον
1697 2348 1792 2414 τῆς
1835 2345 1888 2409 ἐξ

282 2423 467 2484 αυτῶν
505 2432 616 2484 τῶν
655 2430 973 2502 γενομένων
1025 2427 1299 2502 ἀνάγκης;
1351 2425 1474 2484 ἀλλ’
1531 2424 1672 2498 αὐτή
1711 2451 1774 2498 γε
1813 2430 1890 2502 τῷ

281 2513 588 2582 προσέσθαι
618 2511 678 2568 τὸ
709 2517 1061 2585 κοσμηθῆναι
1089 2512 1191 2586 τὴν
1223 2517 1282 2570 ἐκ
1312 2517 1410 2570 τοῦ
1435 2515 1576 2570 θεοῦ
1604 2529 1888 2583 προσωμο-

168 2619 261 2658 (801)
282 2593 519 2666 λόγησεν
547 2596 731 2666 ἧτταν.
795 2596 915 2654 ἀλλ’
954 2601 1164 2665 ἔξωθέν
1193 2621 1341 2663 τινος
1372 2603 1550 2663 αἰτίας
1580 2618 1888 2666 ανταγωνι-

282 2682 507 2752 ζομένης
548 2703 623 2735 τω
663 2684 810 2756 θεῷ;
852 2679 972 2738 ἀλλ’
1019 2680 1135 2740 οὔτ’
1187 2682 1337 2738 ἐστὶν
1376 2678 1502 2739 οὔτε
1533 2684 1594 2737 ἐν
1623 2675 1704 2743 οἷς
1737 2683 1886 2750 ἔφθη
1908 2701 1951 2734 30

281 2763 556 2836 κρατήσας
597 2766 688 2821 καὶ
730 2764 1008 2838 κοσμήσας
1049 2765 1077 2823 ὁ
1119 2765 1250 2833 θεὸς
1294 2771 1372 2823 ἔτι
1401 2763 1553 2832 ἄξιον
1587 2765 1646 2819 ἐν
1674 2760 1886 2829 τούτοις

279 2845 448 2906 αὐτὸν
480 2852 740 2906 ἐλαττοῦν
769 2873 947 2923 τινος,
983 2860 1124 2923 εἴγε
1154 2849 1227 2924 μὴ
1259 2847 1575 2908 παντάπασι
1605 2844 1886 2904 λανθάνο-
