2014 3146
415 70 420 97 ‘
543 111 755 152 PRAEP.
787 110 1008 152 EVANG.
1031 110 1134 154 XII.
1160 112 1341 152 33-36.
1638 108 1739 160 125

256 237 466 287 XXXIV.
512 222 601 284 'Ev
642 239 762 292 ταῖς
793 233 1126 299 Παροιμίαις
1168 231 1501 299 Σολομῶνος
1544 244 1739 283 συντο-
1761 249 1852 290 (010)

128 336 243 385 μως
273 315 586 384 φερομένου
616 315 714 367 τοῦ
737 308 961 384 “μνήμη
995 316 1229 367 δικαίων
1267 307 1388 384 μετ’
1432 334 1740 383 εγκωμιων,
1758 335 1856 379 [358]

131 394 305 469 όνομα
337 396 397 453 δὲ
427 394 653 467 ἆσεβων
684 392 1047 467 σβέννυται’”
1123 397 1217 452 καὶ
1246 393 1416 453 πάλιν
1447 397 1742 469 εἰρημένου

130 479 263 538 τοῦ
267 478 362 553 ‘wi
381 487 703 582 μακαρίσῃς
728 477 908 555 άνδρα
932 476 1037 554 πρὸ
1061 484 1318 552 τελευτῆς
1342 475 1574 552 αὐτοῦ,”
1610 479 1790 537 ἐπά-ι)

85 589 108 621 5
133 583 338 622 κουσον
376 587 525 632 οπως
564 563 667 637 τὴν
699 563 951 621 διάνοιαν
995 563 1288 638 ἑρμηνεύει
1319 566 1496 637 λέγων
1527 562 1555 621 ὁ
1587 563 1745 622 Πλά-

130 673 244 707 των
268 652 328 707 ἐν
357 653 432 725 τῷ
465 648 683 726 ἑβδόμῳ
715 651 827 709 τῶν
865 647 1094 722 Νόμων·

258 738 306 790 2.
350 707 523 791 “51⁷03v
562 736 805 791 πολιτῶν
844 730 1037 791 ὁπόσοι
1077 735 1230 800 τέλος
1272 739 1448 806 ἔχοιεν
1486 737 1583 790 τοῦ
1615 739 1744 805 βίου

132 815 270 874 κατὰ
300 814 526 891 σώματα
557 813 591 889 ἢ
623 811 759 874 κατὰ
790 815 969 891 ψυχὰς
1000 823 1134 891 ἔργα
1167 819 1576 891 ἐξειργασμένοι
1607 816 1746 874 καλοὶ

132 903 225 959 καὶ
279 905 514 959 ἐπίπονα
567 903 659 958 καὶ
709 916 823 969 τοῖς
863 900 1052 975 νόμοις
1106 900 1389 967 εὐπειθεῖς
1438 900 1745 974 γεγονότες,

69 1012 110 1044 ιο
136 989 423 1060 ἐγκωμίων
454 984 658 1054 αὐτοὺς
687 985 986 1061 τυγχάνειν
1015 988 1229 1061 πρέπον
1259 982 1329 1043 ἂν
1362 995 1461 1059 εἴη.

191 1145 193 1148 ¹
258 1074 390 1137 Πῶς
422 1069 472 1128 δ’
509 1068 605 1141 οὕς

259 1160 306 1212 3.
348 1154 489 1223 Του’ς
510 1178 574 1228 γε
597 1156 706 1229 μὴν
731 1162 809 1213 ἔτι
834 1161 1039 1224 ζῶντας
1066 1159 1353 1228 ἐγκωμίοις
1369 1179 1428 1212 τε
1445 1157 1536 1212 καὶ
1554 1152 1748 1229 ὕμνοις

132 1242 298 1313 τιμᾶν
338 1238 442 1296 οὐκ
492 1237 764 1313 ἀσφαλὲς,
817 1242 952 1313 πρὶν
1003 1236 1074 1297 ἂν
1115 1237 1331 1296 ἅπαντά
1365 1264 1445 1306 τις
1485 1237 1583 1297 τὸν
1623 1245 1750 1312 βίον

137 1317 462 1398 διαδραμων
484 1326 636 1391 τέλος
664 1323 1019 1398 ἐπιστήσηται
1042 1323 1227 1381 καλόν.
1281 1329 1453 1381 ταῦτα
1478 1325 1538 1381 δε
1569 1323 1750 1382 πάντα

71 1433 112 1466 15
133 1403 267 1481 ἡμῖν
297 1414 436 1465 ἔστω
469 1433 626 1466 κοινα
655 1407 893 1484 ἀνδράσι
924 1433 983 1466 τε
1006 1411 1098 1465 καὶ
1121 1408 1376 1480 γυναιξὶν
1399 1405 1634 1481 άγαθοῖς
1658 1411 1751 1466 καὶ

134 1490 375 1565 ἀγαθαῖς
406 1496 692 1567 διαφανως
723 1492 1075 1566 γενομένοις.
1773 1523 1791 1546 c

268 1589 455 1638 XXXV.
498 1581 758 1635 Πλοῦτον
801 1579 862 1635 δε
893 1580 984 1635 καὶ
1016 1583 1218 1634 πενίαν
1240 1576 1316 1650 μή
1346 1601 1437 1650 μοι
1471 1581 1608 1654 δῷς,
1651 1581 1750 1634 τοῦ

137 1665 468 1734 Σολομῶνος
518 1660 798 1735 φήσαντος
852 1665 912 1719 έν
951 1668 1283 1737 Παροιμίαις
1332 1661 1360 1718 ὁ
1401 1661 1641 1719 Πλάτων
1693 1665 1753 1719 ἐν

139 1743 196 1801 δ’
224 1753 518 1813 Πολιτείας
549 1753 724 1820 φησίν

72 1854 114 1888 20
258 1825 489 1904 ““Ετερα
523 1831 604 1903 δὲ,
637 1855 710 1898 ως
743 1838 905 1903 ἔοικε,
938 1845 1052 1898 τοις
1082 1829 1322 1903 φύλαξιν
1354 1826 1752 1933 εὖρήκαμεν,α

137 1916 304 1971 παντὶ
333 1913 518 1992 τρόπω
559 1916 875 1988 φυλακτέον
905 1938 1054 1982 οπως
1093 1914 1170 1988 μή
1209 1937 1341 1972 ποτε
1376 1913 1579 1981 αὐτοὺς
1610 1913 1752 1988 λήσῃ
1779 1937 1802 1968 d

140 2004 218 2065 εἰς
249 1997 354 2070 τὴν
385 1998 549 2058 πόλιν
581 1998 924 2074 παραδύντα.
997 1998 1063 2057 τὰ
1094 2013 1228 2057 ποῖα
1267 2005 1468 2069 ταῦτα;
1502 1998 1754 2065 Πλοῦτός

137 2105 225 2155 τε,
267 2075 338 2155 ἦν
382 2082 430 2139 δ’
470 2083 606 2156 ἐγω,
649 2087 741 2141 καὶ
780 2091 971 2142 πενία·
1030 2082 1103 2151 ὡς
1141 2087 1242 2141 τοῦ
1281 2085 1384 2156 μὲν
1411 2083 1633 2156 τρυφὴν
1662 2085 1755 2139 καὶ

139 2164 340 2241 ἀργίαν
370 2170 463 2224 καὶ
494 2168 868 2242 νεωτερισμὸν
900 2171 1274 2241 ἐμποιοῦντος,
1306 2170 1402 2239 τῆς
1435 2165 1485 2222 δ’
1523 2165 1756 2223 ἀνελευ-

77 2274 118 2306 25
140 2258 345 2324 θερίαν
375 2254 467 2308 καὶ
497 2259 830 2324 κακοεργίαν
861 2250 997 2325 πρὸς
1026 2254 1105 2327 τῷ
1133 2247 1537 2327 νεωτερισμῷ.”

269 2341 586 2408 Κακοεργία
618 2337 685 2392 δέ
711 2339 825 2392 ἐστι
856 2341 1005 2392 πᾶσα
1037 2338 1230 2408 πρᾶξις
1261 2333 1464 2408 ἄτιμος.

269 2430 478 2479 XXXVI.
537 2418 722 2477 Πάλιν
761 2422 1016 2486 Μωσέως
1058 2422 1117 2476 ἐν
1161 2433 1274 2486 τοις
1314 2418 1502 2492 νόμοις
1550 2416 1756 2491 φάντος

134 2501 398 2570 “ε’καστος
438 2506 647 2577 πατέρα
688 2502 861 2561 αὐτοῦ
903 2505 995 2560 καὶ
1035 2507 1240 2611 μητέρα
1279 2510 1595 2577 φοβείσθω·
1643 2505 1756 2574 καὶ,

143 2593 273 2660 τίμα
302 2585 398 2644 τὸν
430 2591 638 2662 πατέρα
669 2591 774 2645 σοῦ
803 2590 894 2644 καὶ
925 2587 1026 2660 τὴν
1055 2591 1261 2662 μητέρα
1284 2593 1416 2660 σοῦ,
1449 2592 1544 2644 ι’να
1577 2587 1640 2643 εὐ
1671 2605 1758 2644 σοι

258 2795 283 2833 6
314 2793 406 2836 τῶν
428 2788 624 2848 Νόμων]
661 2809 702 2848 p.
728 2797 808 2837 801
834 2800 944 2839 extr.

232 2865 282 2904 18
316 2858 366 2905 ἐν
390 2858 439 2905 δ’
463 2863 734 2918 Πολιτείας]
771 2880 813 2918 p.
837 2868 932 2908 4⁵21.
