2014 3146
120 488 210 528 (521)

232 173 298 224 18
904 172 1153 215 EUSEBII
1535 200 1600 238 ιγ,

228 287 295 346 τὰ
325 286 535 361 φυσικοὶ
567 290 1001 360 ἐπισκέψασθαι,
1044 286 1191 355 ὅπως
1226 290 1356 347 ποτὲ
1387 291 1478 346 καὶ
1510 291 1637 363 περὶ
1666 291 1838 347 ταῦτα

232 373 380 447 εἶχον
403 373 677 447 Ἑβραίων
707 377 935 441 παῖδες;

359 467 454 517 VII.
497 458 608 514 Καὶ
647 455 707 513 τὸ
747 461 935 529 τρίτον
960 456 1036 540 ,δε
1073 452 1235 530 μέρος
1266 460 1360 528 τῆς
1392 455 1520 514 καθ’
1549 455 1839 530 Εβραίους

230 545 830 615 φιλοσοφίας,-τοῦτο
863 538 912 597 δ’
951 532 1021 612 ῆν
1050 539 1110 597 τὸ
1143 540 1411 638 φυσικὸν,
1450 539 1839 614 διαιρούμενον

229 629 323 683 καὶ
367 621 501 699 παρ’
536 623 724 690 αὐτοῖς
766 634 843 692 εἰς
883 647 942 681 τε
971 623 1074 696 τὴν
1103 627 1216 682 τῶν
1244 627 1462 697 νοητῶν
1491 627 1583 681 καὶ
1613 623 1880 698 &ammi-5

229 721 342 767 των
374 712 671 767 ἐποπτείαν
701 711 794 766 καὶ
835 714 911 775 εἰς
951 709 1055 781 τὴν
1093 712 1206 767 τῶν
1246 711 1534 781 αἰσθητῶν
1574 716 1840 781 φυσιολο-

229 799 549 867 piam-*06
585 792 722 850 κατὰ
761 791 940 850 πάντα
980 795 1177 851 τέλειοι
1216 797 1495 867 προφῆται
1533 790 1744 867 ’ᾔδεσάν
1783 816 1842 850 τε

230 881 321 935 καὶ
353 891 466 945 τοῖς
497 883 748 948 οἰκείοις,
781 875 871 934 ὅτε
904 875 972 949 δὴ
1003 877 1190 951 καιρὸς
1222 876 1430 949 ἐκάλει,
1473 883 1843 951 κατεμίγνυον

231 960 443 1034 λόγοις,
504 960 572 1019 οὐ
613 975 940 1035 στοχασμοῖς
980 964 1072 1019 καὶ
1112 965 1324 1034 θνητῆς
1367 966 1614 1027 διανοίας
1656 964 1843 1034 ἐπιτη-

232 1045 421 1103 δεύσει
479 1044 784 1119 μαθόντες,
853 1043 978 1102 οὐδ’
1040 1048 1128 1103 ἐπὶ
1189 1044 1542 1112 διδασκάλοις
1601 1043 1841 1119 ἀνδράσι
1863 1068 1905 1100 10

231 1128 660 1204 σεμνυνόμενοι,
713 1127 1055 1203 θεοφορήσει
1098 1130 1160 1187 δὲ
1200 1136 1510 1203 κρείττονος
1552 1128 1842 1203 δυνάμεως

231 1217 323 1272 καὶ
362 1221 526 1272 θείου
567 1213 879 1287 πνεύματος
932 1217 1190 1289 ἐπιπνοίᾳ
1241 1214 1344 1285 τὴν
1394 1218 1605 1286 γνῶσιν
1651 1211 1843 1270 ἀνατι-

230 1301 442 1366 θέντες.
531 1302 578 1354 2.
622 1304 790 1356 ἔνθεν
828 1304 1001 1372 μυρία
1039 1299 1141 1371 μὲν
1182 1296 1371 1365 αὐτοῖς
1409 1299 1536 1371 περὶ
1567 1301 1681 1354 τῶν
1710 1305 1842 1371 μελ-

231 1382 444 1440 λόντων
481 1384 842 1454 τεθέσπιστο,
885 1388 1059 1456 μυρία
1101 1382 1161 1439 δὲ
1201 1385 1328 1455 περὶ
1367 1385 1460 1455 τῆς
1501 1385 1599 1438 τοῦ
1639 1381 1842 1449 παντὸς

231 1466 546 1534 συστάσεως
577 1465 1045 1539 πεφυσιολόγητο,
1088 1469 1180 1522 καὶ
1211 1459 1283 1522 αὖ
1314 1465 1482 1523 πάλιν
1511 1473 1683 1539 μυρία
1713 1467 1839 1539 περὶ
1865 1486 1905 1518 15

233 1550 386 1628 ζῴων
436 1550 660 1622 φύσεως
707 1555 1017 1622 διείληπτο,
1070 1557 1299 1607 πλεῖστα
1340 1550 1402 1607 δε
1441 1548 1543 1606 ὅσα
1583 1552 1675 1607 καὶ
1714 1551 1841 1624 περὶ

232 1637 427 1708 φυτῶν
473 1648 592 1701 ταις
642 1640 870 1701 οἰκείαις
923 1636 1147 1701 ε’καστος
1199 1641 1562 1709 προφητείαις
1615 1636 1843 1706 κατεβέ-

231 1726 414 1792 βλητο.
505 1723 553 1775 3.
589 1722 801 1790 Μωσῆς
841 1719 902 1775 δὲ
941 1720 1034 1775 καὶ
1075 1724 1257 1776 λίθων
1297 1711 1562 1792 δυνάμεις
1594 1720 1656 1776 εὐ
1695 1713 1841 1791 μάλα

185 1832 200 1853 e
233 1801 647 1875 ἐξεπιστάμενος
697 1801 764 1859 οὐ
804 1806 1093 1910 παρέργως
1135 1805 1223 1860 ἐπὶ
1262 1807 1358 1876 τῆς
1395 1806 1495 1860 τοῦ
1543 1799 1840 1876 αρχιερέως

234 1891 431 1959 στολῆς
475 1891 540 1961 τῇ
583 1885 795 1944 τούτων
836 1891 1065 1962 κέχρητο
1105 1894 1336 1963 θεωρία.
1427 1889 1519 1946 καὶ
1561 1888 1632 1944 αὐ
1673 1885 1841 1944 πάλιν
1862 1910 1903 1941 20
1983 1901 1987 1904 ’

234 1973 533 2043 Σολομῶν,
577 1977 628 2027 εἰ
655 1977 753 2027 καί
783 1994 863 2037 τις
894 1971 1084 2044 άλλος,
1130 1975 1189 2028 ἐν
1219 1977 1284 2046 τῇ
1316 1973 1442 2044 περὶ
1473 1970 1687 2029 τούτων
1719 1975 1850 2050 δια-ἑ

219 2057 802 2138 ,πρέψαιῆφυσιολογία
833 2053 968 2128 πρὸς
998 2059 1096 2128 τῆς
1124 2061 1285 2122 θείας
1315 2069 1674 2130 μαρτυρεῖται
1704 2079 1841 2129 γρα-

233 2142 371 2211 φῆς,
426 2139 536 2195 ῶδε
587 2138 948 2212 περιεχούσης
997 2143 1046 2197 4.
1086 2135 1125 2177 ·“
1142 2141 1234 2195 καὶ
1288 2138 1518 2212 ἐλάλησε
1568 2142 1842 2212 Σολομῶν

232 2231 534 2295 τρισχιλίας
573 2222 922 2297 παραβολὰς,
964 2225 1056 2280 καὶ
1086 2215 1229 2295 ἦσαν
1261 2221 1402 2299 ᾠδαὶ
1433 2222 1606 2280 αὐτοῦ
1636 2245 1842 2280 πεντα-

234 2312 522 2378 κισχίλιαι,
574 2309 666 2363 καὶ
718 2307 948 2380 ἐλάλησε
992 2309 1118 2382 περὶ
1157 2311 1271 2365 τῶν
1321 2306 1530 2379 ξύλων,
1582 2303 1688 2364 άπὸ
1739 2310 1836 2379 τῆς
1860 2328 1903 2360 25
1970 2370 1984 2381 .

2000 2439 2014 2461 ἢ

2010 2473 2014 2517 ἰ

2004 2574 2013 2808 ἱ

2002 2817 2008 2840 τ

2002 2845 2007 2878 1

2002 2898 2005 2919 ψ

234 2393 436 2462 κέδρου
467 2393 561 2462 τῆς
595 2393 655 2446 ἐν
683 2394 760 2466 τῶ
790 2390 1018 2468 Λιβάνῳ
1060 2394 1153 2448 καὶ
1194 2395 1296 2458 ἕως
1324 2394 1420 2464 τῆς
1449 2387 1716 2449 ὖσσῶπου
1745 2394 1841 2462 τῆς

235 2476 673 2547 ἐκπορευομένης
724 2472 816 2530 διὰ
865 2479 964 2531 τοῦ
1012 2482 1212 2547 τοίχου.
1293 2478 1384 2532 καὶ
1439 2474 1668 2547 ἐλάλησε
1713 2477 1842 2547 περὶ

233 2562 345 2615 τῶν
383 2560 602 2629 κτηνῶν
641 2559 733 2614 καὶ
773 2559 899 2631 περὶ
937 2563 1049 2615 τῶν
1098 2561 1368 2615 πετεινῶν
1418 2562 1510 2615 καὶ
1560 2561 1690 2631 περὶ
1727 2560 1841 2614 τῶν

240 2641 469 2714 ἰχθύων.
541 2644 633 2699 καὶ
681 2644 1050 2716 παρεγένοντο
1091 2641 1294 2708 πάντες
1344 2646 1400 2699 oc
1444 2644 1567 2699 λαοὶ
1607 2639 1840 2698 ἀκοῦσαι

235 2729 330 2796 τῆς
371 2733 570 2798 σοφίας
601 2730 990 2800 Σολομῶντος,
1031 2728 1123 2784 καὶ
1158 2725 1454 2800 [ἐλάμβανε
1486 2726 1656 2801 δῶρα]
1691 2723 1839 2799 παρα
1861 2747 1902 2778 30

235 2807 461 2865 πάντων
499 2815 611 2867 τῶν
654 2814 929 2882 βασιλέων
966 2815 1061 2882 τῆς
1108 2814 1236 2883 γῆς,
1296 2810 1416 2868 ὅσοι
1455 2808 1705 2883 ἥκουσαν
1743 2813 1839 2880 τῆς

237 2899 436 2965 σοφίας
477 2891 700 2951 αὐτοῦ.”
779 2900 824 2951 5.
871 2898 1134 2952 ἐντεῦθεν
1177 2893 1493 2969 ὁρμώμενος
1535 2896 1627 2951 καὶ
1666 2892 1706 2950 ὃ.
1737 2892 1838 2964 τὴν
