1964 3140
276 120 339 171 16
942 119 1190 161 EUSEBII

271 233 557 308 ὀνομάτων
587 238 800 300 θέσεως
833 237 1124 306 ἐξαπλοῦν,
1155 236 1492 309 μακροτέρας
1524 240 1722 309 σχολῆς
1755 242 1880 294 δεο-

273 323 457 394 μένων
496 326 608 377 τῶν
649 318 785 376 κατὰ
816 316 914 375 τὸν
942 318 1142 389 τόπον,
1197 323 1281 376 33.
1316 317 1514 376 αὐτίκα
1546 318 1614 393 δὴ
1646 323 1738 378 καὶ
1767 327 1879 378 τῶν

274 404 508 479 πρώτων
558 407 653 475 τῆς
702 406 1079 475 γραμματικῆς
1132 410 1417 476 στοιχείων
1461 402 1720 477 Ἕλληνες
1777 406 1880 478 μὲν

273 487 375 546 οὐκ
405 484 474 545 ἂν
505 494 683 560 ἔχοιεν
713 485 808 553 τας
841 489 1196 559 ἐτυμολογίας
1229 493 1437 560 εἰπεῖν,
1468 486 1590 545 οὐδ’
1628 486 1791 557 αὐτός
1821 487 1875 562 γ’

273 570 342 630 ἂν
372 577 510 644 φαίη
542 570 782 629 Πλάτων
812 570 909 628 τὸν
939 570 1105 644 λόγον
1136 566 1168 644 ἢ
1199 571 1296 629 τὸν
1326 571 1588 645 λογισμὸν
1617 577 1730 631 τῶν
1759 597 1880 647 φω-
1902 598 1923 630 5

272 659 521 728 νηέντων
571 651 605 728 ἢ
656 659 768 712 τῶν
819 654 1153 728 συμφώνων.
1244 660 1327 713 34.
1377 652 1649 731 Ἑβραίων
1709 655 1761 715 δ’
1811 654 1881 715 ἂν

228 768 246 790 c
275 749 484 797 εἴποιεν
514 745 710 806 παῖδες
740 743 839 796 τοῦ
869 762 928 795 τε
955 737 1135 813 ’Ἄλφα
1164 738 1266 812 τὴν
1297 746 1508 813 αἰτίαν,
1550 737 1581 798 ὃ
1611 738 1742 815 παρ’
1778 739 1882 799 αὐ-

272 839 383 890 τοῖς
414 831 660 881 καλεῖται
682 821 854 897 ’Ἀλφ,
886 827 1045 881 τοῦτο
1079 825 1139 880 δὲ
1170 830 1424 897 σημαίνει
1453 823 1728 898 μάθησιν·
1790 827 1882 882 καὶ

272 912 370 965 τοῦ
409 909 587 981 Βῆτα,
639 905 775 982 ὅπερ
815 905 943 980 Βὴθ
981 914 1150 979 φίλον
1192 907 1380 974 αὐτοῖς
1421 907 1879 983 προσαγορεύειν,

275 991 418 1050 οὕτω
463 993 522 1049 δὲ
560 990 659 1050 τὸν
699 991 853 1050 οἶκον
891 990 1278 1065 ὀνομάζουσιν·
1342 989 1480 1050 ὥστε
1532 996 1740 1066 δηλοῦν
1778 991 1880 1065 τὴν
1902 1018 1943 1050 10

275 1075 558 1147 διάνοιαν,
594 1075 837 1150 μάθησις
868 1085 1049 1134 οἴκου·
1112 1071 1242 1134 ὦσεὶ
1274 1078 1615 1151 σαφέστερον
1647 1080 1880 1149 ἐλέγετο,

277 1160 475 1234 διδαχή
526 1185 605 1227 τις
657 1163 746 1217 καὶ
801 1159 1043 1234 μάθησις
1095 1166 1423 1233 οἰκονομίας.
1526 1166 1609 1219 35.
1671 1164 1764 1218 καὶ
1822 1159 1881 1218 τὸ

274 1244 471 1318 Γάμμα
505 1246 565 1301 δὲ
596 1241 727 1317 παρ’
763 1241 949 1310 αὐτοῖς
979 1251 1166 1327 τρίτον
1195 1247 1451 1317 κέκληται
1482 1253 1678 1318 Γῖμελ·
1738 1244 1880 1303 οὕτω

277 1330 338 1386 δὲ
368 1327 469 1401 τὴν
501 1328 787 1402 πλήρωσιν
817 1327 1196 1402 ὀνομάζουσιν.
1261 1328 1357 1386 εἶτ’
1397 1327 1588 1402 ἐπειδὴ
1628 1329 1724 1396 τὰς
1756 1332 1883 1387 δέλ-

272 1438 399 1480 τους
454 1414 613 1470 Δελθ
671 1415 932 1486 καλουσι,
991 1413 1051 1469 τὸ
1102 1414 1362 1485 τέταρτον
1413 1427 1685 1487 στοιχεῖον
1736 1411 1880 1471 οὕτω
1905 1436 1946 1470 15

274 1512 598 1602 προσειπον,
629 1496 767 1570 ὁμοῦ
800 1495 893 1553 δια
921 1520 1034 1552 των
1058 1494 1160 1552 δύο
1197 1503 1483 1569 στοιχείων
1515 1503 1882 1570 σημαίνοντες

276 1605 349 1648 ως
378 1580 462 1638 ὅτι
504 1605 538 1652 η
579 1587 853 1654 ἔγγραφος
895 1578 1135 1652 μάθησις
1177 1579 1457 1654 πλήρωσίς
1500 1585 1612 1638 ε’στι
1654 1584 1878 1639 δέλτων.

229 1679 249 1710 d
275 1670 358 1721 36.
396 1665 564 1721 ἐπιὼν
597 1666 663 1721 δέ
687 1688 769 1730 τις
799 1666 890 1721 καὶ
923 1663 992 1720 τὰ
1019 1663 1183 1720 λοιπα
1211 1667 1306 1736 τῆς
1336 1689 1713 1738 γραμματικης
1737 1683 1879 1722 στοι-

274 1762 414 1822 χεῖα,
445 1747 579 1821 μετά
609 1772 757 1814 τινος
789 1754 965 1815 αἰτίας
997 1750 1088 1805 καὶ
1119 1753 1383 1822 λογισμοῦ
1411 1747 1562 1822 εὕροι
1585 1745 1655 1807 ἂν
1677 1753 1878 1806 ἕκαστα

275 1830 406 1905 παρ’
442 1829 646 1899 αὐτοῖς·
669 1829 1059 1905 ὥνομασμένα,
1105 1834 1223 1890 ἐπεὶ
1255 1835 1346 1890 καὶ
1375 1837 1488 1890 τῶν
1521 1832 1656 1890 ἑπτα
1685 1857 1879 1906 φωνη-
1901 1858 1942 1890 20

277 1920 451 1975 έντων
472 1916 573 1989 τὴν
599 1919 688 1973 ἐπὶ
709 1915 769 1972 τὸ
793 1915 926 1974 αὐτὸ
951 1915 1226 1986 σύνθεσιν
1249 1942 1374 1990 μιας
1397 1941 1543 1984 τινος
1563 1915 1879 2019 ἀπορρήτου

276 2007 645 2074 προσηγορίας
695 2003 970 2074 περιέχειν
1017 2003 1192 2073 φασὶν
1254 2001 1598 2075 ἐκφωνησιν,
1657 1999 1728 2073 ἣν
1787 2001 1880 2058 δια

275 2084 559 2158 τεσσάρων
609 2091 893 2157 στοιχείων
941 2090 1135 2151 παιδες
1167 2083 1441 2159 Εβραίων
1491 2085 1879 2159 σημειούμενοι

279 2172 366 2225 ἐπὶ
389 2176 484 2241 τῆς
516 2166 777 2226 ἀνωτάτω
808 2193 906 2226 του
938 2173 1078 2226 θεοῦ
1112 2169 1398 2242 δυνάμεως
1429 2168 1877 2240 κατατάττουσιν,

276 2251 508 2310 ἅλεκτόν
550 2277 602 2308 τι
643 2267 756 2317 τοῖς
798 2261 1020 2320 πολλοῖς
1059 2256 1150 2310 καὶ
1189 2251 1502 2329 ἀπόρρητον
1541 2250 1692 2310 τοῦτ’
1735 2254 1877 2310 εἶναι
1901 2276 1942 2308 25

277 2349 406 2401 παῖς
437 2333 583 2408 παρὰ
614 2335 817 2407 πατρὸς
849 2336 1148 2408 εἰληφότες.
1226 2343 1309 2396 37.
1343 2340 1435 2395 καὶ
1464 2341 1576 2395 τῶν
1606 2334 1739 2410 παρ’
1758 2334 1878 2395 Ἕλ-

277 2428 401 2492 λησι
446 2420 506 2475 δὲ
548 2422 765 2490 σοφῶν,
809 2418 911 2475 οὐκ
954 2417 1062 2476 οἷδ’
1095 2418 1335 2493 ὁπόθεν,
1379 2447 1459 2489 τις
1489 2426 1648 2479 τοῦτο
1678 2420 1880 2494 μαθων

276 2502 520 2577 ᾐνίξατο,
555 2494 669 2559 ὧδέ
694 2524 769 2574 πη
802 2499 875 2558 δι’
914 2506 1062 2559 ἐπῶν
1091 2502 1274 2574 φήσας

168 2654 256 2694 (520)
418 2633 537 2687 επτά
562 2656 620 2702 με
647 2635 910 2700 φωνήεντα
936 2630 1062 2686 θεὸν
1087 2636 1240 2702 μέγαν
1265 2633 1483 2700 άφθιτον
1509 2638 1644 2686 αἰνεῖ

488 2704 768 2795 γράμματα,
796 2701 880 2756 τὸν
905 2703 1104 2756 πάντων
1131 2704 1388 2770 ἀκάματον
1413 2707 1612 2768 πατέρα.
1899 2733 1942 2766 30

418 2777 514 2861 εἰμὶ
540 2774 586 2826 δ’
616 2772 708 2843 ἐγὼ
731 2773 933 2826 πάντων
960 2778 1098 2858 χέλυς
1122 2774 1352 2841 ἄφθιτος,
1380 2773 1414 2841 ἣ
1438 2797 1497 2826 τα
1523 2773 1721 2842 λυρωδη

487 2841 781 2912 ἡρμοσάμην
809 2848 946 2912 δίνης
971 2839 1221 2911 ουρανίοιο
1247 2847 1380 2912 μέλη.
