2014 3146
653 119 865 161 PRAEP.
896 120 1116 162 EVANG.
1155 120 1256 162 XII.
1288 122 1355 161 52.
1708 119 1808 171 155

317 227 405 292 Ὧι
447 233 516 309 δὴ
557 233 823 308 προσήκει
862 236 964 308 μὲν
1003 234 1264 310 πράττειν
1303 237 1395 293 καὶ
1427 238 1806 309 ἐπιμελεῖσθαι

202 318 578 392 διαφερόντως
607 318 785 391 τινὸς,
830 317 859 376 ὁ
892 320 952 377 δὲ·
982 319 1182 378 τούτου
1211 324 1308 377 τοῦ
1339 323 1534 392 γένους
1564 325 1677 379 τῶν
1705 322 1807 394 μὲν

199 402 454 476 μεγάλων
485 406 845 477 ἐπιμελεῖται,
887 428 999 461 των
1030 423 1276 478 σμικρων
1309 406 1370 462 δε
1400 403 1617 478 ἀμελεῖ·
1670 405 1806 463 κατὰ

198 495 323 545 τίνα
353 512 456 545 ουν
482 491 834 556 ἐπαινοῦντες
856 488 953 545 τὸν
976 493 1225 547 τοιοῦτον
1249 488 1414 561 λόγον
1442 487 1545 547 οὐκ
1575 485 1644 546 ἀν
1669 513 1805 547 παν-

154 593 176 626 5
197 570 400 630 τάπασι
442 580 878 646 πλημμελοῖμεν;
946 577 1238 646 σκοπῶμεν
1290 574 1351 630 δε
1403 565 1526 632 ωδε.
1603 566 1691 647 ἀρ’
1739 571 1803 632 οὗ

197 655 335 714 κατά
378 657 479 715 δύο
521 663 643 731 εἴδη
679 656 740 714 τὸ
769 660 1021 714 τοιοῦτον
1051 656 1277 730 πράττει
1306 656 1335 714 ὁ
1366 657 1651 731 πράττων,
1696 667 1917 719 εἰ’τε(632)

195 739 328 808 θεὸς
360 751 468 799 εἴτε
498 739 827 815 ἀνθρωποςς

321 831 477 883 Ποίω
510 823 585 898 δὴ
616 827 875 898 λέγομεν;

326 914 404 966 10.
436 907 514 967 ”H
551 911 819 983 διαφέρον
857 909 1026 966 οὐδὲν
1068 909 1319 983 οἰόμενος
1370 909 1514 967 εἶναι
1557 933 1632 966 τω
1672 908 1801 987 όλω,

130 1016 171 1047 10
196 991 591 1067 ἀμελουμένων
630 1018 742 1051 των
784 1012 1059 1067 σμικρων,
1105 989 1139 1066 ἢ
1184 999 1436 1071 ῥαθυμια
1477 1001 1570 1051 καὶ
1598 998 1803 1069 τρυφῇ,

197 1083 246 1135 εἰ
278 1081 563 1182 διαφέρει,
595 1077 622 1136 ὁ
656 1079 717 1135 δε
747 1076 964 1152 ἀμελεῖ
1011 1074 1045 1152 ἢ
1078 1085 1229 1136 ε’στιν
1259 1077 1437 1146 ἀλλως
1468 1101 1584 1146 πως
1613 1103 1805 1152 γιγνο-

194 1163 332 1236 μένη
363 1161 615 1235 ἀμέλεια;
663 1161 728 1221 οὐ
759 1161 863 1236 γάρ
895 1185 1032 1235 που,
1064 1161 1197 1220 όταν
1228 1187 1292 1236 γε
1322 1162 1603 1221 ἀδύνατον
1633 1165 1667 1238 ᾗ
1691 1187 1802 1221 των

194 1245 419 1304 πάντων
462 1251 871 1320 ἐπιμελεῖσθαι,
914 1245 1035 1304 τότε
1074 1245 1298 1320 ἀμέλεια
1340 1254 1490 1304 ἔσται
1533 1251 1645 1306 τῶν
1678 1267 1803 1322 σμι-

194 1333 343 1405 κρῶν
383 1329 418 1404 ἢ
458 1330 713 1404 μεγάλων
753 1330 826 1404 μὴ
868 1333 1310 1409 ἐπιμελουμένῳ,
1356 1356 1434 1388 ων
1465 1329 1535 1389 ἀν
1568 1333 1802 1406 δυνάμει

130 1436 170 1468 15
192 1413 323 1482 θεὸς
352 1411 387 1488 ἢ
417 1414 629 1489 φαῦλός
659 1440 739 1482 τις
771 1412 850 1472 ὢν
883 1414 1103 1489 ἐλλιπὴς
1134 1418 1227 1473 καὶ
1251 1414 1325 1490 μὴ
1351 1416 1587 1483 δυνατὸς
1615 1419 1803 1490 ἐπιμε-

192 1506 415 1558 λεῖσθαι
444 1506 712 1574 γίγνηται.

320 1587 452 1650 Πῶς
483 1583 587 1658 γὰρ
618 1582 714 1654 &im

323 1673 404 1726 11.
460 1672 583 1728 Νῦν
625 1667 694 1740 δὴ
737 1666 836 1725 δύο
877 1666 1033 1734 ὄντες
1073 1671 1255 1742 τρισὶν
1295 1665 1428 1742 ἡμῖν
1470 1661 1631 1726 οὖσιν
1663 1668 1802 1727 ἀπο-
1829 1689 1850 1721 b

191 1750 615 1825 κρινάσθωσαν,
659 1757 714 1810 οἱ
741 1750 911 1819 θεοὺς
941 1754 1042 1826 μὲν
1073 1751 1374 1827 ἀμφότεροι
1405 1752 1802 1827 ὁμολογοῦντες

128 1857 169 1890 20
194 1837 368 1911 εἶναι,
400 1836 767 1912 παραιτητοὺς
800 1838 859 1894 δὲ
891 1840 1100 1910 ἕτερος,
1131 1833 1160 1895 ὁ
1194 1838 1255 1895 δὲ
1284 1834 1502 1911 ἀμελεῖς
1533 1842 1645 1895 τῶν
1676 1857 1801 1911 σμι-

191 1924 357 1993 κρῶν.
406 1925 626 1995 πρῶτον
656 1922 757 1995 μὲν
787 1921 956 1989 θεοὺς
987 1919 1294 1995 ἀμφότεροί
1319 1946 1460 1994 φατε
1482 1921 1798 1995 γινώσκειν,

191 2001 340 2062 καὶ
315 2008 452 2079 ορᾶν
481 2007 573 2063 καὶ
604 2003 829 2064 ἀκούειν
859 2005 1057 2079 πάντα,
1091 2015 1292 2064 λαθεῖν
1318 2007 1378 2063 δε
1402 2030 1602 2073 αυτους
1633 2004 1801 2064 ουδεν
1821 2023 1907 2066 [371]

193 2086 435 2147 δυνατὸν
468 2090 611 2148 εἶναι
640 2093 753 2147 τῶν
783 2086 1005 2148 ὁπόσων
1037 2093 1180 2148 εἰσὶν
1211 2115 1267 2146 αι
1299 2089 1588 2162 αἰσθήσεις
1619 2115 1677 2148 τε
1707 2093 1800 2147 καὶ

192 2176 498 2246 ἐπιστῆμαι.
574 2172 748 2247 ταύτῃ
780 2175 964 2246 λέγετε
995 2180 1140 2247 ἔχειν
1169 2178 1363 2245 ταῦτα,
1394 2169 1428 2245 ἢ
1459 2196 1601 2243 πως-ς

129 2275 170 2307 25
324 2255 529 2324 Ουτως.

321 2344 400 2396 12.
456 2346 527 2398 Τί
555 2342 641 2410 δέ;
691 2339 972 2397 δύνασθαι
1002 2339 1181 2398 πάντα
1210 2339 1430 2399 ὁπόσων
1462 2333 1532 2398 αὗ
1559 2339 1798 2415 δυ’ναμίς

193 2427 307 2481 ἐστι
336 2434 566 2497 θνητοῖς
595 2446 655 2480 τε
685 2426 776 2481 καὶ
809 2421 1136 2495 ἀθανάτοις;

317 2512 448 2575 Πῶς
489 2507 594 2582 γὰρ
635 2504 702 2565 οὐ
755 2507 1207 2582 συγχωρήσονται
1256 2511 1349 2566 καὶ
1400 2513 1574 2567 ταῦτα
1624 2507 1798 2576 οὕτως

193 2597 366 2665 ἔχειν;
1375 2608 1382 2617 “

128 2695 169 2728 30
318 2678 430 2736 Καὶ
459 2674 568 2749 μὴν
598 2674 850 2748 ἀγαθούς
879 2699 938 2733 τε
968 2679 1058 2734 καὶ
1083 2675 1340 2751 ἀρίστους
1369 2674 1799 2751 ὡμολογήκαμεν

193 2757 394 2827 αὐτοὺς
427 2760 590 2833 εἶναι,
622 2763 788 2818 πέντε
817 2759 985 2827 ὄντες.

320 2843 558 2919 Σφόδρα
587 2868 664 2918 γε.
1824 2869 1841 2891 0
