2014 3146
250 111 351 164 136
916 110 1162 151 EUSEBH

247 231 338 286 καὶ
362 231 505 302 σφᾶς
530 224 903 335 ὠφεληκέναι;
937 224 1249 297 Χαρώνδαν
1278 227 1380 299 μὲν
1411 226 1514 300 γὰρ
1531 224 1730 286 Ἰταλία
1761 228 1854 284 καὶ

245 319 506 384 Σικελία,
551 313 642 368 καὶ
683 309 839 383 ἡμεῖς
879 307 1143 367 Σόλωνα·
1211 310 1272 367 σε
1313 310 1375 368 δε
1424 317 1533 381 τίς;
1585 314 1687 379 ἔξει
1731 309 1855 368 τινὰ

249 403 456 455 εἰπεῖν·
444 442 457 466 ,
493 394 612 453 Οὐκ
642 404 853 468 οἴομαι,
886 398 991 467 ἔφη
1015 391 1355 452 ὁΓλαύκων·
1402 392 1608 453 οὔκουν
1639 396 1860 468 λέγεταί

247 505 336 555 γε,
377 479 499 538 οὐδ’
547 476 645 537 ὑπ’
688 477 874 536 αὐτῶν
898 474 1236 585 Ομηριδων
1289 475 1449 536 ’Λλλα
1482 479 1549 553 δὴ
1578 485 1660 546 τίς
1691 488 1853 537 πολε-

205 598 220 620 c
246 590 345 640 μος
378 567 467 623 ἐπὶ
479 560 728 665 ςὉμήρου
757 561 857 620 ὑπ’
911 565 1126 620 ἐκείνου
1156 560 1417 637 ἄρχοντος
1449 559 1481 636 ἢ
1514 562 1855 637 συμβουλεύ-
1878 585 1898 618 5

247 674 402 717 οντος
435 673 496 707 ευ
527 649 861 721 πολεμηθεὶς
884 646 1314 721 μνημονεύεταις
1351 645 1570 714 Οὐδείς.
1630 653 1678 705 6.
1707 644 1853 706 Ἀλλ’

247 732 337 792 οἷα
371 732 438 808 δὴ
471 739 548 800 εἰς
579 733 644 790 τὰ
676 739 809 806 ἔργα
840 734 1018 833 σοφοῦ
1048 729 1252 806 ἀνδρὸς
1275 734 1474 789 πολλαὶ
1499 735 1735 790 ἐπίνοιαι
1766 733 1859 789 καὶ

251 816 548 892 εὐμήχανοι
581 823 658 884 εἰς
689 820 882 890 τέχνας
906 814 940 889 ἥ
963 840 1116 882 τινας
1133 813 1302 884 αλλας
1333 815 1555 890 πραξεις
1586 818 1859 889 λέγονται,

251 902 435 977 ω’σπερ
467 893 540 958 αὖ
571 900 763 959 Θάλεώ
792 923 851 958 τε
881 903 1006 973 πέρι
1036 904 1133 957 τοῦ
1165 907 1451 973 Μιλησίου
1481 903 1572 958 καὶ
1599 898 1860 974 Ἀναχαρ-

250 992 401 1054 σιδος
425 990 523 1043 τοῦ
546 985 814 1055 Σκύθου,
843 982 1115 1058 Οὐδαμῶς
1138 991 1389 1042 τοιοῦτον
1412 983 1595 1043 οὐδέν.
1631 990 1675 1042 7.
1700 982 1860 1043 Ἀλλὰ
1883 1012 1924 1045 10

252 1071 351 1145 δὴ,
385 1076 435 1128 εἰ
462 1068 536 1144 μὴ
570 1075 826 1145 δημοσία,
860 1074 976 1145 ἰδία
1006 1070 1152 1126 τισὶν
1173 1067 1397 1143 ἡγεμὼν
1420 1075 1674 1136 παιδείας
1697 1067 1862 1136 αὐτὸς

252 1160 357 1225 ζῶν
381 1157 594 1227 λέγεται
612 1154 847 1228 Ὅμηρος
870 1155 1163 1226 γενέσθαι,
1195 1160 1251 1211 οἳ
1272 1156 1486 1212 ἐκεῖνον
1508 1152 1740 1227 ἠγάπων
1772 1155 1861 1211 ἐπὶ

149 1259 166 1268 “
251 1246 523 1314 συνουσία
555 1242 646 1295 καὶ
671 1253 784 1305 τοῖς
803 1237 1036 1312 ὕστερον
1066 1234 1201 1296 ὁδόν
1230 1262 1355 1296 τινα
1385 1240 1703 1313 παρέδοσαν
1733 1243 1863 1310 βίου

243 1323 570 1398 Ὁμηρικὴν,
604 1320 787 1395 ὥσπερ
818 1320 1161 1396 Πυθαγόρας
1193 1319 1357 1389 αὐτός
1395 1346 1453 1380 τε
1487 1321 1864 1396 διαφερόντως

255 1411 343 1466 ἐπὶ
373 1407 551 1485 τούτῳ
583 1404 848 1481 ἠγαπήθη
866 1452 880 1480 ,
913 1409 1005 1464 καὶ
1035 1411 1093 1464 οἱ
1117 1404 1339 1482 ὕστεροι
1371 1413 1449 1464 ἔτι
1479 1410 1572 1465 καὶ
1601 1410 1708 1465 νῦν
1739 1417 1863 1465 Πυ-
1886 1431 1928 1466 15

208 1514 230 1544 d
253 1492 553 1567 θαγόρειον
581 1490 787 1567 τρόπον
820 1490 1242 1565 ἐπονομάζοντες
1275 1494 1373 1549 τοῦ
1412 1497 1540 1564 βίου
1573 1497 1864 1564 διαφανεις

254 1600 329 1650 πη
364 1581 625 1635 δοκοῦσιν
657 1575 799 1634 εἶναι
833 1579 893 1633 ἐν
922 1589 1035 1643 τοῖς
1067 1573 1280 1646 ἅλλοιςς
1340 1581 1387 1633 8
1425 1574 1564 1634 Οὐδ’
1603 1577 1702 1646 αὐ,
1736 1582 1862 1677 ἔφη,

254 1664 504 1719 τοιοῦτον
545 1658 712 1719 οὐδεν
750 1662 978 1733 λέγεται.
1051 1658 1079 1717 5
1110 1685 1215 1734 γαρ
1245 1658 1615 1734 Κρεώφυλος,
1663 1683 1705 1716 ω
1735 1658 1866 1717 Σώ-

255 1770 476 1818 κρατες,
519 1741 547 1802 5
579 1750 676 1802 τοῦ
698 1744 939 1818 Ὁμήρου
972 1747 1213 1818 ἑταῖρος,
1255 1748 1352 1801 τοῦ
1382 1739 1699 1817 ὀνόματος
1677 1768 1748 1800 αν
1776 1768 1864 1816 γε-

256 1827 528 1903 λοιότερος
569 1835 646 1885 ἔτι
686 1827 821 1902 πρὸς
852 1833 1113 1885 παιδείαν
1144 1833 1374 1900 φανείη,
1418 1833 1467 1884 εἰ
1497 1827 1563 1885 τὰ
1594 1826 1864 1901 λεγόμενα
1887 1853 1929 1886 20

256 1915 383 1986 περὶ
404 1911 645 1987 Ομήρου
677 1910 861 1984 ἀληθῆ
894 1914 1021 1968 ἐστί.
1084 1913 1297 1984 λέγεται
1323 1909 1427 1985 γαρ
1451 1934 1560 1969 που
1593 1908 1665 1978 ὥς
1690 1911 1865 1985 πολλὴ

255 1996 480 2070 ἀμέλεια
520 1998 647 2071 περὶ
686 1994 856 2053 αὐτὸν
895 2020 964 2067 ην
1009 1992 1095 2052 ἐπ’
1139 1993 1312 2052 αὐτου
1342 1999 1585 2069 ἐκείνου,
1627 1995 1716 2054 ὅτε
1758 2003 1862 2069 εᾞζη

257 2082 490 2154 Λέγεται
520 2105 623 2154 γαρ
655 2073 784 2153 οὖν,
818 2071 887 2150 ἦν
917 2077 967 2135 δ’
1007 2078 1129 2152 ἐγώ.
1185 2076 1306 2136 αλλ’
1341 2089 1472 2151 οἰει,
1506 2104 1548 2136 ω
1572 2078 1865 2151 Γλαύκων,

259 2171 309 2223 εἰ
336 2170 411 2242 τῷ
442 2163 560 2223 ὄντι
590 2162 705 2231 οἶός
735 2188 793 2222 τε
823 2166 893 2236 ἠν
924 2162 1216 2221 παιδεύειν
1246 2161 1583 2235 ἀνθρώπους
1615 2166 1705 2220 καὶ
1735 2170 1867 2236 βελ-

257 2255 407 2315 τίους
437 2246 841 2322 απεργοῖζεσθαι
858 2246 1124 2322 Όμηρος,
1156 2245 1250 2306 ἅτε
1280 2250 1407 2321 περὶ
1435 2246 1648 2306 τούτων
1677 2246 1744 2305 οὐ
1775 2272 1867 2321 μι-
1888 2271 1932 2304 25

258 2343 505 2406 μεῖσθαι,
527 2332 665 2390 ἀλλα
696 2332 991 2406 γινώσκειν
1025 2331 1350 2406 δυνάμενος,
1382 2331 1483 2390 οὐκ
1514 2330 1599 2404 ἄρ’
1636 2329 1706 2389 ἂν
1736 2340 1866 2389 πολ-

147 2414 390 2484 (620)λούς
432 2419 682 2491 ἑταίρους
724 2415 1015 2489 ἐποιήσατο
1075 2419 1164 2473 καὶ
1220 2419 1435 2490 ἐτιμᾶτο
1486 2418 1578 2473 καὶ
1618 2415 1866 2488 ἠγαπᾶτο

261 2499 362 2557 ὑπ’
400 2498 615 2570 αὐτῶνς
664 2505 745 2556 10.
779 2499 918 2577 ἀλλὰ
948 2499 1319 2573 Πρωταγόρας
1350 2501 1453 2573 μὲν
1482 2498 1588 2573 ἄρα
1618 2498 1647 2557 5
1672 2498 1866 2571 Ἀβδη-

262 2591 415 2658 ρίτης
466 2587 558 2641 καὶ
597 2582 875 2656 Πρόδικος
918 2582 946 2640 5
988 2592 1154 2650 Κεῖος
1207 2586 1298 2641 καὶ
1349 2582 1504 2640 ἄλλοι
1557 2581 1866 2655 πάμπολλοι

263 2666 531 2726 δύνανται
561 2681 674 2733 τοῖς
707 2665 786 2739 ἐφ’
823 2670 1037 2725 ἑαυτῶν
1066 2666 1423 2742 παρεστάναι,
1457 2672 1573 2740 ἰδία
1603 2665 1866 2738 συγγινό-
1889 2690 1931 2722 30

257 2761 446 2825 μενοι,
479 2748 551 2817 ὦς
593 2748 719 2808 οὔτε
758 2756 941 2808 οἰκίαν
971 2749 1099 2808 οὔτε
1122 2756 1123 2759 ’
1144 2749 1308 2808 πόλιν
1345 2750 1447 2822 τὴν
1480 2747 1662 2807 αὐτῶν
1691 2756 1866 2808 οἰκεῖν

263 2832 376 2893 οἷοί
407 2859 465 2893 τε
506 2841 751 2907 ἔσονται,
795 2834 892 2892 ἐὰν
930 2835 1003 2907 μὴ
1044 2849 1202 2908 σφεῖς
1242 2830 1429 2891 αὐτῶν
1476 2837 1572 2906 τῆς
1613 2839 1865 2899 παιδείας
