2014 3146
593 105 806 148 PRAEP.
837 103 1056 147 EVANG.
1090 105 1212 145 XIV.
1246 102 1311 143 19.
1547 152 1552 153 ⁷
1668 102 1768 153 311

163 220 263 295 οὐχ
295 223 513 289 ἕξουσιν
542 215 720 293 ὁρμὴν
750 217 870 278 οὐδ’
906 217 1114 292 ὄρεξιν·
1162 217 1305 276 οὕτω
1333 217 1382 276 δ’
1413 214 1634 294 ofid’ssc'v
1666 222 1772 295 ζῷα

166 306 293 364 εἷεν.
354 313 557 377 γελοῖοι
588 303 693 377 γάρ
726 310 886 374 εἰσιν,
918 300 1083 361 ὁπότε
1114 306 1328 376 λέγοιεν
1356 300 1439 361 ότι
1470 309 1642 360 ταῦτα
1672 328 1775 377 μεν
1800 322 1820 354 b

165 387 351 456 αυτοῖς
391 386 880 462 συμβέβηκεν,οὐ
921 387 1031 462 μὴν
1075 395 1231 446 ισασί
1267 413 1329 460 γε
1369 391 1485 454 πῶς
1526 390 1617 444 καὶ
1648 394 1773 445 τίνα

163 473 382 546 τρόπον.
424 498 577 531 ουτοι
599 471 704 547 γὰρ
736 470 867 530 οὐδ’
894 479 945 530 εἰ
965 470 1254 543 ἅνθρωποι
1278 471 1612 545 πεφύκασιν,
1644 469 1767 530 οὐδ’

120 580 140 613 5
165 565 215 616 εἰ
245 561 434 631 ζῶσιν,
479 564 655 631 ἔχοιεν
694 554 764 614 ἂν
806 563 1008 615 εἰπεῖν
1068 554 1275 615 οὐκοῦν
1304 553 1431 614 οὐδ’
1467 563 1519 614 εί
1550 559 1778 629 λέγουσί

162 667 214 699 τι
245 645 336 699 καὶ
367 639 788 715 ἀποφαίνονται.
861 647 908 698 6.
943 641 1079 714 πρὸς
1112 641 1180 713 δὴ
1220 639 1348 707 τούς
1378 639 1661 709 τοιούτους
1692 650 1773 709 τίς

162 722 234 784 ἂν
266 737 350 800 εἰή
397 725 581 798 λόγος;
627 725 915 798 θαυμάσαι
958 728 1146 799 μέντοι
1190 750 1270 791 τις
1314 750 1384 782 αν
1416 731 1466 782 εἰ
1509 722 1774 798 αγνοοῦσι

163 809 395 884 πότερον
428 812 516 867 ἐπὶ
557 814 651 883 τῆς
691 815 790 882 γῆς
823 816 964 866 εἰσιν
996 804 1029 881 ἢ
1063 813 1122 866 ἐν
1162 834 1236 885 τω
1277 807 1526 886 οὐρανῷ
1589 815 1773 887 πολλῷ

163 896 223 952 δε
253 893 715 968 θαυμασιώτερον
746 900 795 951 εἰ
825 918 927 951 ουκ
958 899 1170 966 οἰδασι,
1203 896 1294 950 καὶ
1331 899 1502 950 ταῦτα
1532 913 1774 965 φασκον-

100 1002 141 1034 10
163 1004 250 1046 τες
281 987 638 1053 φιλοσοφεῖν,
683 1003 790 1053 αρα
829 1003 891 1050 γε
932 1003 998 1035 τα
1027 981 1258 1051 τέτταρα
1299 977 1529 1035 πλείονα
1562 981 1711 1035 ἐστιν
1741 975 1774 1051 ἢ

162 1063 228 1121 τὰ
257 1070 411 1137 τρία,
452 1066 542 1120 καὶ
573 1061 632 1120 τὸ
666 1088 728 1121 εν
759 1066 851 1120 καὶ
881 1088 946 1119 τα
978 1061 1080 1120 δύο
1111 1061 1255 1120 πόσα
1287 1066 1450 1120 ἐστίν.
1506 1061 1639 1120 οὐδε
1669 1087 1774 1135 γαρ

162 1147 402 1214 ὁπόσους
433 1155 656 1221 ἔχουσιν
689 1150 778 1204 ἐπὶ
807 1152 919 1204 τῶν
958 1151 1159 1221 χειρῶν
1192 1146 1498 1213 δακτύλους
1529 1140 1686 1204 οὗτοί
1712 1172 1775 1220 ys
1802 1178 1818 1198 c

165 1232 436 1291 δύνανται
488 1238 693 1305 εἰπεῖν,
735 1229 868 1289 οὐδε
913 1231 1149 1304 πότερον
1200 1234 1424 1299 ἕκαστος
1469 1229 1654 1289 αὐτῶν
1699 1240 1775 1298 εὶς

165 1321 315 1375 ἐστιν
345 1315 378 1388 ἢ
410 1322 649 1384 πλειόυς.
726 1322 770 1374 7.
806 1315 944 1374 ὥστε
983 1313 1114 1374 οὐδὲ
1153 1314 1395 1389 τοῦνομα
1425 1315 1485 1373 τὸ
1519 1322 1664 1374 ἴδιον
1697 1323 1772 1373 εἰ-

100 1424 141 1455 15
166 1408 318 1460 δεῖεν
356 1399 452 1473 ἂν,
504 1398 639 1459 οὐδὲ
684 1400 786 1473 τὴν
834 1406 1075 1473 πατρίδα
1124 1403 1216 1457 καὶ
1269 1401 1366 1458 τὸν
1401 1397 1771 1475 Ἀρίστιππον.

163 1483 369 1544 οὐκοῦν
399 1484 532 1543 οὐδὲ
562 1493 716 1552 τίνας
748 1488 1008 1558 φιλοῦσιν
1046 1481 1079 1558 ἢ
1108 1489 1397 1559 μισοῦσιν,
1440 1483 1575 1542 οὐδὲ
1605 1491 1776 1542 τίνων

167 1574 562 1643 ἐπιθυμοῦσιν·
623 1566 747 1627 οὐδ’
783 1576 835 1627 εί
860 1569 1154 1642 γελάσαιεν
1183 1566 1217 1642 ἢ
1250 1568 1590 1672 δακρύσαιεν
1620 1572 1777 1638 ἕξου-

165 1674 256 1712 σιν
288 1661 467 1712 εἰπεῖν
504 1678 586 1711 οτι
625 1653 752 1711 τόδε
782 1679 884 1728 μεν
915 1664 999 1727 εἴη
1030 1663 1276 1727 γελοῖον,
1322 1653 1382 1711 τὸ
1416 1655 1476 1711 δε
1508 1653 1774 1727 λυπηρόν.

166 1742 338 1812 δῆλον
379 1732 481 1797 οὗν
523 1737 595 1806 ὡς
633 1737 766 1796 οὐδε
797 1745 851 1796 τί
878 1741 1008 1797 νυνὶ
1039 1741 1271 1812 λέγομεν
1310 1735 1466 1812 ἡμεῖς
1498 1746 1773 1796 συνίασιν.

101 1844 142 1875 20
167 1823 334 1882 οὐδεν
373 1816 479 1881 οὐν
519 1828 577 1880 οἴ
613 1848 674 1896 ys
715 1826 953 1880 τοιοῦτοι
1000 1826 1319 1897 διαφέροιεν
1359 1848 1429 1879 αν
1461 1827 1711 1896 ἐμπίδων
1742 1819 1775 1895 ἢ

164 1912 376 1982 μυιῶν,
419 1915 596 1965 καίτοι
636 1906 865 1966 κάκεῖνα
903 1914 1157 1982 γνωρίζει
1196 1932 1262 1966 τα
1302 1932 1438 1965 κατα
1479 1906 1654 1981 φύσιν
1685 1910 1775 1965 καὶ

166 1990 314 2065 παρὰ
344 1988 574 2066 φύσιν.”

293 2082 339 2133 8.
375 2076 526 2150 Πρὸς
554 2074 621 2148 δὴ
651 2076 778 2142 τούς
810 2075 954 2134 οὕτω
988 2078 1367 2149 διακειμένους
1403 2082 1455 2132 εἰ
1484 2078 1575 2132 καὶ
1605 2082 1776 2149 μυρία
1801 2095 1824 2127 d

167 2162 349 2233 λέγειν
372 2167 605 2232 ἔνεστιν,
637 2157 762 2217 ἀλλ’
795 2159 958 2233 ἀρκεῖ
982 2184 1045 2232 γε
1076 2163 1166 2216 καὶ
1191 2164 1376 2217 ταῦτα.
1432 2162 1619 2216 ἕπεται
1649 2159 1778 2217 τού-

103 2264 144 2296 25
167 2269 278 2311 τοις
310 2243 668 2312 συνεξετασαι
709 2247 799 2301 καὶ
830 2243 957 2310 τούς
987 2242 1090 2316 τὴν
1129 2248 1389 2302 ἐναντίαν
1419 2249 1776 2316 βαδίσαντας,

167 2331 258 2386 καὶ
290 2352 469 2386 παντα
501 2333 698 2402 χρῆναι
730 2327 1011 2386 πιστεύειν
1033 2343 1151 2395 ταῖς
1173 2332 1270 2386 τοῦ
1294 2327 1543 2402 σώματος
1574 2328 1779 2401 αἰσθή-

168 2431 324 2470 σεσιν
354 2412 743 2485 ὁρισαμένους,
790 2437 869 2469 ων
910 2412 1051 2469 εἶναι
1084 2410 1471 2486 Μητρόδωρον
1510 2412 1607 2470 τὸν
1636 2421 1778 2471 Χῖον

170 2499 261 2554 καὶ
302 2495 684 2571 Πρωταγόραν
734 2497 831 2554 τὸν
867 2493 1211 2570 Ἀβδηρίτην.
1286 2503 1332 2555 9.
1376 2497 1472 2555 τὸν
1523 2521 1626 2570 μεν
1677 2490 1778 2555 οὖν

170 2581 555 2654 Μητρόδωρον
586 2587 940 2654 Δημοκρίτου
984 2589 1200 2654 ἐφασαν
1230 2580 1552 2655 ἀκηκοέναι,
1608 2580 1776 2655 ἀρχας

105 2685 148 2718 3ο
173 2666 234 2722 δε
264 2664 664 2739 ἀποφήνασθαι
694 2665 753 2722 τὸ
796 2671 998 2738 πλῆρες
1030 2668 1121 2722 καὶ
1145 2665 1203 2723 τὸ
1238 2665 1428 2724 κενόν
1478 2690 1557 2723 ων
1588 2664 1645 2723 τὸ
1676 2691 1777 2738 μεν

170 2747 265 2822 ὂν,
296 2748 356 2808 τὸ
390 2751 448 2807 δε
480 2745 611 2823 μὴ”
585 2774 649 2806 ον
682 2749 837 2807 εἶναι.
908 2774 1142 2824 γραφων
1171 2752 1238 2823 γέ
1264 2775 1346 2808 τοι
1388 2753 1515 2823 περὶ
1555 2748 1777 2823 φύσεως

174 2838 396 2909 εἰσβολῇ
430 2833 693 2908 ἐχρήσατο
723 2832 947 2909 τοιαύτῃ
982 2830 1188 2901 θοὐδεὶς
1218 2830 1377 2908 ἡμῶν
1407 2832 1576 2892 οὐδὲν
1600 2833 1775 2906 οἶδεν,
