<?xml version="1.0" encoding="UTF-8"?>
<!DOCTYPE html PUBLIC "-//W3C//DTD XHTML 1.0 Transitional//EN"
    "http://www.w3.org/TR/xhtml1/DTD/xhtml1-transitional.dtd">
<html xmlns="http://www.w3.org/1999/xhtml" xml:lang="en" lang="en">
 <head>
  <title>
</title>
<meta http-equiv="Content-Type" content="text/html;charset=utf-8" />
  <meta name='ocr-system' content='tesseract 3.04.00' />
  <meta name='ocr-capabilities' content='ocr_page ocr_carea ocr_par ocr_line ocrx_word'/>
</head>
<body>
  <div class='ocr_page' id='page_1' title='image "./operaeusebius02euseuoft_0284.png"; bbox 0 0 2014 3146; ppageno 0'>
   <div class='ocr_carea' id='block_1_1' title="bbox 260 126 1190 181">
    <p class='ocr_par' dir='ltr' id='par_1_1' title="bbox 260 126 1190 181">
     <span class='ocr_line' id='line_1_1' title="bbox 260 126 1190 181; baseline 0 -13"><span class='ocrx_word' id='word_1_1' title='bbox 260 129 364 181; x_wconf 69' lang='lat'><em>280</em></span> <span class='ocrx_word' id='word_1_2' title='bbox 940 126 1190 168; x_wconf 81' lang='lat' dir='ltr'>EUSEBII</span> 
     </span>
    </p>
   </div>
   <div class='ocr_carea' id='block_1_2' title="bbox 115 238 1942 2923">
    <p class='ocr_par' dir='ltr' id='par_1_2' title="bbox 216 238 1938 1240">
     <span class='ocr_line' id='line_1_2' title="bbox 263 238 1865 316; baseline -0.002 -13"><span class='ocrx_word' id='word_1_3' title='bbox 263 247 325 303; x_wconf 72' lang='grc' dir='ltr'><em>δὲ</em></span> <span class='ocrx_word' id='word_1_4' title='bbox 357 246 447 301; x_wconf 85' lang='grc' dir='ltr'><em>καὶ</em></span> <span class='ocrx_word' id='word_1_5' title='bbox 479 245 604 316; x_wconf 86' lang='grc' dir='ltr'><em>περὶ</em></span> <span class='ocrx_word' id='word_1_6' title='bbox 634 244 788 299; x_wconf 72' lang='grc' dir='ltr'><em>θεῶν</em></span> <span class='ocrx_word' id='word_1_7' title='bbox 818 239 1059 314; x_wconf 76' lang='grc' dir='ltr'><em>νεώτερα</em></span> <span class='ocrx_word' id='word_1_8' title='bbox 1091 245 1228 314; x_wconf 85' lang='grc' dir='ltr'><em>χρῆν</em></span> <span class='ocrx_word' id='word_1_9' title='bbox 1262 244 1531 314; x_wconf 73' lang='grc' dir='ltr'><strong><em>ἐπιζητεῖν</em></strong></span> <span class='ocrx_word' id='word_1_10' title='bbox 1559 245 1794 316; x_wconf 78' lang='grc' dir='ltr'><em>τολμᾶν,</em></span> <span class='ocrx_word' id='word_1_11' title='bbox 1830 238 1865 314; x_wconf 81' lang='grc' dir='ltr'>ἢ</span> 
     </span>
     <span class='ocr_line' id='line_1_3' title="bbox 262 322 1867 399; baseline -0.002 -13"><span class='ocrx_word' id='word_1_12' title='bbox 262 327 571 396; x_wconf 73' lang='grc' dir='ltr'><em>στασιάζειν</em></span> <span class='ocrx_word' id='word_1_13' title='bbox 616 328 706 382; x_wconf 87' lang='grc' dir='ltr'><em>καὶ</em></span> <span class='ocrx_word' id='word_1_14' title='bbox 747 323 1140 382; x_wconf 83' lang='grc' dir='ltr'><em>ὃιαπυκτεύειν</em></span> <span class='ocrx_word' id='word_1_15' title='bbox 1169 322 1449 398; x_wconf 82' lang='grc' dir='ltr'><em>ἀλλήλοις,</em></span> <span class='ocrx_word' id='word_1_16' title='bbox 1493 332 1544 384; x_wconf 81' lang='grc' dir='ltr'><em>εἰ</em></span> <span class='ocrx_word' id='word_1_17' title='bbox 1583 325 1651 399; x_wconf 81' lang='grc' dir='ltr'><em>δὴ</em></span> <span class='ocrx_word' id='word_1_18' title='bbox 1682 323 1867 399; x_wconf 79' lang='grc' dir='ltr'><em>ἀσφα-</em></span> 
     </span>
     <span class='ocr_line' id='line_1_4' title="bbox 262 407 1866 485; baseline -0.002 -16"><span class='ocrx_word' id='word_1_19' title='bbox 262 413 357 485; x_wconf 83' lang='grc' dir='ltr'><em>λὴς</em></span> <span class='ocrx_word' id='word_1_20' title='bbox 389 415 481 468; x_wconf 86' lang='grc' dir='ltr'><em>καὶ</em></span> <span class='ocrx_word' id='word_1_21' title='bbox 521 416 721 483; x_wconf 87' lang='grc' dir='ltr'><em>βεβαία</em></span> <span class='ocrx_word' id='word_1_22' title='bbox 760 415 913 467; x_wconf 80' lang='grc' dir='ltr'><em>θεῶν</em></span> <span class='ocrx_word' id='word_1_23' title='bbox 954 408 1170 483; x_wconf 78' lang='grc' dir='ltr'><em>εὕρεσις</em></span> <span class='ocrx_word' id='word_1_24' title='bbox 1201 411 1291 466; x_wconf 86' lang='grc' dir='ltr'><em>καὶ</em></span> <span class='ocrx_word' id='word_1_25' title='bbox 1333 413 1536 481; x_wconf 81' lang='grc' dir='ltr'><em>γνῶσις</em></span> <span class='ocrx_word' id='word_1_26' title='bbox 1580 407 1866 483; x_wconf 74' lang='grc' dir='ltr'><em>εὐσεβείας</em></span> 
     </span>
     <span class='ocr_line' id='line_1_5' title="bbox 262 491 1867 569; baseline -0.001 -17"><span class='ocrx_word' id='word_1_27' title='bbox 262 493 475 569; x_wconf 68' lang='grc' dir='ltr'><em>ἀληθὴς</em></span> <span class='ocrx_word' id='word_1_28' title='bbox 517 499 576 552; x_wconf 84' lang='grc' dir='ltr'><em>ἐν</em></span> <span class='ocrx_word' id='word_1_29' title='bbox 615 502 857 560; x_wconf 80' lang='grc' dir='ltr'><em>τελεταῖς</em></span> <span class='ocrx_word' id='word_1_30' title='bbox 897 496 989 550; x_wconf 84' lang='grc' dir='ltr'><em>καὶ</em></span> <span class='ocrx_word' id='word_1_31' title='bbox 1030 500 1351 567; x_wconf 77' lang='grc' dir='ltr'><em>μυστηρίοις</em></span> <span class='ocrx_word' id='word_1_32' title='bbox 1390 496 1459 566; x_wconf 81' lang='grc' dir='ltr'><em>τῇ</em></span> <span class='ocrx_word' id='word_1_33' title='bbox 1497 517 1555 550; x_wconf 89' lang='grc' dir='ltr'><em>τε</em></span> <span class='ocrx_word' id='word_1_34' title='bbox 1587 491 1724 567; x_wconf 75' lang='grc' dir='ltr'><em>ἄλλῃ</em></span> <span class='ocrx_word' id='word_1_35' title='bbox 1755 497 1867 551; x_wconf 73' lang='grc' dir='ltr'><em>τῶν</em></span> 
     </span>
     <span class='ocr_line' id='line_1_6' title="bbox 262 574 1912 653; baseline -0.001 -15"><span class='ocrx_word' id='word_1_36' title='bbox 262 578 612 638; x_wconf 87' lang='grc' dir='ltr'><em>παλαιτατων</em></span> <span class='ocrx_word' id='word_1_37' title='bbox 643 585 946 652; x_wconf 84' lang='grc' dir='ltr'><em>περιείχετο</em></span> <span class='ocrx_word' id='word_1_38' title='bbox 977 584 1268 653; x_wconf 87' lang='grc' dir='ltr'><em>θεολογία,</em></span> <span class='ocrx_word' id='word_1_39' title='bbox 1310 574 1485 650; x_wconf 80' lang='grc' dir='ltr'><em>αυτὴν</em></span> <span class='ocrx_word' id='word_1_40' title='bbox 1517 581 1734 650; x_wconf 86' lang='grc' dir='ltr'><em>ἐκείνην</em></span> <span class='ocrx_word' id='word_1_41' title='bbox 1762 601 1912 636; x_wconf 72' lang='grc' dir='ltr'><em>πα-ῑ)</em></span> 
     </span>
     <span class='ocr_line' id='line_1_7' title="bbox 264 660 1869 738; baseline -0.002 -16"><span class='ocrx_word' id='word_1_42' title='bbox 264 663 362 735; x_wconf 83' lang='grc' dir='ltr'><em>ρόν</em></span> <span class='ocrx_word' id='word_1_43' title='bbox 403 663 667 738; x_wconf 81' lang='grc' dir='ltr'><em>ἀκίνητον</em></span> <span class='ocrx_word' id='word_1_44' title='bbox 707 665 799 719; x_wconf 85' lang='grc' dir='ltr'><em>καὶ</em></span> <span class='ocrx_word' id='word_1_45' title='bbox 838 661 1285 735; x_wconf 79' lang='grc' dir='ltr'><em>ὁμολογουμένην</em></span> <span class='ocrx_word' id='word_1_46' title='bbox 1327 660 1643 735; x_wconf 75' lang='grc' dir='ltr'><em>συμφώνως</em></span> <span class='ocrx_word' id='word_1_47' title='bbox 1685 665 1869 735; x_wconf 87' lang='grc' dir='ltr'><em>περιέ-</em></span> 
     </span>
     <span class='ocr_line' id='line_1_8' title="bbox 264 744 1868 820; baseline -0.002 -14"><span class='ocrx_word' id='word_1_48' title='bbox 264 772 416 819; x_wconf 85' lang='grc' dir='ltr'><em>πειν;</em></span> <span class='ocrx_word' id='word_1_49' title='bbox 464 754 510 806; x_wconf 81' lang='grc'><em>8.</em></span> <span class='ocrx_word' id='word_1_50' title='bbox 555 746 692 804; x_wconf 79' lang='grc' dir='ltr'><em>αλλὰ</em></span> <span class='ocrx_word' id='word_1_51' title='bbox 737 745 841 820; x_wconf 84' lang='grc' dir='ltr'><em>γὰρ</em></span> <span class='ocrx_word' id='word_1_52' title='bbox 888 753 939 803; x_wconf 87' lang='grc' dir='ltr'><em>εί</em></span> <span class='ocrx_word' id='word_1_53' title='bbox 976 761 1208 819; x_wconf 81' lang='grc' dir='ltr'><em>φανεῖεν</em></span> <span class='ocrx_word' id='word_1_54' title='bbox 1248 746 1400 803; x_wconf 80' lang='grc' dir='ltr'><em>οὑτοι</em></span> <span class='ocrx_word' id='word_1_55' title='bbox 1450 747 1627 819; x_wconf 76' lang='grc' dir='ltr'><em>μηδεν</em></span> <span class='ocrx_word' id='word_1_56' title='bbox 1664 744 1868 818; x_wconf 78' lang='grc' dir='ltr'><em>ἄληθες</em></span> 
     </span>
     <span class='ocr_line' id='line_1_9' title="bbox 216 829 1870 907; baseline 0 -21"><span class='ocrx_word' id='word_1_57' title='bbox 216 856 238 886; x_wconf 78' lang='lat' dir='ltr'><em>(l</em></span> <span class='ocrx_word' id='word_1_58' title='bbox 264 835 387 907; x_wconf 82' lang='grc' dir='ltr'><em>περὶ</em></span> <span class='ocrx_word' id='word_1_59' title='bbox 420 836 558 890; x_wconf 85' lang='grc' dir='ltr'><em>θεοῦ</em></span> <span class='ocrx_word' id='word_1_60' title='bbox 578 829 726 906; x_wconf 89' lang='grc' dir='ltr'><em>παρα</em></span> <span class='ocrx_word' id='word_1_61' title='bbox 754 837 867 888; x_wconf 80' lang='grc' dir='ltr'><em>τῶν</em></span> <span class='ocrx_word' id='word_1_62' title='bbox 896 833 1180 905; x_wconf 71' lang='grc' dir='ltr'><em>προτέρων</em></span> <span class='ocrx_word' id='word_1_63' title='bbox 1211 830 1611 904; x_wconf 81' lang='grc' dir='ltr'><em>μεμαθηκότες,</em></span> <span class='ocrx_word' id='word_1_64' title='bbox 1644 836 1870 896; x_wconf 81' lang='grc' dir='ltr'><em>οἰκείαις</em></span> 
     </span>
     <span class='ocr_line' id='line_1_10' title="bbox 266 914 1869 990; baseline -0.002 -16"><span class='ocrx_word' id='word_1_65' title='bbox 266 915 320 974; x_wconf 81' lang='grc' dir='ltr'><em>δ’</em></span> <span class='ocrx_word' id='word_1_66' title='bbox 359 920 623 983; x_wconf 86' lang='grc' dir='ltr'><em>ἐπινοίαις</em></span> <span class='ocrx_word' id='word_1_67' title='bbox 654 920 719 990; x_wconf 83' lang='grc' dir='ltr'><em>τῇ</em></span> <span class='ocrx_word' id='word_1_68' title='bbox 751 917 876 986; x_wconf 88' lang='grc' dir='ltr'><em>περὶ</em></span> <span class='ocrx_word' id='word_1_69' title='bbox 907 914 1130 987; x_wconf 87' lang='grc' dir='ltr'><em>φύσεως</em></span> <span class='ocrx_word' id='word_1_70' title='bbox 1163 914 1580 988; x_wconf 84' lang='grc' dir='ltr'><em>ἐπιβεβληκότες</em></span> <span class='ocrx_word' id='word_1_71' title='bbox 1614 914 1869 985; x_wconf 81' lang='grc' dir='ltr'><em>ἐξετασει,</em></span> 
     </span>
     <span class='ocr_line' id='line_1_11' title="bbox 266 996 1938 1074; baseline -0.001 -16"><span class='ocrx_word' id='word_1_72' title='bbox 266 1004 355 1058; x_wconf 87' lang='grc' dir='ltr'><em>καὶ</em></span> <span class='ocrx_word' id='word_1_73' title='bbox 397 1014 721 1073; x_wconf 83' lang='grc' dir='ltr'><em>στοχασμοῖς</em></span> <span class='ocrx_word' id='word_1_74' title='bbox 761 1002 970 1072; x_wconf 90' lang='grc' dir='ltr'><em>μαλλον</em></span> <span class='ocrx_word' id='word_1_75' title='bbox 1009 996 1042 1071; x_wconf 78' lang='grc' dir='ltr'><em>ἢ</em></span> <span class='ocrx_word' id='word_1_76' title='bbox 1087 998 1387 1072; x_wconf 79' lang='grc' dir='ltr'><em>καταλήψει</em></span> <span class='ocrx_word' id='word_1_77' title='bbox 1426 1001 1777 1074; x_wconf 78' lang='grc' dir='ltr'><em>κεχρημένοι,</em></span> <span class='ocrx_word' id='word_1_78' title='bbox 1819 1004 1878 1055; x_wconf 89' lang='grc' dir='ltr'><em>τί</em></span> <span class='ocrx_word' id='word_1_79' title='bbox 1894 1025 1938 1057; x_wconf 86' lang='lat'><em>10</em></span> 
     </span>
     <span class='ocr_line' id='line_1_12' title="bbox 266 1081 1873 1159; baseline -0.002 -17"><span class='ocrx_word' id='word_1_80' title='bbox 266 1084 367 1159; x_wconf 86' lang='grc' dir='ltr'><em>χρὴ</em></span> <span class='ocrx_word' id='word_1_81' title='bbox 401 1084 595 1142; x_wconf 82' lang='grc' dir='ltr'><em>λοιπὸν</em></span> <span class='ocrx_word' id='word_1_82' title='bbox 634 1083 707 1157; x_wconf 86' lang='grc' dir='ltr'><em>μὴ</em></span> <span class='ocrx_word' id='word_1_83' title='bbox 748 1081 870 1156; x_wconf 78' lang='grc' dir='ltr'><em>οὐχὶ</em></span> <span class='ocrx_word' id='word_1_84' title='bbox 911 1091 1310 1156; x_wconf 90' lang='grc' dir='ltr'><em>συνομολογειν</em></span> <span class='ocrx_word' id='word_1_85' title='bbox 1349 1081 1451 1155; x_wconf 86' lang='grc' dir='ltr'><em>τὴν</em></span> <span class='ocrx_word' id='word_1_86' title='bbox 1491 1081 1731 1141; x_wconf 88' lang='grc' dir='ltr'><em>παλαιαν</em></span> <span class='ocrx_word' id='word_1_87' title='bbox 1761 1107 1873 1140; x_wconf 88' lang='grc' dir='ltr'><em>των</em></span> 
     </span>
     <span class='ocr_line' id='line_1_13' title="bbox 268 1164 1872 1274; baseline -0.001 -48"><span class='ocrx_word' id='word_1_88' title='bbox 268 1173 454 1227; x_wconf 72' lang='grc' dir='ltr'><em>ἐθνῶν</em></span> <span class='ocrx_word' id='word_1_89' title='bbox 496 1176 794 1270; x_wconf 87' lang='grc' dir='ltr'><em>θεολογίαν</em></span> <span class='ocrx_word' id='word_1_90' title='bbox 834 1169 1008 1240; x_wconf 81' lang='grc' dir='ltr'><em>μηδεν</em></span> <span class='ocrx_word' id='word_1_91' title='bbox 1047 1169 1216 1225; x_wconf 84' lang='grc' dir='ltr'><em>πλέον</em></span> <span class='ocrx_word' id='word_1_92' title='bbox 1256 1172 1350 1240; x_wconf 85' lang='grc' dir='ltr'><em>τῆς</em></span> <span class='ocrx_word' id='word_1_93' title='bbox 1396 1164 1799 1274; x_wconf 84' lang='grc' dir='ltr'><em>αποδοθείσης</em></span> <span class='ocrx_word' id='word_1_94' title='bbox 1813 1169 1872 1239; x_wconf 81' lang='grc' dir='ltr'><em>ἐν</em></span> 
     </span>
    </p>

    <p class='ocr_par' dir='ltr' id='par_1_3' title="bbox 190 1246 1875 1410">
     <span class='ocr_line' id='line_1_14' title="bbox 190 1246 1873 1326; baseline -0.001 -15"><span class='ocrx_word' id='word_1_95' title='bbox 190 1277 225 1298; x_wconf 82' lang='lat'>····</span> <span class='ocrx_word' id='word_1_96' title='bbox 266 1268 378 1320; x_wconf 86' lang='grc' dir='ltr'><em>τοις</em></span> <span class='ocrx_word' id='word_1_97' title='bbox 431 1252 535 1324; x_wconf 84' lang='grc' dir='ltr'><em>πρὸ</em></span> <span class='ocrx_word' id='word_1_98' title='bbox 583 1252 786 1309; x_wconf 76' lang='grc' dir='ltr'><em>τούτου</em></span> <span class='ocrx_word' id='word_1_99' title='bbox 843 1271 1267 1326; x_wconf 89' lang='grc' dir='ltr'><em>συγγραμμασιν</em></span> <span class='ocrx_word' id='word_1_100' title='bbox 1329 1256 1570 1326; x_wconf 75' lang='grc' dir='ltr'><em>ἱστορίας</em></span> <span class='ocrx_word' id='word_1_101' title='bbox 1632 1246 1873 1324; x_wconf 82' lang='grc' dir='ltr'><em>ἐπέχειν;</em></span> 
     </span>
     <span class='ocr_line' id='line_1_15' title="bbox 258 1331 1875 1410; baseline -0.001 -16"><span class='ocrx_word' id='word_1_102' title='bbox 258 1335 431 1395; x_wconf 61' lang='lat' dir='ltr'><em>1).ch</em></span> <span class='ocrx_word' id='word_1_103' title='bbox 462 1339 563 1410; x_wconf 76' lang='grc' dir='ltr'><em>μὲν</em></span> <span class='ocrx_word' id='word_1_104' title='bbox 593 1331 695 1395; x_wconf 77' lang='grc' dir='ltr'><em>οὖν</em></span> <span class='ocrx_word' id='word_1_105' title='bbox 726 1340 780 1404; x_wconf 78' lang='grc' dir='ltr'><em>ἐξ</em></span> <span class='ocrx_word' id='word_1_106' title='bbox 806 1333 1184 1410; x_wconf 87' lang='grc' dir='ltr'><em>ανθρωπίνων</em></span> <span class='ocrx_word' id='word_1_107' title='bbox 1206 1337 1532 1409; x_wconf 80' lang='grc' dir='ltr'><em>στοχασμιόν</em></span> <span class='ocrx_word' id='word_1_108' title='bbox 1556 1338 1647 1392; x_wconf 87' lang='grc' dir='ltr'><em>καὶ</em></span> <span class='ocrx_word' id='word_1_109' title='bbox 1671 1338 1875 1407; x_wconf 84' lang='grc' dir='ltr'><em>π-ολλῆς</em></span> 
     </span>
    </p>

    <p class='ocr_par' dir='ltr' id='par_1_4' title="bbox 267 1417 1940 1585">
     <span class='ocr_line' id='line_1_16' title="bbox 267 1417 1940 1495; baseline -0.001 -16"><span class='ocrx_word' id='word_1_110' title='bbox 267 1428 595 1495; x_wconf 78' lang='grc' dir='ltr'><em>λογομαχίας</em></span> <span class='ocrx_word' id='word_1_111' title='bbox 627 1423 719 1478; x_wconf 85' lang='grc' dir='ltr'><em>καὶ</em></span> <span class='ocrx_word' id='word_1_112' title='bbox 750 1419 990 1493; x_wconf 87' lang='grc' dir='ltr'><em>πλανης,</em></span> <span class='ocrx_word' id='word_1_113' title='bbox 1031 1417 1152 1477; x_wconf 83' lang='grc' dir='ltr'><em>αλλ’</em></span> <span class='ocrx_word' id='word_1_114' title='bbox 1198 1445 1299 1478; x_wconf 89' lang='grc' dir='ltr'><em>ουκ</em></span> <span class='ocrx_word' id='word_1_115' title='bbox 1332 1427 1391 1477; x_wconf 82' lang='grc' dir='ltr'><em>ἔκ</em></span> <span class='ocrx_word' id='word_1_116' title='bbox 1430 1445 1578 1487; x_wconf 85' lang='grc' dir='ltr'><em>τινος</em></span> <span class='ocrx_word' id='word_1_117' title='bbox 1609 1418 1873 1493; x_wconf 84' lang='grc' dir='ltr'><em>ακριβοῦς</em></span> <span class='ocrx_word' id='word_1_118' title='bbox 1897 1443 1940 1477; x_wconf 84' lang='lat'><em>15</em></span> 
     </span>
     <span class='ocr_line' id='line_1_17' title="bbox 268 1501 1874 1585; baseline -0.001 -23"><span class='ocrx_word' id='word_1_119' title='bbox 268 1505 644 1578; x_wconf 82' lang='grc' dir='ltr'><em>καταλήψεως,</em></span> <span class='ocrx_word' id='word_1_120' title='bbox 676 1505 709 1578; x_wconf 82' lang='grc' dir='ltr'>ἡ</span> <span class='ocrx_word' id='word_1_121' title='bbox 742 1506 891 1578; x_wconf 82' lang='grc' dir='ltr'><em>παρὰ</em></span> <span class='ocrx_word' id='word_1_122' title='bbox 910 1501 1528 1585; x_wconf 79' lang='grc' dir='ltr'><em>τοΐςἝλλησιν.ὖπέστη</em></span> <span class='ocrx_word' id='word_1_123' title='bbox 1553 1510 1874 1578; x_wconf 79' lang='grc' dir='ltr'><em>φιλοσοφία,</em></span> 
     </span>
    </p>

    <p class='ocr_par' dir='ltr' id='par_1_5' title="bbox 115 1588 1876 1752">
     <span class='ocr_line' id='line_1_18' title="bbox 115 1588 1876 1673; baseline -0.002 -25"><span class='ocrx_word' id='word_1_124' title='bbox 115 1664 134 1673; x_wconf 62' lang='lat'>„</span> <span class='ocrx_word' id='word_1_125' title='bbox 194 1659 198 1663; x_wconf 18' lang='lat' dir='ltr'><em>q</em></span> <span class='ocrx_word' id='word_1_126' title='bbox 269 1594 327 1652; x_wconf 82' lang='grc' dir='ltr'><em>ἐκ</em></span> <span class='ocrx_word' id='word_1_127' title='bbox 367 1594 461 1663; x_wconf 82' lang='grc' dir='ltr'><em>τῆς</em></span> <span class='ocrx_word' id='word_1_128' title='bbox 510 1588 645 1663; x_wconf 81' lang='grc' dir='ltr'><em>πρὸς</em></span> <span class='ocrx_word' id='word_1_129' title='bbox 678 1588 885 1662; x_wconf 80' lang='grc' dir='ltr'><em>Ἀνεβώ</em></span> <span class='ocrx_word' id='word_1_130' title='bbox 941 1588 1037 1647; x_wconf 85' lang='grc' dir='ltr'><em>’τὸν</em></span> <span class='ocrx_word' id='word_1_131' title='bbox 1082 1588 1391 1662; x_wconf 85' lang='grc' dir='ltr'><em>Αίγύπτιον</em></span> <span class='ocrx_word' id='word_1_132' title='bbox 1443 1593 1729 1661; x_wconf 79' lang='grc' dir='ltr'><em>ἐπιστολῆς</em></span> <span class='ocrx_word' id='word_1_133' title='bbox 1778 1591 1876 1645; x_wconf 82' lang='grc' dir='ltr'><em>τοῦ</em></span> 
     </span>
     <span class='ocr_line' id='line_1_19' title="bbox 268 1670 1874 1752; baseline -0.001 -20"><span class='ocrx_word' id='word_1_134' title='bbox 268 1681 603 1748; x_wconf 89' lang='grc' dir='ltr'><em>Πορφυρίου</em></span> <span class='ocrx_word' id='word_1_135' title='bbox 633 1673 834 1747; x_wconf 76' lang='grc' dir='ltr'><em>μάθοις</em></span> <span class='ocrx_word' id='word_1_136' title='bbox 866 1670 963 1746; x_wconf 72' lang='grc' dir='ltr'><em>ἂν,</em></span> <span class='ocrx_word' id='word_1_137' title='bbox 1007 1671 1139 1742; x_wconf 78' lang='grc' dir='ltr'><em>αὐτὸ</em></span> <span class='ocrx_word' id='word_1_138' title='bbox 1184 1671 1251 1746; x_wconf 81' lang='grc' dir='ltr'><em>δὴ</em></span> <span class='ocrx_word' id='word_1_139' title='bbox 1281 1677 1441 1731; x_wconf 77' lang='grc' dir='ltr'><em>τοῦτο</em></span> <span class='ocrx_word' id='word_1_140' title='bbox 1473 1672 1712 1752; x_wconf 77' lang='grc' dir='ltr'><em>ἀκούσας</em></span> <span class='ocrx_word' id='word_1_141' title='bbox 1743 1671 1874 1745; x_wconf 83' lang='grc' dir='ltr'><em>ὁμο-</em></span> 
     </span>
    </p>

    <p class='ocr_par' dir='ltr' id='par_1_6' title="bbox 115 1756 1942 1914">
     <span class='ocr_line' id='line_1_20' title="bbox 115 1756 903 1831; baseline 0 -16"><span class='ocrx_word' id='word_1_142' title='bbox 115 1826 119 1828; x_wconf 26' lang='grc'><em>,</em></span> <span class='ocrx_word' id='word_1_143' title='bbox 217 1772 225 1783; x_wconf 77' lang='grc'><em>’</em></span> <span class='ocrx_word' id='word_1_144' title='bbox 272 1765 569 1831; x_wconf 84' lang='grc' dir='ltr'><em>λογοῦντος</em></span> <span class='ocrx_word' id='word_1_145' title='bbox 603 1762 662 1815; x_wconf 85' lang='grc' dir='ltr'><em>ἐν</em></span> <span class='ocrx_word' id='word_1_146' title='bbox 692 1756 903 1825; x_wconf 82' lang='grc' dir='ltr'><em>τούτοις</em></span> 
     </span>
     <span class='ocr_line' id='line_1_21' title="bbox 157 1837 1942 1914; baseline -0.002 -13"><span class='ocrx_word' id='word_1_147' title='bbox 157 1844 250 1884; x_wconf 67' lang='lat'>(74¹)</span> <span class='ocrx_word' id='word_1_148' title='bbox 274 1890 300 1906; x_wconf 83' lang='lat'><em>.-</em></span> <span class='ocrx_word' id='word_1_149' title='bbox 394 1854 451 1902; x_wconf 98' lang='lat' dir='ltr'><em>X.</em></span> <span class='ocrx_word' id='word_1_150' title='bbox 489 1838 780 1914; x_wconf 53' lang='grc' dir='ltr'><em>ωἈρξομαι</em></span> <span class='ocrx_word' id='word_1_151' title='bbox 823 1842 882 1897; x_wconf 82' lang='grc' dir='ltr'><em>δε</em></span> <span class='ocrx_word' id='word_1_152' title='bbox 925 1845 1020 1913; x_wconf 81' lang='grc' dir='ltr'><em>τῆς</em></span> <span class='ocrx_word' id='word_1_153' title='bbox 1060 1839 1196 1913; x_wconf 84' lang='grc' dir='ltr'><em>πρὸς</em></span> <span class='ocrx_word' id='word_1_154' title='bbox 1246 1842 1306 1898; x_wconf 90' lang='grc' dir='ltr'><em>σε</em></span> <span class='ocrx_word' id='word_1_155' title='bbox 1345 1847 1533 1913; x_wconf 89' lang='grc' dir='ltr'><em>φιλιας</em></span> <span class='ocrx_word' id='word_1_156' title='bbox 1573 1837 1679 1897; x_wconf 79' lang='grc' dir='ltr'><em>ἆπὸ</em></span> <span class='ocrx_word' id='word_1_157' title='bbox 1720 1846 1875 1896; x_wconf 75' lang='grc' dir='ltr'><em>θεῶν</em></span> <span class='ocrx_word' id='word_1_158' title='bbox 1897 1867 1942 1898; x_wconf 78' lang='lat'><em>20</em></span> 
     </span>
    </p>

    <p class='ocr_par' dir='ltr' id='par_1_7' title="bbox 228 1923 1876 2251">
     <span class='ocr_line' id='line_1_22' title="bbox 228 1923 1874 1998; baseline -0.001 -16"><span class='ocrx_word' id='word_1_159' title='bbox 228 1935 233 1939; x_wconf 70' lang='grc'>’</span> <span class='ocrx_word' id='word_1_160' title='bbox 269 1928 361 1982; x_wconf 86' lang='grc' dir='ltr'><em>καὶ</em></span> <span class='ocrx_word' id='word_1_161' title='bbox 395 1925 675 1998; x_wconf 83' lang='grc' dir='ltr'><em>δαιμόνων</em></span> <span class='ocrx_word' id='word_1_162' title='bbox 705 1923 937 1998; x_wconf 73' lang='grc' dir='ltr'><em>ἀγαθῶν</em></span> <span class='ocrx_word' id='word_1_163' title='bbox 966 1949 1077 1982; x_wconf 88' lang='grc' dir='ltr'><em>των</em></span> <span class='ocrx_word' id='word_1_164' title='bbox 1098 1949 1155 1982; x_wconf 89' lang='grc' dir='ltr'><em>τε</em></span> <span class='ocrx_word' id='word_1_165' title='bbox 1173 1924 1385 1992; x_wconf 81' lang='grc' dir='ltr'><em>τούτοις</em></span> <span class='ocrx_word' id='word_1_166' title='bbox 1407 1929 1698 1997; x_wconf 77' lang='grc' dir='ltr'><em>συγγενῶν</em></span> <span class='ocrx_word' id='word_1_167' title='bbox 1720 1932 1874 1996; x_wconf 87' lang='grc' dir='ltr'><em>φιλο-</em></span> 
     </span>
     <span class='ocr_line' id='line_1_23' title="bbox 254 2009 1873 2089; baseline -0.001 -22"><span class='ocrx_word' id='word_1_168' title='bbox 254 2028 633 2089; x_wconf 35' lang='grc' dir='ltr'><em>,σοφηματων,</em></span> <span class='ocrx_word' id='word_1_169' title='bbox 676 2012 802 2082; x_wconf 86' lang='grc' dir='ltr'><em>περὶ</em></span> <span class='ocrx_word' id='word_1_170' title='bbox 845 2009 924 2066; x_wconf 76' lang='grc' dir='ltr'><em>ὠν</em></span> <span class='ocrx_word' id='word_1_171' title='bbox 965 2019 1174 2081; x_wconf 85' lang='grc' dir='ltr'><em>εἰρηται</em></span> <span class='ocrx_word' id='word_1_172' title='bbox 1214 2010 1316 2082; x_wconf 73' lang='grc' dir='ltr'><em>μὲν</em></span> <span class='ocrx_word' id='word_1_173' title='bbox 1347 2017 1575 2066; x_wconf 78' lang='grc' dir='ltr'><em>πλεῖστα</em></span> <span class='ocrx_word' id='word_1_174' title='bbox 1606 2011 1696 2065; x_wconf 89' lang='grc' dir='ltr'><em>καὶ</em></span> <span class='ocrx_word' id='word_1_175' title='bbox 1727 2032 1873 2080; x_wconf 90' lang='grc' dir='ltr'><em>παρα</em></span> 
     </span>
     <span class='ocr_line' id='line_1_24' title="bbox 249 2088 1876 2167; baseline -0.002 -16"><span class='ocrx_word' id='word_1_176' title='bbox 249 2088 420 2161; x_wconf 61' lang='lat' dir='ltr'><em>‘weg</em></span> <span class='ocrx_word' id='word_1_177' title='bbox 422 2092 685 2167; x_wconf 85' lang='grc' dir='ltr'><em>Ελλήνων</em></span> <span class='ocrx_word' id='word_1_178' title='bbox 716 2093 1072 2166; x_wconf 77' lang='grc' dir='ltr'><em>φιλοσόφοις,</em></span> <span class='ocrx_word' id='word_1_179' title='bbox 1116 2103 1327 2166; x_wconf 79' lang='grc' dir='ltr'><em>εἴρηται</em></span> <span class='ocrx_word' id='word_1_180' title='bbox 1375 2094 1434 2150; x_wconf 80' lang='grc' dir='ltr'><em>δε</em></span> <span class='ocrx_word' id='word_1_181' title='bbox 1476 2097 1535 2150; x_wconf 86' lang='grc' dir='ltr'><em>ἐκ</em></span> <span class='ocrx_word' id='word_1_182' title='bbox 1566 2096 1876 2166; x_wconf 84' lang='grc' dir='ltr'><em>στοχασμοῦ</em></span> 
     </span>
     <span class='ocr_line' id='line_1_25' title="bbox 271 2175 1519 2251; baseline -0.001 -16"><span class='ocrx_word' id='word_1_183' title='bbox 271 2177 329 2235; x_wconf 83' lang='grc' dir='ltr'><em>τὸ</em></span> <span class='ocrx_word' id='word_1_184' title='bbox 361 2181 530 2235; x_wconf 82' lang='grc' dir='ltr'><em>πλέον</em></span> <span class='ocrx_word' id='word_1_185' title='bbox 559 2177 653 2245; x_wconf 76' lang='grc' dir='ltr'><em>τὰς</em></span> <span class='ocrx_word' id='word_1_186' title='bbox 684 2175 853 2251; x_wconf 80' lang='grc' dir='ltr'><em>αρχὰς</em></span> <span class='ocrx_word' id='word_1_187' title='bbox 884 2185 1078 2251; x_wconf 84' lang='grc' dir='ltr'><em>ἔχοντα</em></span> <span class='ocrx_word' id='word_1_188' title='bbox 1107 2182 1202 2250; x_wconf 82' lang='grc' dir='ltr'><em>τῆς</em></span> <span class='ocrx_word' id='word_1_189' title='bbox 1234 2175 1519 2244; x_wconf 82' lang='grc' dir='ltr'><em>πίστεως.”</em></span> 
     </span>
    </p>

    <p class='ocr_par' dir='ltr' id='par_1_8' title="bbox 390 2260 1941 2419">
     <span class='ocr_line' id='line_1_26' title="bbox 397 2260 1941 2335; baseline -0.001 -17"><span class='ocrx_word' id='word_1_190' title='bbox 397 2267 445 2318; x_wconf 71' lang='lat'><em>2.</em></span> <span class='ocrx_word' id='word_1_191' title='bbox 493 2265 605 2319; x_wconf 86' lang='grc' dir='ltr'><em>Καὶ</em></span> <span class='ocrx_word' id='word_1_192' title='bbox 634 2260 850 2334; x_wconf 77' lang='grc' dir='ltr'><em>ὑποβὰς</em></span> <span class='ocrx_word' id='word_1_193' title='bbox 885 2264 1007 2334; x_wconf 81' lang='grc' dir='ltr'><em>ἑξῆς</em></span> <span class='ocrx_word' id='word_1_194' title='bbox 1041 2264 1289 2335; x_wconf 84' lang='grc' dir='ltr'><em>ἐπιφέρει</em></span> <span class='ocrx_word' id='word_1_195' title='bbox 1321 2264 1498 2333; x_wconf 89' lang='grc' dir='ltr'><em>λέγων</em></span> <span class='ocrx_word' id='word_1_196' title='bbox 1897 2285 1941 2317; x_wconf 79' lang='lat'><em>25</em></span> 
     </span>
     <span class='ocr_line' id='line_1_27' title="bbox 390 2341 1874 2419; baseline -0.001 -17"><span class='ocrx_word' id='word_1_197' title='bbox 390 2341 592 2417; x_wconf 44' lang='grc' dir='ltr'><em>(ἷΠαρόι</em></span> <span class='ocrx_word' id='word_1_198' title='bbox 634 2347 735 2419; x_wconf 77' lang='grc' dir='ltr'><em>μὲν</em></span> <span class='ocrx_word' id='word_1_199' title='bbox 777 2346 880 2418; x_wconf 78' lang='grc' dir='ltr'><em>γὰρ</em></span> <span class='ocrx_word' id='word_1_200' title='bbox 921 2342 1054 2419; x_wconf 83' lang='grc' dir='ltr'><em>ἡμῖν</em></span> <span class='ocrx_word' id='word_1_201' title='bbox 1084 2351 1394 2419; x_wconf 59' lang='grc' dir='ltr'><em>λογομαχίαΥ</em></span> <span class='ocrx_word' id='word_1_202' title='bbox 1423 2351 1505 2411; x_wconf 88' lang='grc' dir='ltr'><em>τίς</em></span> <span class='ocrx_word' id='word_1_203' title='bbox 1538 2349 1649 2402; x_wconf 85' lang='grc' dir='ltr'><em>ἐστι</em></span> <span class='ocrx_word' id='word_1_204' title='bbox 1681 2344 1874 2416; x_wconf 83' lang='grc' dir='ltr'><em>πολλὴ,</em></span> 
     </span>
    </p>

    <p class='ocr_par' dir='ltr' id='par_1_9' title="bbox 223 2428 1940 2754">
     <span class='ocr_line' id='line_1_28' title="bbox 223 2428 1877 2503; baseline -0.002 -15"><span class='ocrx_word' id='word_1_205' title='bbox 223 2467 240 2488; x_wconf 77' lang='lat' dir='ltr'>e</span> <span class='ocrx_word' id='word_1_206' title='bbox 276 2451 370 2484; x_wconf 90' lang='grc' dir='ltr'><em>ατε</em></span> <span class='ocrx_word' id='word_1_207' title='bbox 368 2432 453 2496; x_wconf 63' lang='grc' dir='ltr'><em>*ἐξ</em></span> <span class='ocrx_word' id='word_1_208' title='bbox 485 2428 864 2503; x_wconf 87' lang='grc' dir='ltr'><em>ανθρωπίνων</em></span> <span class='ocrx_word' id='word_1_209' title='bbox 904 2434 1183 2502; x_wconf 87' lang='grc' dir='ltr'><em>λογισμων</em></span> <span class='ocrx_word' id='word_1_210' title='bbox 1212 2434 1310 2487; x_wconf 87' lang='grc' dir='ltr'><em>τοῦ</em></span> <span class='ocrx_word' id='word_1_211' title='bbox 1341 2428 1559 2501; x_wconf 82' lang='grc' dir='ltr'><em>αγαθοῦ</em></span> <span class='ocrx_word' id='word_1_212' title='bbox 1601 2431 1877 2501; x_wconf 82' lang='grc' dir='ltr'><em>εἰκαζομέ-</em></span> 
     </span>
     <span class='ocr_line' id='line_1_29' title="bbox 271 2510 1874 2587; baseline -0.001 -18"><span class='ocrx_word' id='word_1_213' title='bbox 271 2528 398 2569; x_wconf 89' lang='grc' dir='ltr'><em>νου·</em></span> <span class='ocrx_word' id='word_1_214' title='bbox 447 2511 527 2579; x_wconf 82' lang='grc' dir='ltr'><em>οἷς</em></span> <span class='ocrx_word' id='word_1_215' title='bbox 562 2515 620 2570; x_wconf 81' lang='grc' dir='ltr'><em>δε</em></span> <span class='ocrx_word' id='word_1_216' title='bbox 650 2538 1023 2587; x_wconf 87' lang='grc' dir='ltr'><em>μεμηχανηται</em></span> <span class='ocrx_word' id='word_1_217' title='bbox 1055 2510 1087 2585; x_wconf 79' lang='grc' dir='ltr'>ἡ</span> <span class='ocrx_word' id='word_1_218' title='bbox 1127 2511 1262 2587; x_wconf 79' lang='grc' dir='ltr'><em>πρὸς</em></span> <span class='ocrx_word' id='word_1_219' title='bbox 1302 2513 1362 2571; x_wconf 90' lang='grc' dir='ltr'><em>τὸ</em></span> <span class='ocrx_word' id='word_1_220' title='bbox 1394 2526 1644 2585; x_wconf 79' lang='grc' dir='ltr'><em>κρεῖττον</em></span> <span class='ocrx_word' id='word_1_221' title='bbox 1675 2530 1874 2570; x_wconf 88' lang='grc' dir='ltr'><em>συνου-</em></span> 
     </span>
     <span class='ocr_line' id='line_1_30' title="bbox 272 2596 1875 2670; baseline -0.001 -17"><span class='ocrx_word' id='word_1_222' title='bbox 272 2604 398 2667; x_wconf 87' lang='grc' dir='ltr'><em>σία,</em></span> <span class='ocrx_word' id='word_1_223' title='bbox 432 2603 483 2653; x_wconf 90' lang='grc' dir='ltr'><em>ει’</em></span> <span class='ocrx_word' id='word_1_224' title='bbox 510 2610 764 2670; x_wconf 80' lang='grc' dir='ltr'><em>παρεῖται</em></span> <span class='ocrx_word' id='word_1_225' title='bbox 794 2596 853 2654; x_wconf 87' lang='grc' dir='ltr'><em>τὸ</em></span> <span class='ocrx_word' id='word_1_226' title='bbox 884 2601 1046 2670; x_wconf 92' lang='grc' dir='ltr'><em>μέρος</em></span> <span class='ocrx_word' id='word_1_227' title='bbox 1086 2604 1244 2654; x_wconf 83' lang='grc' dir='ltr'><em>τοῦτο</em></span> <span class='ocrx_word' id='word_1_228' title='bbox 1285 2603 1362 2663; x_wconf 83' lang='grc' dir='ltr'><em>εἰς</em></span> <span class='ocrx_word' id='word_1_229' title='bbox 1395 2600 1665 2668; x_wconf 80' lang='grc' dir='ltr'><em>ἐξέτασιν,</em></span> <span class='ocrx_word' id='word_1_230' title='bbox 1696 2619 1875 2668; x_wconf 91' lang='grc' dir='ltr'><em>ματην</em></span> 
     </span>
     <span class='ocr_line' id='line_1_31' title="bbox 272 2676 1940 2754; baseline 0.004 -19"><span class='ocrx_word' id='word_1_231' title='bbox 272 2679 459 2746; x_wconf 71' lang='grc' dir='ltr'><em>αὐτοῖς</em></span> <span class='ocrx_word' id='word_1_232' title='bbox 490 2676 522 2752; x_wconf 81' lang='grc' dir='ltr'>ἡ</span> <span class='ocrx_word' id='word_1_233' title='bbox 555 2688 724 2753; x_wconf 86' lang='grc' dir='ltr'><em>σοφία</em></span> <span class='ocrx_word' id='word_1_234' title='bbox 757 2679 1097 2754; x_wconf 82' lang='grc' dir='ltr'><em>ἐξήσκηται.’</em></span> <span class='ocrx_word' id='word_1_235' title='bbox 1897 2703 1940 2734; x_wconf 86' lang='grc'><em>30</em></span> 
     </span>
    </p>

    <p class='ocr_par' dir='ltr' id='par_1_10' title="bbox 270 2761 1873 2923">
     <span class='ocr_line' id='line_1_32' title="bbox 399 2761 1873 2838; baseline -0.001 -20"><span class='ocrx_word' id='word_1_236' title='bbox 399 2768 446 2821; x_wconf 92' lang='lat'><em>3.</em></span> <span class='ocrx_word' id='word_1_237' title='bbox 476 2761 636 2822; x_wconf 77' lang='grc' dir='ltr'><em>Ἀλλὰ</em></span> <span class='ocrx_word' id='word_1_238' title='bbox 666 2768 758 2821; x_wconf 84' lang='grc' dir='ltr'><em>καὶ</em></span> <span class='ocrx_word' id='word_1_239' title='bbox 790 2768 849 2822; x_wconf 87' lang='grc' dir='ltr'><em>ἐν</em></span> <span class='ocrx_word' id='word_1_240' title='bbox 879 2762 960 2831; x_wconf 84' lang='grc' dir='ltr'><em>οἷς</em></span> <span class='ocrx_word' id='word_1_241' title='bbox 983 2764 1292 2838; x_wconf 81' lang='grc' dir='ltr'><em>ἀντέγραψε</em></span> <span class='ocrx_word' id='word_1_242' title='bbox 1314 2766 1517 2838; x_wconf 74' lang='grc' dir='ltr'><em>Βοηθςό</em></span> <span class='ocrx_word' id='word_1_243' title='bbox 1539 2765 1663 2837; x_wconf 85' lang='grc' dir='ltr'><em>περὶ</em></span> <span class='ocrx_word' id='word_1_244' title='bbox 1696 2766 1873 2835; x_wconf 79' lang='grc' dir='ltr'><em>ψυχῆς</em></span> 
     </span>
     <span class='ocr_line' id='line_1_33' title="bbox 270 2841 1525 2923; baseline 0 -21"><span class='ocrx_word' id='word_1_245' title='bbox 270 2843 299 2902; x_wconf 82' lang='grc' dir='ltr'>ὁ</span> <span class='ocrx_word' id='word_1_246' title='bbox 333 2843 495 2914; x_wconf 78' lang='grc' dir='ltr'><em>αὐτὸς</em></span> <span class='ocrx_word' id='word_1_247' title='bbox 529 2841 636 2905; x_wconf 71' lang='grc' dir='ltr'><em>ὦδε</em></span> <span class='ocrx_word' id='word_1_248' title='bbox 668 2847 900 2922; x_wconf 79' lang='grc' dir='ltr'><em>γράφων</em></span> <span class='ocrx_word' id='word_1_249' title='bbox 930 2844 1188 2920; x_wconf 79' lang='grc' dir='ltr'><em>ὁμολογεῖ</em></span> <span class='ocrx_word' id='word_1_250' title='bbox 1214 2847 1348 2923; x_wconf 83' lang='grc' dir='ltr'><em>πρὸς</em></span> <span class='ocrx_word' id='word_1_251' title='bbox 1379 2850 1525 2915; x_wconf 82' lang='grc' dir='ltr'><em>λέξιν</em></span> 
     </span>
    </p>
   </div>
  </div>
 </body>
</html>
