<?xml version="1.0" encoding="UTF-8"?>
<!DOCTYPE html PUBLIC "-//W3C//DTD XHTML 1.0 Transitional//EN"
    "http://www.w3.org/TR/xhtml1/DTD/xhtml1-transitional.dtd">
<html xmlns="http://www.w3.org/1999/xhtml" xml:lang="en" lang="en">
 <head>
  <title>
</title>
<meta http-equiv="Content-Type" content="text/html;charset=utf-8" />
  <meta name='ocr-system' content='tesseract 3.04.00' />
  <meta name='ocr-capabilities' content='ocr_page ocr_carea ocr_par ocr_line ocrx_word'/>
</head>
<body>
  <div class='ocr_page' id='page_1' title='image "./operaeusebius02euseuoft_0222.png"; bbox 0 0 2014 3146; ppageno 0'>
   <div class='ocr_carea' id='block_1_1' title="bbox 252 95 1182 147">
    <p class='ocr_par' dir='ltr' id='par_1_1' title="bbox 252 95 1182 147">
     <span class='ocr_line' id='line_1_1' title="bbox 252 95 1182 147; baseline -0.013 0"><span class='ocrx_word' id='word_1_1' title='bbox 252 95 355 147; x_wconf 83' lang='grc'><em>218</em></span> <span class='ocrx_word' id='word_1_2' title='bbox 933 95 1182 137; x_wconf 81' lang='lat' dir='ltr'>EUSEBII</span> 
     </span>
    </p>
   </div>
   <div class='ocr_carea' id='block_1_2' title="bbox 206 209 1928 1244">
    <p class='ocr_par' dir='ltr' id='par_1_2' title="bbox 206 209 1904 892">
     <span class='ocr_line' id='line_1_2' title="bbox 252 209 1859 286; baseline -0.002 -16"><span class='ocrx_word' id='word_1_3' title='bbox 252 218 416 270; x_wconf 79' lang='grc' dir='ltr'><em>θεοῦ</em></span> <span class='ocrx_word' id='word_1_4' title='bbox 450 210 794 283; x_wconf 81' lang='grc' dir='ltr'><em>παραφράζει</em></span> <span class='ocrx_word' id='word_1_5' title='bbox 821 211 932 266; x_wconf 74' lang='grc' dir='ltr'><em>δὲ’</em></span> <span class='ocrx_word' id='word_1_6' title='bbox 906 216 1118 277; x_wconf 90' lang='grc' dir='ltr'><em>εκείνας</em></span> <span class='ocrx_word' id='word_1_7' title='bbox 1141 209 1236 277; x_wconf 77' lang='grc' dir='ltr'><em>τὰς</em></span> <span class='ocrx_word' id='word_1_8' title='bbox 1259 209 1599 284; x_wconf 78' lang='grc' dir='ltr'><em>προφητικάς</em></span> <span class='ocrx_word' id='word_1_9' title='bbox 1623 209 1859 286; x_wconf 79' lang='grc' dir='ltr'><em>γραφὰς,</em></span> 
     </span>
     <span class='ocr_line' id='line_1_3' title="bbox 253 290 1861 370; baseline -0.001 -17"><span class='ocrx_word' id='word_1_10' title='bbox 253 297 355 370; x_wconf 88' lang='grc' dir='ltr'><em>τήν</em></span> <span class='ocrx_word' id='word_1_11' title='bbox 393 320 452 352; x_wconf 90' lang='grc' dir='ltr'><em>τε</em></span> <span class='ocrx_word' id='word_1_12' title='bbox 497 293 586 351; x_wconf 77' lang='grc' dir='ltr'><em>διά</em></span> <span class='ocrx_word' id='word_1_13' title='bbox 624 293 787 366; x_wconf 77' lang='grc' dir='ltr'><em>Ὠσηε</em></span> <span class='ocrx_word' id='word_1_14' title='bbox 820 290 983 351; x_wconf 78' lang='grc' dir='ltr'><em>“ἰδου</em></span> <span class='ocrx_word' id='word_1_15' title='bbox 1027 292 1133 366; x_wconf 82' lang='grc' dir='ltr'><em>ἐγω</em></span> <span class='ocrx_word' id='word_1_16' title='bbox 1175 298 1413 368; x_wconf 73' lang='grc' dir='ltr'><em>στερεῶν</em></span> <span class='ocrx_word' id='word_1_17' title='bbox 1454 294 1722 369; x_wconf 84' lang='grc' dir='ltr'><em>βροντὴν,</em></span> <span class='ocrx_word' id='word_1_18' title='bbox 1769 298 1861 352; x_wconf 85' lang='grc' dir='ltr'><em>καὶ</em></span> 
     </span>
     <span class='ocr_line' id='line_1_4' title="bbox 254 369 1862 455; baseline -0.001 -18"><span class='ocrx_word' id='word_1_19' title='bbox 254 387 450 449; x_wconf 79' lang='grc' dir='ltr'><strong><em>κτίζων</em></strong></span> <span class='ocrx_word' id='word_1_20' title='bbox 481 385 727 452; x_wconf 85' lang='grc' dir='ltr'><em>πνεῦμα,</em></span> <span class='ocrx_word' id='word_1_21' title='bbox 760 369 828 436; x_wconf 71' lang='grc' dir='ltr'><em>οὗ</em></span> <span class='ocrx_word' id='word_1_22' title='bbox 857 384 919 435; x_wconf 76' lang='grc' dir='ltr'><em>αἱ</em></span> <span class='ocrx_word' id='word_1_23' title='bbox 943 393 1120 452; x_wconf 82' lang='grc' dir='ltr'><em>χεῖρες</em></span> <span class='ocrx_word' id='word_1_24' title='bbox 1142 377 1244 451; x_wconf 82' lang='grc' dir='ltr'><em>τὴν</em></span> <span class='ocrx_word' id='word_1_25' title='bbox 1274 377 1535 452; x_wconf 75' lang='grc' dir='ltr'><em>στρατιάν</em></span> <span class='ocrx_word' id='word_1_26' title='bbox 1563 386 1662 437; x_wconf 85' lang='grc' dir='ltr'><em>τοῦ</em></span> <span class='ocrx_word' id='word_1_27' title='bbox 1691 377 1862 455; x_wconf 79' lang='grc' dir='ltr'><em>οὐρα-</em></span> 
     </span>
     <span class='ocr_line' id='line_1_5' title="bbox 254 459 1861 536; baseline -0.001 -15"><span class='ocrx_word' id='word_1_28' title='bbox 254 469 356 522; x_wconf 86' lang='grc' dir='ltr'><em>νοῦ</em></span> <span class='ocrx_word' id='word_1_29' title='bbox 383 468 787 536; x_wconf 82' lang='grc' dir='ltr'><em>ἐθεμελίωσαν</em></span> <span class='ocrx_word' id='word_1_30' title='bbox 798 460 824 482; x_wconf 85' lang='grc'><strong>”</strong></span> <span class='ocrx_word' id='word_1_31' title='bbox 861 465 953 520; x_wconf 85' lang='grc' dir='ltr'><em>καὶ</em></span> <span class='ocrx_word' id='word_1_32' title='bbox 976 462 1078 535; x_wconf 89' lang='grc' dir='ltr'><em>τὴν</em></span> <span class='ocrx_word' id='word_1_33' title='bbox 1105 463 1196 520; x_wconf 76' lang='grc' dir='ltr'><em>διὰ</em></span> <span class='ocrx_word' id='word_1_34' title='bbox 1225 465 1471 530; x_wconf 80' lang='grc' dir='ltr'><em>Μωσέως</em></span> <span class='ocrx_word' id='word_1_35' title='bbox 1499 459 1683 522; x_wconf 74' lang='grc' dir='ltr'><em>“’ἰδετε</em></span> <span class='ocrx_word' id='word_1_36' title='bbox 1717 470 1861 522; x_wconf 75' lang='grc' dir='ltr'><em>ἴδετε</em></span> 
     </span>
     <span class='ocr_line' id='line_1_6' title="bbox 252 545 1904 623; baseline -0.002 -17"><span class='ocrx_word' id='word_1_37' title='bbox 252 546 333 606; x_wconf 80' lang='grc' dir='ltr'><em>ὅτι</em></span> <span class='ocrx_word' id='word_1_38' title='bbox 378 547 483 620; x_wconf 86' lang='grc' dir='ltr'><em>ε’γω’</em></span> <span class='ocrx_word' id='word_1_39' title='bbox 526 554 665 621; x_wconf 85' lang='grc' dir='ltr'><em>εἰμι,</em></span> <span class='ocrx_word' id='word_1_40' title='bbox 705 549 796 605; x_wconf 85' lang='grc' dir='ltr'><em>καὶ</em></span> <span class='ocrx_word' id='word_1_41' title='bbox 837 545 938 605; x_wconf 80' lang='grc' dir='ltr'><em>οὐκ</em></span> <span class='ocrx_word' id='word_1_42' title='bbox 978 555 1092 605; x_wconf 82' lang='grc' dir='ltr'><em>ἔστι</em></span> <span class='ocrx_word' id='word_1_43' title='bbox 1133 546 1263 614; x_wconf 81' lang='grc' dir='ltr'><em>θεὸς</em></span> <span class='ocrx_word' id='word_1_44' title='bbox 1305 551 1487 621; x_wconf 80' lang='grc' dir='ltr'><em>ἕτερος</em></span> <span class='ocrx_word' id='word_1_45' title='bbox 1527 548 1671 623; x_wconf 84' lang='grc' dir='ltr'><em>πλὴν</em></span> <span class='ocrx_word' id='word_1_46' title='bbox 1711 553 1858 622; x_wconf 81' lang='grc' dir='ltr'><em>ἐμοῦ.</em></span> <span class='ocrx_word' id='word_1_47' title='bbox 1885 569 1904 602; x_wconf 82' lang='grc'>5</span> 
     </span>
     <span class='ocr_line' id='line_1_7' title="bbox 256 629 1865 706; baseline 0 -16"><span class='ocrx_word' id='word_1_48' title='bbox 256 631 361 706; x_wconf 77' lang='grc' dir='ltr'><em>ἐγω</em></span> <span class='ocrx_word' id='word_1_49' title='bbox 392 629 706 706; x_wconf 77' lang='grc' dir='ltr'><em>άποκτενῶ,</em></span> <span class='ocrx_word' id='word_1_50' title='bbox 740 634 830 689; x_wconf 84' lang='grc' dir='ltr'><em>καὶ</em></span> <span class='ocrx_word' id='word_1_51' title='bbox 856 637 952 705; x_wconf 81' lang='grc' dir='ltr'><em>ζῆν</em></span> <span class='ocrx_word' id='word_1_52' title='bbox 976 631 1214 704; x_wconf 85' lang='grc' dir='ltr'><em>ποιήσω·</em></span> <span class='ocrx_word' id='word_1_53' title='bbox 1263 631 1503 706; x_wconf 83' lang='grc' dir='ltr'><em>πατάξω,</em></span> <span class='ocrx_word' id='word_1_54' title='bbox 1528 630 1678 706; x_wconf 77' lang='grc' dir='ltr'><em>κάγώ</em></span> <span class='ocrx_word' id='word_1_55' title='bbox 1711 632 1865 691; x_wconf 84' lang='grc' dir='ltr'><em>ἰάσο-</em></span> 
     </span>
     <span class='ocr_line' id='line_1_8' title="bbox 254 714 1862 793; baseline 0.001 -19"><span class='ocrx_word' id='word_1_56' title='bbox 254 741 363 791; x_wconf 93' lang='grc' dir='ltr'><em>μαι.</em></span> <span class='ocrx_word' id='word_1_57' title='bbox 427 720 520 775; x_wconf 86' lang='grc' dir='ltr'><em>καὶ</em></span> <span class='ocrx_word' id='word_1_58' title='bbox 550 714 652 774; x_wconf 77' lang='grc' dir='ltr'><em>οὐκ</em></span> <span class='ocrx_word' id='word_1_59' title='bbox 684 724 836 775; x_wconf 83' lang='grc' dir='ltr'><em>ἔστιν</em></span> <span class='ocrx_word' id='word_1_60' title='bbox 865 714 923 784; x_wconf 80' lang='grc' dir='ltr'><em>ὃς</em></span> <span class='ocrx_word' id='word_1_61' title='bbox 957 720 1214 786; x_wconf 82' lang='grc' dir='ltr'><em>ἐξελεϊται</em></span> <span class='ocrx_word' id='word_1_62' title='bbox 1248 721 1307 775; x_wconf 84' lang='grc' dir='ltr'><em>ἐκ</em></span> <span class='ocrx_word' id='word_1_63' title='bbox 1336 722 1449 775; x_wconf 76' lang='grc' dir='ltr'><em>τῶν</em></span> <span class='ocrx_word' id='word_1_64' title='bbox 1479 724 1679 793; x_wconf 79' lang='grc' dir='ltr'><em>χειρῶν</em></span> <span class='ocrx_word' id='word_1_65' title='bbox 1707 714 1862 791; x_wconf 87' lang='grc' dir='ltr'><em>μου.”</em></span> 
     </span>
     <span class='ocr_line' id='line_1_9' title="bbox 206 819 1602 892; baseline 0.001 -18"><span class='ocrx_word' id='word_1_66' title='bbox 206 853 229 884; x_wconf 61' lang='lat'><em>1,</em></span> <span class='ocrx_word' id='word_1_67' title='bbox 399 819 546 885; x_wconf 63' lang='grc' dir='ltr'><em>αὐτὸς</em></span> <span class='ocrx_word' id='word_1_68' title='bbox 570 827 599 875; x_wconf 90' lang='grc' dir='ltr'><em>δ</em></span> <span class='ocrx_word' id='word_1_69' title='bbox 607 823 617 838; x_wconf 72' lang='grc'>’</span> <span class='ocrx_word' id='word_1_70' title='bbox 649 825 695 886; x_wconf 75' lang='grc' dir='ltr'><em>ἐξ</em></span> <span class='ocrx_word' id='word_1_71' title='bbox 721 820 936 892; x_wconf 82' lang='grc' dir='ltr'><em>άγαθοῖο</em></span> <span class='ocrx_word' id='word_1_72' title='bbox 963 820 1119 875; x_wconf 77' lang='grc' dir='ltr'><em>κακὸν</em></span> <span class='ocrx_word' id='word_1_73' title='bbox 1146 832 1376 890; x_wconf 80' lang='grc' dir='ltr'><em>θνητοῖσι</em></span> <span class='ocrx_word' id='word_1_74' title='bbox 1403 821 1602 891; x_wconf 78' lang='grc' dir='ltr'><em>φυτεύει</em></span> 
     </span>
    </p>

    <p class='ocr_par' dir='ltr' id='par_1_3' title="bbox 255 893 1928 1157">
     <span class='ocr_line' id='line_1_10' title="bbox 397 893 1018 963; baseline 0 -18"><span class='ocrx_word' id='word_1_75' title='bbox 397 895 482 945; x_wconf 81' lang='grc' dir='ltr'><em>καὶ</em></span> <span class='ocrx_word' id='word_1_76' title='bbox 507 894 723 960; x_wconf 83' lang='grc' dir='ltr'><em>πόλεμον</em></span> <span class='ocrx_word' id='word_1_77' title='bbox 749 893 1018 963; x_wconf 73' lang='grc' dir='ltr'><em>κρυόεντα,</em></span> 
     </span>
     <span class='ocr_line' id='line_1_11' title="bbox 255 995 1928 1075; baseline 0.001 -19"><span class='ocrx_word' id='word_1_78' title='bbox 255 1023 392 1056; x_wconf 88' lang='grc' dir='ltr'><em>κατα</em></span> <span class='ocrx_word' id='word_1_79' title='bbox 422 998 519 1056; x_wconf 84' lang='grc' dir='ltr'><em>τὸν</em></span> <span class='ocrx_word' id='word_1_80' title='bbox 541 998 756 1072; x_wconf 86' lang='grc' dir='ltr'><em>Ὀρφέα.</em></span> <span class='ocrx_word' id='word_1_81' title='bbox 827 1003 909 1057; x_wconf 78' lang='lat'><em>54.</em></span> <span class='ocrx_word' id='word_1_82' title='bbox 944 1003 1170 1057; x_wconf 87' lang='grc' dir='ltr'><em>τοιαῦτα</em></span> <span class='ocrx_word' id='word_1_83' title='bbox 1201 1001 1291 1057; x_wconf 89' lang='grc' dir='ltr'><em>καὶ</em></span> <span class='ocrx_word' id='word_1_84' title='bbox 1322 995 1348 1057; x_wconf 82' lang='grc' dir='ltr'>ὁ</span> <span class='ocrx_word' id='word_1_85' title='bbox 1382 998 1591 1073; x_wconf 77' lang='grc' dir='ltr'><em>Πάριος</em></span> <span class='ocrx_word' id='word_1_86' title='bbox 1615 998 1866 1075; x_wconf 81' lang='grc' dir='ltr'><em>Ἀρχίλο-</em></span> <span class='ocrx_word' id='word_1_87' title='bbox 1887 1020 1928 1052; x_wconf 87' lang='lat'><em>10</em></span> 
     </span>
     <span class='ocr_line' id='line_1_12' title="bbox 257 1086 527 1157; baseline -0.007 -15"><span class='ocrx_word' id='word_1_88' title='bbox 257 1109 347 1157; x_wconf 84' lang='grc' dir='ltr'><em>χος</em></span> <span class='ocrx_word' id='word_1_89' title='bbox 379 1086 527 1156; x_wconf 86' lang='grc' dir='ltr'><em>λέγει</em></span> 
     </span>
    </p>

    <p class='ocr_par' dir='ltr' id='par_1_4' title="bbox 399 1170 1295 1244">
     <span class='ocr_line' id='line_1_13' title="bbox 399 1170 1295 1244; baseline 0 -17"><span class='ocrx_word' id='word_1_90' title='bbox 399 1173 436 1228; x_wconf 78' lang='grc' dir='ltr'><em>ὦ</em></span> <span class='ocrx_word' id='word_1_91' title='bbox 462 1179 586 1235; x_wconf 83' lang='grc' dir='ltr'><em>Ζεῦ</em></span> <span class='ocrx_word' id='word_1_92' title='bbox 615 1171 701 1226; x_wconf 83' lang='grc' dir='ltr'><em>σὸν</em></span> <span class='ocrx_word' id='word_1_93' title='bbox 727 1176 817 1240; x_wconf 80' lang='grc' dir='ltr'><em>μὲν</em></span> <span class='ocrx_word' id='word_1_94' title='bbox 845 1170 1063 1244; x_wconf 74' lang='grc' dir='ltr'><em>οὐρανοῦ</em></span> <span class='ocrx_word' id='word_1_95' title='bbox 1088 1174 1266 1242; x_wconf 88' lang='grc' dir='ltr'><em>κράτος</em></span> <span class='ocrx_word' id='word_1_96' title='bbox 1284 1218 1295 1240; x_wconf 88' lang='grc'><em>,</em></span> 
     </span>
    </p>
   </div>
   <div class='ocr_carea' id='block_1_3' title="bbox 398 1241 1255 1384">
    <p class='ocr_par' dir='ltr' id='par_1_5' title="bbox 398 1241 1255 1384">
     <span class='ocr_line' id='line_1_14' title="bbox 398 1241 1255 1329; baseline 0.002 -33"><span class='ocrx_word' id='word_1_97' title='bbox 398 1265 457 1298; x_wconf 89' lang='grc' dir='ltr'><em>συ</em></span> <span class='ocrx_word' id='word_1_98' title='bbox 487 1246 533 1296; x_wconf 80' lang='grc' dir='ltr'><em>δ’</em></span> <span class='ocrx_word' id='word_1_99' title='bbox 564 1244 668 1314; x_wconf 82' lang='grc' dir='ltr'><em>ε”ργ</em></span> <span class='ocrx_word' id='word_1_100' title='bbox 699 1242 776 1296; x_wconf 78' lang='grc' dir='ltr'><em>ἐπ’</em></span> <span class='ocrx_word' id='word_1_101' title='bbox 805 1241 1108 1329; x_wconf 68' lang='grc' dir='ltr'><em>ἀνθρώπους</em></span> <span class='ocrx_word' id='word_1_102' title='bbox 1134 1243 1255 1318; x_wconf 79' lang='grc' dir='ltr'><em>ὁρας</em></span> 
     </span>
     <span class='ocr_line' id='line_1_15' title="bbox 398 1311 1054 1384; baseline 0 -16"><span class='ocrx_word' id='word_1_103' title='bbox 398 1315 587 1384; x_wconf 84' lang='grc' dir='ltr'><em>λεωργά</em></span> <span class='ocrx_word' id='word_1_104' title='bbox 611 1337 660 1367; x_wconf 93' lang='grc' dir='ltr'><em>τε</em></span> <span class='ocrx_word' id='word_1_105' title='bbox 687 1317 771 1367; x_wconf 90' lang='grc' dir='ltr'><em>καὶ</em></span> <span class='ocrx_word' id='word_1_106' title='bbox 797 1311 1054 1382; x_wconf 69' lang='grc' dir='ltr'><em>ἀθέμιστα.</em></span> 
     </span>
    </p>
   </div>
   <div class='ocr_carea' id='block_1_4' title="bbox 257 1419 1930 1497">
    <p class='ocr_par' dir='ltr' id='par_1_6' title="bbox 257 1419 1930 1497">
     <span class='ocr_line' id='line_1_16' title="bbox 257 1419 1930 1497; baseline -0.003 -19"><span class='ocrx_word' id='word_1_107' title='bbox 257 1420 425 1479; x_wconf 86' lang='grc' dir='ltr'><em>πάλιν</em></span> <span class='ocrx_word' id='word_1_108' title='bbox 454 1420 589 1495; x_wconf 79' lang='grc' dir='ltr'><em>ἡμῖν</em></span> <span class='ocrx_word' id='word_1_109' title='bbox 619 1419 804 1497; x_wconf 72' lang='grc' dir='ltr'><em>ᾆσάτω</em></span> <span class='ocrx_word' id='word_1_110' title='bbox 835 1419 863 1478; x_wconf 86' lang='grc' dir='ltr'><em>ὃ</em></span> <span class='ocrx_word' id='word_1_111' title='bbox 898 1420 1137 1497; x_wconf 73' lang='grc' dir='ltr'><em>Θρᾴκιος</em></span> <span class='ocrx_word' id='word_1_112' title='bbox 1162 1419 1395 1494; x_wconf 73' lang='grc' dir='ltr'><em>Ὀρφεύς</em></span> <span class='ocrx_word' id='word_1_113' title='bbox 1889 1441 1930 1474; x_wconf 85' lang='lat'><em>15</em></span> 
     </span>
    </p>
   </div>
   <div class='ocr_carea' id='block_1_5' title="bbox 212 1515 1932 2615">
    <p class='ocr_par' dir='ltr' id='par_1_7' title="bbox 212 1515 1932 2615">
     <span class='ocr_line' id='line_1_17' title="bbox 398 1515 1528 1587; baseline 0 -15"><span class='ocrx_word' id='word_1_114' title='bbox 398 1528 535 1587; x_wconf 82' lang='grc' dir='ltr'><em>χεῖρα</em></span> <span class='ocrx_word' id='word_1_115' title='bbox 562 1522 614 1574; x_wconf 82' lang='grc' dir='ltr'><em>δὲ</em></span> <span class='ocrx_word' id='word_1_116' title='bbox 640 1515 886 1586; x_wconf 78' lang='grc' dir='ltr'><em>δεξιτερὴν</em></span> <span class='ocrx_word' id='word_1_117' title='bbox 912 1521 992 1572; x_wconf 78' lang='grc' dir='ltr'><em>ἐπὶ</em></span> <span class='ocrx_word' id='word_1_118' title='bbox 1019 1522 1251 1586; x_wconf 79' lang='grc' dir='ltr'><em>τέρματος</em></span> <span class='ocrx_word' id='word_1_119' title='bbox 1271 1518 1528 1573; x_wconf 75' lang='grc' dir='ltr'><em>Ὠκεανοῖο</em></span> 
     </span>
     <span class='ocr_line' id='line_1_18' title="bbox 212 1587 1704 1659; baseline 0.001 -16"><span class='ocrx_word' id='word_1_120' title='bbox 212 1630 233 1651; x_wconf 54' lang='lat'>0</span> <span class='ocrx_word' id='word_1_121' title='bbox 401 1589 654 1644; x_wconf 76' lang='grc' dir='ltr'><em>πάντοθεν</em></span> <span class='ocrx_word' id='word_1_122' title='bbox 681 1593 957 1643; x_wconf 84' lang='grc' dir='ltr'><em>ἐκτέτακεν·</em></span> <span class='ocrx_word' id='word_1_123' title='bbox 997 1596 1112 1659; x_wconf 91' lang='grc' dir='ltr'><em>γαίη</em></span> <span class='ocrx_word' id='word_1_124' title='bbox 1139 1588 1185 1642; x_wconf 85' lang='grc' dir='ltr'><em>δ’</em></span> <span class='ocrx_word' id='word_1_125' title='bbox 1216 1587 1313 1643; x_wconf 77' lang='grc' dir='ltr'><em>ὑπὸ</em></span> <span class='ocrx_word' id='word_1_126' title='bbox 1339 1592 1480 1643; x_wconf 81' lang='grc' dir='ltr'><em>ποσσὶ</em></span> <span class='ocrx_word' id='word_1_127' title='bbox 1507 1593 1704 1659; x_wconf 86' lang='grc' dir='ltr'><em>βέβηκε.</em></span> 
     </span>
     <span class='ocr_line' id='line_1_19' title="bbox 259 1694 1868 1770; baseline -0.002 -16"><span class='ocrx_word' id='word_1_128' title='bbox 259 1701 428 1754; x_wconf 79' lang='grc' dir='ltr'><em>ταῦτα</em></span> <span class='ocrx_word' id='word_1_129' title='bbox 454 1700 711 1770; x_wconf 79' lang='grc' dir='ltr'><em>ἐμφανῶς</em></span> <span class='ocrx_word' id='word_1_130' title='bbox 738 1700 957 1754; x_wconf 82' lang='grc' dir='ltr'><em>ἐκεῖθεν</em></span> <span class='ocrx_word' id='word_1_131' title='bbox 983 1704 1232 1768; x_wconf 76' lang='grc' dir='ltr'><em>εἴληπται</em></span> <span class='ocrx_word' id='word_1_132' title='bbox 1247 1694 1475 1767; x_wconf 81' lang='grc' dir='ltr'><em>“κυ’ριος</em></span> <span class='ocrx_word' id='word_1_133' title='bbox 1493 1695 1660 1754; x_wconf 77' lang='grc' dir='ltr'><em>σώσει</em></span> <span class='ocrx_word' id='word_1_134' title='bbox 1683 1694 1868 1762; x_wconf 86' lang='grc' dir='ltr'><em>πόλεις</em></span> 
     </span>
     <span class='ocr_line' id='line_1_20' title="bbox 259 1777 1867 1854; baseline -0.001 -16"><span class='ocrx_word' id='word_1_135' title='bbox 259 1785 707 1854; x_wconf 88' lang='grc' dir='ltr'><em>κατοικουμένας,</em></span> <span class='ocrx_word' id='word_1_136' title='bbox 740 1783 830 1837; x_wconf 86' lang='grc' dir='ltr'><em>καὶ</em></span> <span class='ocrx_word' id='word_1_137' title='bbox 861 1779 962 1852; x_wconf 86' lang='grc' dir='ltr'><em>τὴν</em></span> <span class='ocrx_word' id='word_1_138' title='bbox 986 1783 1318 1853; x_wconf 81' lang='grc' dir='ltr'><em>οἰκουμένην</em></span> <span class='ocrx_word' id='word_1_139' title='bbox 1341 1777 1477 1852; x_wconf 76' lang='grc' dir='ltr'><em>ὅλην</em></span> <span class='ocrx_word' id='word_1_140' title='bbox 1501 1778 1867 1852; x_wconf 81' lang='grc' dir='ltr'><em>καταλήψεται</em></span> 
     </span>
     <span class='ocr_line' id='line_1_21' title="bbox 259 1863 1931 1940; baseline 0 -17"><span class='ocrx_word' id='word_1_141' title='bbox 259 1872 326 1940; x_wconf 82' lang='grc' dir='ltr'><em>τῇ</em></span> <span class='ocrx_word' id='word_1_142' title='bbox 358 1867 533 1939; x_wconf 88' lang='grc' dir='ltr'><em>χειρὶ,</em></span> <span class='ocrx_word' id='word_1_143' title='bbox 581 1890 652 1930; x_wconf 86' lang='grc' dir='ltr'><em>ως</em></span> <span class='ocrx_word' id='word_1_144' title='bbox 683 1883 940 1936; x_wconf 87' lang='grc' dir='ltr'><em>νοσσιαν,</em></span> <span class='ocrx_word' id='word_1_145' title='bbox 986 1863 1173 1936; x_wconf 83' lang='grc' dir='ltr'><em>κύριος</em></span> <span class='ocrx_word' id='word_1_146' title='bbox 1203 1863 1232 1921; x_wconf 84' lang='grc' dir='ltr'>ὁ</span> <span class='ocrx_word' id='word_1_147' title='bbox 1275 1863 1506 1935; x_wconf 80' lang='grc' dir='ltr'><em>ποιήσας</em></span> <span class='ocrx_word' id='word_1_148' title='bbox 1537 1863 1638 1936; x_wconf 84' lang='grc' dir='ltr'><em>τὴν</em></span> <span class='ocrx_word' id='word_1_149' title='bbox 1667 1867 1775 1936; x_wconf 85' lang='grc' dir='ltr'><em>γῆν</em></span> <span class='ocrx_word' id='word_1_150' title='bbox 1807 1868 1868 1922; x_wconf 84' lang='grc' dir='ltr'><em>έν</em></span> <span class='ocrx_word' id='word_1_151' title='bbox 1890 1891 1931 1923; x_wconf 82' lang='lat'><em>20</em></span> 
     </span>
     <span class='ocr_line' id='line_1_22' title="bbox 259 1944 1868 2024; baseline -0.001 -17.978"><span class='ocrx_word' id='word_1_152' title='bbox 259 1954 325 2024; x_wconf 80' lang='grc' dir='ltr'><em>τῇ</em></span> <span class='ocrx_word' id='word_1_153' title='bbox 360 1948 511 2023; x_wconf 81' lang='grc' dir='ltr'><em>ἰσχύι·</em></span> <span class='ocrx_word' id='word_1_154' title='bbox 547 1945 754 2006; x_wconf 79' lang='grc' dir='ltr'><em>αὖτοῦ”</em></span> <span class='ocrx_word' id='word_1_155' title='bbox 794 1948 866 2015; x_wconf 72' lang='grc' dir='ltr'><em>ὥς</em></span> <span class='ocrx_word' id='word_1_156' title='bbox 898 1967 1070 2021; x_wconf 88' lang='grc' dir='ltr'><em>φησιν</em></span> <span class='ocrx_word' id='word_1_157' title='bbox 1091 1944 1390 2021; x_wconf 51' lang='grc' dir='ltr'><em>τεΙερεμίας</em></span> <span class='ocrx_word' id='word_1_158' title='bbox 1395 1944 1505 2005; x_wconf 87' lang='grc' dir='ltr'><em>καὶ</em></span> <span class='ocrx_word' id='word_1_159' title='bbox 1537 1947 1868 2020; x_wconf 74' lang='grc' dir='ltr'><em>ἀνορθώσας</em></span> 
     </span>
     <span class='ocr_line' id='line_1_23' title="bbox 253 2029 1868 2140; baseline 0 -49"><span class='ocrx_word' id='word_1_160' title='bbox 253 2034 361 2106; x_wconf 85' lang='grc' dir='ltr'><em>τὴν</em></span> <span class='ocrx_word' id='word_1_161' title='bbox 391 2036 722 2140; x_wconf 82' lang='grc' dir='ltr'><em>οἰκουμένην</em></span> <span class='ocrx_word' id='word_1_162' title='bbox 755 2037 814 2090; x_wconf 82' lang='grc' dir='ltr'><em>ἐν</em></span> <span class='ocrx_word' id='word_1_163' title='bbox 843 2039 908 2107; x_wconf 78' lang='grc' dir='ltr'><em>τῇ</em></span> <span class='ocrx_word' id='word_1_164' title='bbox 940 2039 1112 2108; x_wconf 82' lang='grc' dir='ltr'><em>σοφία</em></span> <span class='ocrx_word' id='word_1_165' title='bbox 1142 2029 1328 2090; x_wconf 81' lang='grc' dir='ltr'><em>αὐτοῦ.</em></span> <span class='ocrx_word' id='word_1_166' title='bbox 1338 2029 1368 2050; x_wconf 84' lang='grc'><strong>”</strong></span> <span class='ocrx_word' id='word_1_167' title='bbox 1424 2039 1501 2089; x_wconf 81' lang='grc' dir='ltr'><em>ε”τι</em></span> <span class='ocrx_word' id='word_1_168' title='bbox 1524 2031 1659 2106; x_wconf 84' lang='grc' dir='ltr'><em>πρὸς</em></span> <span class='ocrx_word' id='word_1_169' title='bbox 1681 2038 1868 2091; x_wconf 85' lang='grc' dir='ltr'><em>τοῖσδε</em></span> 
     </span>
     <span class='ocr_line' id='line_1_24' title="bbox 264 2115 1870 2193; baseline -0.001 -17"><span class='ocrx_word' id='word_1_170' title='bbox 264 2124 593 2191; x_wconf 76' lang='grc' dir='ltr'><em>Φωκυλίδης</em></span> <span class='ocrx_word' id='word_1_171' title='bbox 623 2142 725 2191; x_wconf 91' lang='grc' dir='ltr'><em>μεν</em></span> <span class='ocrx_word' id='word_1_172' title='bbox 755 2142 882 2185; x_wconf 91' lang='grc' dir='ltr'><em>τους</em></span> <span class='ocrx_word' id='word_1_173' title='bbox 913 2115 1178 2190; x_wconf 86' lang='grc' dir='ltr'><em>αγγέλους</em></span> <span class='ocrx_word' id='word_1_174' title='bbox 1211 2123 1476 2193; x_wconf 89' lang='grc' dir='ltr'><em>δαίμονας</em></span> <span class='ocrx_word' id='word_1_175' title='bbox 1509 2124 1711 2190; x_wconf 76' lang='grc' dir='ltr'><em>καλῶν,</em></span> <span class='ocrx_word' id='word_1_176' title='bbox 1742 2116 1870 2185; x_wconf 83' lang='grc' dir='ltr'><em>τοὺς</em></span> 
     </span>
     <span class='ocr_line' id='line_1_25' title="bbox 256 2199 1871 2277; baseline 0.001 -17.005"><span class='ocrx_word' id='word_1_177' title='bbox 256 2229 364 2277; x_wconf 86' lang='grc' dir='ltr'><em>μεν</em></span> <span class='ocrx_word' id='word_1_178' title='bbox 395 2203 537 2260; x_wconf 83' lang='grc' dir='ltr'><em>εἶναι</em></span> <span class='ocrx_word' id='word_1_179' title='bbox 567 2200 815 2276; x_wconf 77' lang='grc' dir='ltr'><em>ἄγαθους</em></span> <span class='ocrx_word' id='word_1_180' title='bbox 846 2199 1058 2276; x_wconf 76' lang='grc' dir='ltr'><em>αὐτῶν,</em></span> <span class='ocrx_word' id='word_1_181' title='bbox 1090 2201 1216 2270; x_wconf 82' lang='grc' dir='ltr'><em>τούς</em></span> <span class='ocrx_word' id='word_1_182' title='bbox 1249 2204 1310 2260; x_wconf 91' lang='grc' dir='ltr'><em>δε</em></span> <span class='ocrx_word' id='word_1_183' title='bbox 1340 2202 1588 2277; x_wconf 84' lang='grc' dir='ltr'><em>φαύλους</em></span> <span class='ocrx_word' id='word_1_184' title='bbox 1621 2202 1712 2261; x_wconf 82' lang='grc' dir='ltr'><em>διὰ</em></span> <span class='ocrx_word' id='word_1_185' title='bbox 1741 2202 1871 2262; x_wconf 84' lang='grc' dir='ltr'><em>τού-</em></span> 
     </span>
     <span class='ocr_line' id='line_1_26' title="bbox 258 2287 1932 2362; baseline 0.004 -17"><span class='ocrx_word' id='word_1_186' title='bbox 258 2312 374 2345; x_wconf 84' lang='grc' dir='ltr'><em>των</em></span> <span class='ocrx_word' id='word_1_187' title='bbox 404 2295 764 2362; x_wconf 82' lang='grc' dir='ltr'><em>παρίστησιν,</em></span> <span class='ocrx_word' id='word_1_188' title='bbox 798 2290 916 2348; x_wconf 82' lang='grc' dir='ltr'><em>ἐπεὶ</em></span> <span class='ocrx_word' id='word_1_189' title='bbox 946 2291 1038 2346; x_wconf 86' lang='grc' dir='ltr'><em>καὶ</em></span> <span class='ocrx_word' id='word_1_190' title='bbox 1068 2287 1225 2361; x_wconf 81' lang='grc' dir='ltr'><em>ἡμεῖς</em></span> <span class='ocrx_word' id='word_1_191' title='bbox 1255 2287 1563 2358; x_wconf 81' lang='grc' dir='ltr'><em>ἀποστάτας</em></span> <span class='ocrx_word' id='word_1_192' title='bbox 1586 2313 1737 2359; x_wconf 84' lang='grc' dir='ltr'><em>τινας</em></span> <span class='ocrx_word' id='word_1_193' title='bbox 1768 2311 1867 2349; x_wconf 79' lang='grc' dir='ltr'><em>ποι-</em></span> <span class='ocrx_word' id='word_1_194' title='bbox 1891 2316 1932 2351; x_wconf 81' lang='lat'><em>25</em></span> 
     </span>
     <span class='ocr_line' id='line_1_27' title="bbox 219 2372 630 2447; baseline 0.005 -17"><span class='ocrx_word' id='word_1_195' title='bbox 219 2392 240 2424; x_wconf 86' lang='lat' dir='ltr'>d</span> <span class='ocrx_word' id='word_1_196' title='bbox 265 2372 630 2447; x_wconf 80' lang='grc' dir='ltr'><em>ρειλήφαμεν,</em></span> 
     </span>
     <span class='ocr_line' id='line_1_28' title="bbox 402 2467 1795 2561; baseline 0.003 -38"><span class='ocrx_word' id='word_1_197' title='bbox 402 2467 511 2524; x_wconf 69' lang='grc' dir='ltr'><em>ἀλλ’</em></span> <span class='ocrx_word' id='word_1_198' title='bbox 540 2471 634 2534; x_wconf 86' lang='grc' dir='ltr'><em>άρα</em></span> <span class='ocrx_word' id='word_1_199' title='bbox 664 2475 888 2540; x_wconf 87' lang='grc' dir='ltr'><em>δαίμονές</em></span> <span class='ocrx_word' id='word_1_200' title='bbox 915 2477 1037 2526; x_wconf 87' lang='grc' dir='ltr'><em>εἰσιν</em></span> <span class='ocrx_word' id='word_1_201' title='bbox 1064 2472 1145 2526; x_wconf 80' lang='grc' dir='ltr'><em>ἐπ’</em></span> <span class='ocrx_word' id='word_1_202' title='bbox 1140 2470 1410 2561; x_wconf 73' lang='grc' dir='ltr'><em>ἀνδράσιν</em></span> <span class='ocrx_word' id='word_1_203' title='bbox 1436 2473 1607 2528; x_wconf 68' lang='grc' dir='ltr'><em>ἄλλοτε</em></span> <span class='ocrx_word' id='word_1_204' title='bbox 1631 2474 1795 2541; x_wconf 74' lang='grc' dir='ltr'><em>ἄλλοι,</em></span> 
     </span>
     <span class='ocr_line' id='line_1_29' title="bbox 405 2541 1646 2615; baseline 0.002 -21"><span class='ocrx_word' id='word_1_205' title='bbox 405 2546 457 2594; x_wconf 82' lang='grc' dir='ltr'><em>οἵ</em></span> <span class='ocrx_word' id='word_1_206' title='bbox 476 2544 563 2610; x_wconf 83' lang='grc' dir='ltr'><em>μὲν</em></span> <span class='ocrx_word' id='word_1_207' title='bbox 591 2544 916 2611; x_wconf 81' lang='grc' dir='ltr'><em>ἐπερχομένου</em></span> <span class='ocrx_word' id='word_1_208' title='bbox 941 2541 1096 2596; x_wconf 87' lang='grc' dir='ltr'><em>κακὸν</em></span> <span class='ocrx_word' id='word_1_209' title='bbox 1125 2541 1295 2615; x_wconf 83' lang='grc' dir='ltr'><em>ανέρος</em></span> <span class='ocrx_word' id='word_1_210' title='bbox 1322 2547 1646 2599; x_wconf 83' lang='grc' dir='ltr'><em>ε’κλυσασθαι.</em></span> 
     </span>
    </p>
   </div>
   <div class='ocr_carea' id='block_1_6' title="bbox 262 2641 1930 2807">
    <p class='ocr_par' dir='ltr' id='par_1_8' title="bbox 262 2641 1930 2807">
     <span class='ocr_line' id='line_1_30' title="bbox 262 2641 1867 2724; baseline 0.001 -19"><span class='ocrx_word' id='word_1_211' title='bbox 262 2652 346 2706; x_wconf 78' lang='lat'><em>55.</em></span> <span class='ocrx_word' id='word_1_212' title='bbox 380 2652 558 2715; x_wconf 76' lang='grc' dir='ltr'><em>καλῶς</em></span> <span class='ocrx_word' id='word_1_213' title='bbox 598 2641 700 2706; x_wconf 79' lang='grc' dir='ltr'><em>οὖν</em></span> <span class='ocrx_word' id='word_1_214' title='bbox 739 2651 830 2706; x_wconf 82' lang='grc' dir='ltr'><em>καὶ</em></span> <span class='ocrx_word' id='word_1_215' title='bbox 864 2650 1128 2724; x_wconf 82' lang='grc' dir='ltr'><em>Φιλήμων</em></span> <span class='ocrx_word' id='word_1_216' title='bbox 1167 2647 1195 2708; x_wconf 84' lang='grc' dir='ltr'>ὁ</span> <span class='ocrx_word' id='word_1_217' title='bbox 1227 2650 1462 2724; x_wconf 87' lang='grc' dir='ltr'><em>κωμικὸς</em></span> <span class='ocrx_word' id='word_1_218' title='bbox 1501 2649 1602 2723; x_wconf 85' lang='grc' dir='ltr'><em>τὴν</em></span> <span class='ocrx_word' id='word_1_219' title='bbox 1644 2654 1867 2707; x_wconf 86' lang='grc' dir='ltr'><em>εἰδωλο-</em></span> 
     </span>
     <span class='ocr_line' id='line_1_31' title="bbox 263 2731 1930 2807; baseline 0.003 -17"><span class='ocrx_word' id='word_1_220' title='bbox 263 2738 494 2807; x_wconf 90' lang='grc' dir='ltr'><em>λατρίαν</em></span> <span class='ocrx_word' id='word_1_221' title='bbox 527 2731 776 2790; x_wconf 84' lang='grc' dir='ltr'><em>ἐκκόπτει</em></span> <span class='ocrx_word' id='word_1_222' title='bbox 807 2732 898 2791; x_wconf 76' lang='grc' dir='ltr'><em>διὰ</em></span> <span class='ocrx_word' id='word_1_223' title='bbox 927 2735 1140 2792; x_wconf 84' lang='grc' dir='ltr'><em>τούτων</em></span> <span class='ocrx_word' id='word_1_224' title='bbox 1890 2754 1930 2786; x_wconf 85' lang='grc'><em>30</em></span> 
     </span>
    </p>
   </div>
   <div class='ocr_carea' id='block_1_7' title="bbox 404 2835 1348 2908">
    <p class='ocr_par' dir='ltr' id='par_1_9' title="bbox 404 2835 1348 2908">
     <span class='ocr_line' id='line_1_32' title="bbox 404 2835 1348 2908; baseline 0.005 -19"><span class='ocrx_word' id='word_1_225' title='bbox 404 2838 494 2890; x_wconf 83' lang='grc' dir='ltr'><em>οὐκ</em></span> <span class='ocrx_word' id='word_1_226' title='bbox 524 2840 653 2890; x_wconf 74' lang='grc' dir='ltr'><em>ἔστιν</em></span> <span class='ocrx_word' id='word_1_227' title='bbox 679 2840 798 2906; x_wconf 76' lang='grc' dir='ltr'><em>ἡμῖν</em></span> <span class='ocrx_word' id='word_1_228' title='bbox 825 2835 1027 2908; x_wconf 76' lang='grc' dir='ltr'><em>οὐδεμία</em></span> <span class='ocrx_word' id='word_1_229' title='bbox 1053 2839 1176 2908; x_wconf 84' lang='grc' dir='ltr'><em>τύχη</em></span> <span class='ocrx_word' id='word_1_230' title='bbox 1203 2838 1348 2904; x_wconf 79' lang='grc' dir='ltr'><em>θεὸς,</em></span> 
     </span>
    </p>
   </div>
  </div>
 </body>
</html>
