2014 3146
556 123 772 164 PRAEP.
801 123 1023 165 EVANG
1054 123 1156 165 XII.
1188 124 1254 165 29.
1288 125 1356 165 30.
1653 121 1750 172 121

142 262 258 307 πως
289 237 756 312 ἀπομαραίνεται,
790 237 930 296 ω’στε
960 243 1180 296 παίδων
1210 239 1385 311 μηδὲν
1417 243 1604 296 δοκεῖν
1638 243 1752 295 δια-

144 326 354 397 φέρειν.

282 419 427 468 XXX.
492 409 604 464 Καὶ
627 404 760 481 παρ’
794 403 929 481 ἡμῖν
953 409 1079 480 περὶ
1111 405 1286 478 πάσης
1317 411 1411 480 τῆς
1445 410 1504 465 ἐν
1527 405 1753 479 ἆνθρῶ-
1778 429 1801 461 d

141 515 263 558 ποις
311 497 628 565 σοφιστείας
682 491 938 592 εἰ’ρηται”
943 487 997 564 ἡ
1050 489 1155 565 γὰρ
1195 497 1366 564 σοφία
1406 494 1506 549 τοῦ
1544 490 1753 565 κόσμου

98 576 340 635 5τούτου
385 583 566 650 μωρία
607 598 754 651 παρα
793 580 870 651 τῷ
921 579 1039 634 θεῶ
1079 580 1208 633 ἐστί.
1279 579 1582 650 γέγραπται
1627 601 1751 649 γαρ,

140 659 330 719 ἀπολῶ
370 659 472 734 τὴν
513 667 718 734 σοφίαν
748 664 861 718 τῶν
891 666 1115 733 σοφῶν,
1149 661 1240 717 καὶ
1264 660 1366 732 τὴν
1390 660 1621 718 σύνεσιν
1642 664 1755 718 τῶν

142 749 393 804 συνετῶν
416 744 688 818 ἀθετήσω.
738 749 846 803 ποῦ
871 743 1069 817 σοφός;
1102 748 1210 802 ποῦ
1235 744 1614 818 γραμματεύς;
1647 751 1754 802 ποῦ

141 829 442 904 συζητητὴς
471 832 572 887 τοῦ
601 831 800 896 αἰῶνος
831 826 1098 899 τούτου;”
1131 833 1180 886 2.
1215 826 1354 885 ἀλλὰ
1384 831 1475 885 καὶ
1506 831 1757 902 περὶτοῦ

144 920 265 973 δεῖν
294 915 470 988 μηδὲν
500 912 867 989 σμικρολόγον
901 926 1138 987 φρονεῖν
1167 910 1295 980 τούς
1327 911 1463 970 κατὰ
1493 912 1631 971 θεὸν
1661 938 1756 986 φι-

79 1023 118 1055 10
143 1002 518 1072 λοσοφοῦντας
563 996 946 1072 διδασκόμεθα
988 1002 1047 1055 ἐν
1077 995 1159 1066 οἷς
1205 1008 1416 1071 εἴρηται
1440 994 1758 1055 “σκοπου’ν-

141 1108 254 1142 των
283 1079 441 1158 ἡμῶν
471 1081 537 1140 οὐ
568 1082 633 1140 τὰ
665 1081 1006 1157 βλεπόμενα,
1046 1079 1186 1139 ἀλλὰ
1215 1082 1281 1139 τὰ
1312 1081 1385 1156 μὴ
1418 1081 1754 1156 βλεπόμενα·

142 1167 208 1225 τὰ
243 1168 348 1243 γὰρ
389 1165 702 1241 βλεπόμενα
742 1166 1083 1243 πρόσκαιρα,
1119 1165 1194 1224 ’τοὶ
1235 1168 1296 1224 δὲ
1327 1165 1400 1241 μὴ
1442 1166 1757 1240 βλεπόμενα

144 1251 395 1311 αἰῶνια.”
434 1260 479 1310 3.
514 1255 605 1309 καὶ
629 1255 757 1326 περὶ
786 1255 887 1310 τοῦ
904 1250 1007 1324 τὴν
1026 1258 1226 1309 κακίαν
1250 1255 1377 1326 περὶ
1414 1256 1519 1324 γῆν
1550 1255 1640 1309 καὶ
1661 1250 1757 1309 τὸν
1775 1274 1865 1315 (607)

142 1335 354 1410 θνητὸν
385 1345 513 1410 βίον
545 1342 826 1394 είλεῖσθαί
851 1343 994 1410 φησί
1018 1359 1128 1393 που
1157 1332 1186 1393 6
1218 1347 1374 1402 θεῖος
1405 1333 1606 1409 λόγος(
1611 1335 1758 1404 Ἑξα-

79 1445 120 1477 15
143 1420 496 1496 γοραζόμενοι
526 1420 623 1480 τὸν
655 1421 893 1527 καιρὸν,
899 1419 982 1478 ότι
1013 1426 1076 1478 αἱ
1100 1416 1298 1494 ἡμέραι
1329 1427 1571 1493 πονηραί
1593 1417 1756 1479 εἰσι.”

144 1503 290 1564 καὶ“
298 1503 531 1582 αρκετὸν
559 1513 626 1580 τῇ
656 1505 832 1581 ἡμέρα
862 1501 896 1579 ἡ
928 1512 1092 1562 κακία
1123 1502 1325 1577 αὐτῆς.
1393 1509 1540 1577 λέγει
1575 1507 1635 1562 δε
1665 1508 1756 1563 καὶ

143 1587 172 1648 6
203 1590 522 1666 προφήτης
530 1588 655 1665 ἀρα
675 1593 768 1648 καὶ
789 1588 965 1662 κλοπὴ
990 1592 1082 1647 καὶ
1105 1597 1319 1663 μοιχεία
1351 1592 1443 1646 καὶ
1466 1589 1637 1662 φόνος
1668 1591 1760 1647 κε’-

146 1700 304 1750 χυται
338 1679 424 1733 ἐπὶ
454 1679 549 1748 τῆς
580 1681 699 1748 γῆς,
732 1677 824 1732 καὶ
857 1680 1060 1748 αἵματα
1093 1671 1182 1747 ἐφ’
1218 1679 1410 1748 αἵμασι
1440 1671 1756 1747 μίσγουσι.”

145 1765 195 1816 4.
227 1762 354 1835 περὶ
389 1761 449 1818 δὲ
478 1763 578 1817 τοῦ
597 1759 832 1833 φεύγειν
857 1761 1093 1817 ἐνθένδε
1122 1759 1271 1833 παρὰ
1302 1757 1399 1816 τὸν
1421 1757 1562 1816 θεὸν
1585 1761 1759 1832 φησὶν

82 1867 124 1900 20
146 1844 175 1902 6
208 1848 421 1917 Μωσῆς
445 1841 661 1902 “όπίσω
694 1851 891 1917 κυρίου
929 1847 1027 1902 τοῦ
1057 1846 1199 1901 θεοῦ
1230 1861 1332 1901 σου
1370 1842 1637 1918 πορεύσῃ,
1668 1846 1760 1901 καὶ

147 1927 282 2003 πρὸς
323 1927 513 1987 αὐτὸν
532 1925 909 2004 κολληθήσῃ.”
973 1924 1001 1985 6
1045 1927 1095 1985 δ’
1136 1924 1300 1996 αὐτὸς
1342 1938 1633 2002 μιμεῖσθαι
1663 1928 1760 1985 τὸν
1785 1951 1806 1982 b

147 2013 285 2072 θεὸν
339 2012 591 2072 διὸασκει
640 2016 818 2086 λέγων
863 2009 1047 2086 “ἅγιοι
1101 2020 1328 2085 ἔσεσθε,
1378 2011 1462 2070 ότι
1502 2011 1692 2086 κύριος
1731 2011 1759 2069 ὁ

147 2098 280 2164 θεὸς
320 2097 477 2172 ἡμῶν
517 2096 669 2170 αγιός
713 2102 839 2155 ἐστι.
849 2095 878 2117 ”
942 2102 990 2154 5.
1027 2102 1244 2154 δίκαιον
1285 2098 1345 2154 δε
1391 2093 1536 2153 καὶ
1512 2120 1540 2153 ο
1571 2098 1762 2168 Δαβὶδ

148 2182 244 2240 τὸν
295 2182 434 2241 θεὸν
487 2182 648 2249 εἰδώς
700 2178 839 2255 ἡμᾶς
881 2204 940 2238 τε
979 2178 1181 2247 αὐτοὺς
1221 2180 1452 2254 μιμητὰς
1496 2183 1762 2252 γενέσθαι

87 2287 127 2320 25
151 2272 452 2340 παρορμῶν
467 2285 605 2338 φησι
625 2262 878 2332 “δίκαιος
900 2264 1111 2338 κύριος,
1133 2267 1226 2321 καὶ
1250 2263 1605 2330 δικαιοσύνας
1630 2262 1762 2337 ἠγά-

151 2347 381 2421 πἠσεν.”
433 2345 462 2406 6
504 2346 557 2406 δ’
593 2343 758 2416 αὐτὸς
789 2347 1032 2407 πλούτου
1062 2363 1437 2422 καταφρονεῖν
1467 2351 1763 2406 ἐπαίδευσε

152 2435 330 2505 λέγων
355 2429 385 2450 “
405 2439 639 2499 πλοῦτος
673 2431 769 2490 ἐὰν
800 2436 928 2508 ῥέῃ,
960 2432 1034 2507 μὴ
1065 2441 1444 2508 προστίθεσθε
1473 2429 1760 2508 καρδίαν.”

152 2520 244 2574 καὶ
265 2515 379 2590 “μὴ
421 2522 601 2591 φοβοῦ
642 2515 774 2575 ὅταν
813 2517 1096 2592 πλουτήσῃ
1138 2516 1464 2592 ἅνθρωπος,
1508 2520 1600 2575 καὶ
1629 2514 1764 2575 ὅταν

152 2606 460 2676 πληθυνθῇ
500 2601 534 2675 ἡ
579 2602 708 2671 δόξα
748 2607 846 2659 τοῦ
887 2611 1043 2661 οἴκου
1084 2599 1280 2661 αὐτοῦ·
1341 2602 1423 2660 ὅτι
1454 2599 1556 2659 οὐκ
1599 2606 1659 2659 ἐν
1687 2605 1765 2678 τῷ

90 2707 132 2740 30
154 2684 535 2759 ἀποθνήσκειν
556 2684 726 2744 αὐτὸν
747 2685 977 2759 λήψεται
999 2712 1064 2744 τα
1088 2686 1286 2760 πάντα,
1319 2686 1454 2744 οὐδὲ
1486 2704 1764 2759 συγκατα-

154 2769 382 2843 βήσεται
413 2770 563 2828 αὐτῶ
593 2770 627 2844 ἡ
672 2769 803 2839 δόξα
834 2769 1021 2830 αὐτοῦ.
1029 2770 1059 2791 ”
1136 2777 1186 2828 6.
1219 2769 1358 2828 ἀλλὰ
1397 2772 1537 2845 μηδὲ
1575 2770 1671 2837 τὰς
1704 2773 1762 2826 ἐν
1787 2802 1804 2823 c

154 2853 475 2930 ἀνθρώποις
523 2853 692 2930 ἀρχας
740 2855 1046 2929 θαυμάζειν
1098 2860 1392 2914 ἐδίδασκεν
1444 2858 1504 2913 ἐν
1553 2853 1765 2919 τούτοις
