2014 3146
624 147 836 190 PRAEP.
870 146 1090 187 EVANG.
1124 147 1202 186 XI.
1236 149 1275 188 3.
1306 148 1347 188 4.
1768 145 1802 196 ξ)

1139 239 1159 256 .-

189 260 602 336 άπροσαύδητοι
626 265 909 322 διετέλουν
933 261 1104 329 ὄντες.
1153 267 1200 319 6.
1228 260 1469 320 Πλάτων
1492 265 1678 334 μέντοι
1702 286 1800 319 κα-

191 347 462 421 τανοήσας
503 347 576 414 ῶς
617 357 702 421 εἴη
733 355 831 422 μία
861 372 940 415 τις
971 347 1004 420 ἡ
1038 350 1150 404 τῶν
1179 354 1356 404 θείων
1386 348 1478 403 καὶ
1509 343 1802 419 ἀνθρωπί-

192 457 308 490 νων
339 431 634 506 ἐπιστήμη,
674 437 888 506 πρῶτος
921 438 1119 504 διεῖλε,
1153 433 1243 488 καὶ
1276 438 1382 504 ἔφη
1412 431 1515 505 τὴν
1545 433 1647 503 μέν
1675 455 1802 488 τινα

191 519 318 591 περὶ
349 520 444 589 τῆς
474 523 571 574 τοῦ
602 517 807 584 παντὸς
837 516 1060 590 φύσεως
1092 516 1236 574 εἶναι
1265 523 1665 590 πραγματείαν,
1699 513 1802 588 τὴν

148 618 167 650 5
194 602 254 658 δὲ
295 603 422 676 περὶ
461 605 574 658 τῶν
613 600 1020 675 ἀνθρωπίνων,
1061 607 1252 673 τρίτην
1292 598 1483 673 δὲτὴν
1512 601 1638 674 περὶ
1671 599 1802 667 τούς

190 684 401 758 λόγους.
481 691 523 742 7.
575 682 734 757 ἠξίου
786 686 848 741 δὲ
897 683 971 758 μὴ
1025 684 1307 742 δυ’νασθαι
1355 683 1421 741 τὰ
1469 683 1802 758 ἀνθρώπινα

190 774 438 827 κατιδεῖν
464 766 633 842 ἡμᾶς,
674 775 724 826 εἰ
751 767 825 842 μὴ
854 768 920 826 τὰ
949 779 1081 826 θεῖα
1112 766 1381 842 πρότερον
1410 765 1641 840 ὀφθείη·
1703 792 1804 825 κα-

187 852 372 927 θάπερ
412 851 519 927 γαρ
549 858 607 911 oc
644 855 821 927 ἰατροὶ
850 856 989 927 με’ρη
1019 852 1142 910 τινὰ
1171 850 1581 925 θεραπεύοντες
1614 856 1803 925 ἐπιμε-

189 941 415 995 λοῦνται
455 940 567 995 τῶν
607 935 755 995 ὅλων
797 936 1069 1010 σωμάτων
1108 941 1358 1011 πρῶτον,
1410 933 1556 993 οὕτω
1604 940 1804 1011 χρῆναι

126 1040 166 1071 10
190 1024 282 1079 καὶ
306 1022 403 1080 τὸν
434 1025 703 1095 μέλλοντα
726 1020 976 1080 τάνθάδε
1008 1020 1351 1090 κατόψεσθαι
1381 1018 1484 1093 τὴν
1513 1025 1626 1078 τῶν
1655 1017 1803 1079 ὅλων

189 1105 363 1179 φύσιν
404 1109 613 1163 εἰδέναι
651 1105 946 1181 πρότερον·
1007 1109 1170 1181 μέρος
1208 1129 1267 1162 τε
1309 1105 1453 1164 εἶναι
1482 1109 1593 1163 τῶν
1623 1103 1802 1164 ὅντων

188 1190 285 1248 τὸν
326 1188 659 1262 ἄνθρωπον,
716 1194 809 1247 καὶ
847 1190 1099 1263 τάγαθὸν
1131 1189 1342 1263 διττὸν,
1383 1183 1443 1247 τὸ
1475 1191 1577 1262 μὲν
1607 1186 1801 1263 ἡμέτε-

190 1299 318 1347 ρον,
360 1274 418 1332 τὸ
460 1275 522 1331 δὲ
561 1278 660 1332 τοῦ
699 1273 931 1347 παντὸς,
974 1274 1314 1349 κυριώτερον
1345 1276 1406 1331 δὲ
1436 1274 1496 1331 τὸ
1526 1278 1626 1332 τοῦ
1657 1296 1802 1331 παν-

188 1357 305 1425 τός’·
367 1358 458 1415 διὰ
492 1357 596 1430 γάρ
630 1361 846 1417 ἐκείνου
878 1361 970 1415 καὶ
1000 1362 1162 1416 τοῦτο
1192 1364 1505 1431 γίγνεσθαι.
1583 1363 1628 1416 8.
1663 1361 1802 1431 φησὶ

126 1458 166 1490 15
191 1439 243 1499 δ’
289 1440 660 1516 Ἀριστόξενος
709 1438 737 1498 ὁ
786 1441 1048 1515 μουσικὸς
1082 1440 1275 1501 Ἰνδῶν
1316 1443 1458 1500 εἶναι
1496 1442 1596 1499 τὸν
1635 1441 1802 1515 λόγον

188 1530 403 1584 τοῦτον.
470 1523 740 1599 Ἀθήνησι
779 1526 884 1599 γὰρ
927 1531 1179 1599 ἐντυχεῖν
1218 1526 1506 1600 Σωκράτει
1546 1530 1659 1583 τῶν
1700 1524 1802 1585 άν-

160 1620 163 1623 ’
191 1615 343 1682 δρῶν
368 1614 600 1668 ἐκείνων
630 1614 728 1668 ἕνα
757 1611 900 1683 τινὰ,
932 1609 1162 1669 κᾶπειτα
1196 1607 1372 1669 αὐτοῦ
1402 1610 1801 1669 πυνθάνεσθαι

112 1759 120 1767 ‚
186 1702 245 1752 τί
269 1698 444 1753 ποιῶν
467 1701 827 1769 φιλοσοφοίη·
859 1699 963 1753 του”
988 1696 1049 1752 δὲ
1074 1694 1323 1763 εἰπόντος
1353 1693 1437 1753 ὅτι
1468 1700 1643 1769 ζητῶν
1674 1698 1802 1767 περὶ

188 1785 286 1837 τοῦ
326 1778 693 1849 ἀνθρωπίνου
732 1786 891 1853 βίου,
933 1778 1302 1853 καταγελάσαι
1332 1780 1429 1837 τὸν
1464 1777 1668 1852 Ἰνδὸν,
1711 1782 1802 1837 λε’-

126 1880 167 1912 20
189 1888 358 1936 γοντα
408 1863 482 1937 μὴ
532 1862 821 1922 δύνασθαί
865 1889 990 1922 τινα
1037 1864 1103 1922 τὰ
1143 1863 1476 1937 ἀνθρώπινα
1517 1869 1800 1936 καταδεῖν,

186 1946 496 2020 ἀγνοοῦντά
534 1971 598 2020 γε
636 1947 703 2006 τά
743 1959 890 2007 θεῖα.
968 1954 1015 2006 9.
1048 1953 1209 2007 τοῦτο
1243 1950 1347 2022 μὲν
1376 1941 1481 2006 οὖν
1513 1955 1562 2005 εἰ
1591 1946 1800 2021 ἀληθές

190 2035 339 2090 ἐστιν
367 2029 470 2090 οὐκ
500 2029 570 2090 ἂν
594 2031 824 2091 δυ’ναιτό
845 2058 926 2100 τις
951 2032 1360 2106 διατεινόμενος
1386 2039 1578 2091 εἰπεῖν.
1630 2038 1801 2090 διεῖλε

191 2114 244 2174 δ’
278 2108 381 2174 οὖν
409 2115 438 2173 ὁ
470 2116 712 2174 Πλάτων
741 2115 843 2190 τήν
871 2141 931 2174 τε
961 2121 1089 2190 περὶ
1119 2122 1231 2174 τῶν
1269 2116 1418 2173 ὅλων
1457 2123 1800 2189 φιλοσοφίαν

189 2203 281 2258 καὶ
312 2201 413 2275 τὴν
442 2200 749 2274 πολιτικὴν,
781 2208 860 2258 ἔτι
891 2202 954 2259 δὲ
982 2200 1085 2273 τὴν
1115 2198 1398 2272 λογικήν.”

126 2303 167 2335 25
320 2290 399 2342 10.
454 2284 722 2357 Τοιαύτης
762 2283 931 2356 οὔσης
968 2287 1064 2356 τῆς
1093 2283 1230 2341 κατὰ
1259 2283 1536 2342 Πλάτωνα
1567 2292 1797 2357 φιλοσο-

188 2374 321 2439 φίας
351 2392 538 2439 καιρος
568 2371 661 2424 καὶ
689 2368 791 2440 τὴν
811 2366 1086 2442 Εβραίων
1117 2371 1556 2471 ἐπισκέψασθαι,
1602 2372 1797 2445 μακρῷ

189 2450 442 2524 πρόσθεν
470 2448 504 2524 ἢ
535 2450 824 2554 Πλάτωνα,
847 2454 1110 2525 γενέσθαι
1149 2452 1246 2511 τὸν
1274 2453 1466 2527 ὅμοιον
1495 2461 1797 2525 πεφιλοσο-

189 2534 450 2608 φηκότων
487 2534 708 2609 τρόπον.
771 2535 952 2610 εὕροις
995 2534 1048 2594 δ’
1082 2533 1152 2594 ἂν
1182 2561 1288 2595 ουν
1319 2540 1411 2594 καὶ
1441 2535 1569 2610 παρ’
1607 2534 1794 2603 αὐτοῖς

189 2618 356 2692 τήνδε
396 2618 702 2693 σύμφωνον
739 2620 842 2693 τὴν
881 2623 1195 2696 τριμέρειαν
1233 2620 1450 2694 ἠθικῶν
1490 2645 1550 2679 τε
1579 2623 1672 2678 καὶ
1703 2629 1798 2678 λο-

125 2724 166 2757 30
190 2708 363 2776 γικῶν
414 2707 506 2761 καὶ
556 2711 813 2777 φυσικῶν
863 2704 1234 2779 μαθημάτων,
1287 2704 1451 2763 τόνδε
1503 2704 1796 2777 ἐπιστήσας

190 2788 287 2844 τὸν
316 2787 538 2861 τρόπον.

318 2883 395 2933 Ν.
444 2872 520 2929 Τὰ
551 2873 652 2945 μὲν
681 2866 785 2931 οὖν
814 2870 986 2945 ἠθικὰ
1016 2872 1294 2947 πρώτιστα
1324 2873 1550 2931 πάντων
1580 2878 1796 2945 φιλοτί-

1830 869 1853 902 b

1821 2560 1844 2591 (1
