2014 3146
634 103 847 146 PRAEP.
880 103 1098 145 EVANG.
1134 105 1251 144 XIV.
1285 105 1353 145 25.
1695 102 1797 154 327

190 219 559 292 άπεδάσαντο,
593 218 778 292 ὥσπερ
802 215 1063 277 ἆποικίαν
1086 216 1120 292 ἢ
1145 225 1435 278 συνοικίαν
1458 215 1799 292 άνελόμενοι,

191 303 429 380 μηδενὸς
469 306 716 361 οἰκιστοῦ
753 304 894 377 μηδὲ
943 303 1336 362 οἰκοδεσπότου
1378 301 1797 410 προεστηκότος·

192 392 284 447 καὶ
323 387 417 456 τοὶς
458 387 592 462 πρὸς
634 385 763 455 τοῦς
791 388 1207 463 πλησιοχώρους
1237 386 1562 460 γειτνιάσεις
1600 386 1800 462 ἐνωμό-

190 498 295 540 τως
326 476 418 530 καὶ
447 471 562 547 μετ’
602 471 822 546 εἰρήνης
853 472 1261 546 φυλάττουσιν,
1296 468 1395 545 οὐχ
1425 468 1802 545 ὑπερβαίνον-

148 582 168 613 5
191 582 278 624 τες
309 554 405 625 οὓς
436 556 834 631 κατειλήφασιν
860 554 967 625 ἐξ’
936 562 1104 630 αρχῆς
1128 556 1310 630 ὅρους,
1336 554 1519 631 ὥσπερ
1550 553 1659 614 υπὸ
1689 560 1801 615 τῶν
1825 579 1847 611 d

192 647 500 714 βασιλίδων
540 640 759 715 ατόμων
799 641 1282 715 νομοθετούμενοι.
1373 646 1456 698 90.
1521 638 1646 698 ἀλλ’
1699 639 1800 699 οὐκ

190 725 458 800 ἄρχουσιν
509 730 744 784 ἐκεῖναι·
794 729 908 791 πῶς
959 724 1062 798 γάρ
1115 731 1177 782 αἱ
1221 723 1353 799 μηδ’
1395 717 1588 795 οὗσαις
1663 722 1801 782 άλλόε

190 817 367 868 θείων
398 817 602 883 λογίων
635 808 976 866 ἐπακούσατε
998 808 1030 829 “
1051 813 1110 866 ἐν
1141 817 1317 883 κρίσει
1342 814 1541 883 κυρίου
1571 809 1636 866 τά
1668 807 1800 883 ἔργα

191 893 377 951 αὐτοῦ.
425 893 520 951 ἀπ’
558 891 725 967 ἀρχῆς
757 895 848 950 καὶ
879 890 986 950 άπὸ
1017 892 1288 966 ποιήσεως
1320 892 1505 951 αὐτῶν
1536 898 1800 951 διέστειλε

128 1001 168 1032 10
191 983 420 1053 μερίδας
452 974 663 1050 αὐτῶν,
698 977 1004 1051 ἐκόσμησεν
1035 984 1112 1044 εἰς
1144 981 1320 1035 αἰῶνα
1359 977 1425 1034 τὰ
1457 984 1590 1051 ἔργα
1630 976 1799 1035 αὑτοῦ

190 1065 282 1120 καὶ
312 1060 407 1131 τὰς
438 1061 608 1136 ἀρχάς
639 1059 826 1120 αὐτῶν
857 1068 934 1129 εἰς
965 1062 1157 1135 γενεὰς
1189 1059 1429 1120 αὐτῶν.”

317 1151 402 1204 21.
450 1149 558 1204 Καὶ
590 1146 725 1220 μετὰ
755 1150 962 1220 βραχέα
992 1149 1166 1220 φησὶν

311 1227 431 1288 “''H
463 1239 545 1298 τίς
585 1228 760 1298 οὕτως
801 1228 1058 1297 εὔτακτος
1098 1229 1336 1289 πεδιάδα
1381 1234 1487 1303 γῆν
1529 1228 1800 1288 διώδευσε

190 1314 432 1389 φάλαγξ,
472 1314 539 1373 οὐ
570 1317 906 1389 προθέοντος
936 1313 1195 1388 οὐδενὸς,
1243 1314 1344 1372 οὐκ
1377 1316 1799 1389 ἐκτρεπομένου,

127 1422 168 1454 15
191 1397 292 1457 οὐκ
324 1403 880 1472 ἐμποδοστατοῦντος,
914 1396 1017 1456 οῦκ
1047 1398 1487 1473 ἀπολειπομένου
1516 1402 1630 1457 τῶν
1660 1416 1801 1472 συμ-

191 1487 718 1558 παρατεταγμένων,
768 1483 841 1550 ὡς
875 1482 1167 1558 ἰσόστοιχοι
1198 1487 1290 1542 καὶ
1321 1487 1801 1550 συνασπιδοῦντες

191 1565 276 1626 ἀεὶ
308 1575 595 1642 προΐασιν,
626 1567 655 1625 ὁ
688 1567 924 1642 συνεχής
963 1593 1020 1626 τε
1061 1571 1152 1626 καὶ
1183 1565 1508 1635 άδιάστατος
1538 1566 1801 1642 άόχλητός

189 1676 247 1709 τε
280 1655 370 1709 καὶ
401 1651 800 1726 ἀνεμπόδιστος
831 1657 943 1710 τῶν
972 1650 1192 1726 ἄστρων
1221 1651 1476 1724 στρατός;
1549 1657 1633 1709 22.
1674 1648 1798 1708 ἀλλ’
1824 1670 1912 1709 (778)

193 1740 470 1810 ἐγκλίσεσι
500 1739 592 1794 καὶ
622 1750 740 1804 ταῖς
773 1743 848 1803 εἰς
875 1736 1110 1810 πλάγιον
1135 1736 1418 1796 ἐκνεύσεσι
1442 1742 1699 1810 γίνονταί
1720 1761 1802 1793 τι-

128 1844 169 1875 20
192 1846 283 1888 νες
325 1818 512 1879 αὐτῶν
551 1819 746 1894 ἄδηλοι
786 1828 1000 1895 τροπαί.
1071 1824 1162 1879 καὶ
1205 1820 1315 1895 μὴν
1344 1819 1429 1878 ἀεὶ
1463 1828 1799 1894 καιροφυλα-

191 1909 350 1962 κοῦσι
383 1908 473 1963 καὶ
503 1910 850 1980 προορῶνται
879 1905 973 1972 τὰς
1003 1904 1203 1979 χώρας,
1228 1905 1369 1965 ὅθεν
1396 1909 1620 1972 ἕκαστος
1651 1902 1802 1962 ἄνει-

191 2009 302 2061 σιν,
333 1994 390 2047 oc
415 1988 628 2057 τούτοις
659 1989 1106 2064 προσεσχηκότες.
1182 1989 1498 2048 εἰπάτωσαν
1527 1982 1630 2047 οῦν
1669 1990 1802 2062 ἡμῖν

192 2078 249 2130 οἰ
274 2079 384 2131 τῶν
424 2071 644 2147 άτόμων
687 2088 870 2147 τομεῖς
912 2077 1003 2131 καὶ
1033 2078 1145 2132 τῶν
1175 2073 1396 2149 ἀμερῶν
1424 2075 1676 2147 μερισταὶ
1709 2075 1800 2129 καὶ

191 2160 303 2214 των
343 2155 672 2215 ἀσυνθέτων
710 2171 1055 2230 συναγωγεῖς
1095 2160 1186 2215 καὶ
1227 2157 1299 2214 τά,
1322 2156 1532 2230 ἄπειρα
1583 2180 1800 2230 περινο-

128 2263 170 2295 25
193 2244 405 2314 οῦντες,
438 2240 617 2299 πόθεν
646 2240 679 2314 ἡ
711 2240 1086 2315 κυκλοφορικὴ
1116 2245 1228 2299 ταῖν
1252 2240 1534 2316 οὐρανίων
1564 2245 1801 2299 συνοδία

192 2327 283 2382 καὶ
315 2331 587 2398 περιοδία,
619 2324 720 2399 οὐχ
752 2323 872 2392 ἐνὸς
903 2324 1228 2398 παραλόγως
1269 2323 1490 2400 άτόμων
1520 2325 1800 2399 πήγματος

192 2407 337 2467 οὕτω
379 2412 890 2482 σφενδονηθέντος,
929 2408 1067 2467 ἀλλὰ
1106 2409 1370 2468 τοσούτου
1413 2413 1680 2468 κυκλικοῦ
1708 2433 1789 2483 χο-

194 2496 296 2565 ροῦ
334 2492 470 2550 κατὰ
511 2491 732 2566 ῥυθμὸν
773 2502 867 2550 ἴσα
905 2501 1194 2566 βαίνοντος
1236 2497 1327 2552 καὶ
1367 2500 1801 2569 σνμπεριδινου-
1826 2511 1847 2542 b

193 2579 392 2650 μένου,
435 2576 615 2635 πόθεν
645 2576 962 2635 ἆδιάτακτοι
992 2581 1082 2636 καὶ
1113 2578 1466 2652 ἆπροαίρετοι
1496 2581 1588 2636 καὶ
1618 2575 1801 2650 άγνῶ-
1824 2594 1911 2636 [455]

131 2685 172 2717 30
195 2685 296 2729 τες
312 2660 568 2734 ἀλλήλων
597 2664 935 2735 συνέμποροι
965 2672 1320 2737 παμπληθεῖς
1343 2661 1802 2735 συνανεστράφη-

197 2767 315 2804 σαν.
392 2750 571 2813 καλως
612 2771 669 2804 τε
710 2745 739 2803 ὁ
781 2746 1064 2821 προφήτης
1109 2751 1168 2806 ἐν
1207 2762 1321 2815 τοῖς
1371 2746 1667 2813 ἀδυνάτοις
1709 2747 1799 2801 καὶ

196 2828 569 2898 ἀνενδείκτοις
619 2833 770 2898 ἔταξε
809 2829 868 2888 τὸ
910 2833 1099 2899 ξένους
1151 2828 1255 2889 κᾶν
1307 2831 1411 2889 δύο
1457 2835 1800 2903 συνδραμεῖν
