2014 3146
602 107 812 151 PRAEP.
831 106 1051 151 EVANG.
1074 107 1154 148 XI.
1178 109 1243 150 19.
1265 109 1332 149 20.
1708 107 1777 160 43

171 232 330 280 σθαι·
380 225 440 279 ἐν
472 214 518 300 ᾦ
545 220 604 280 τὸ
639 221 940 296 γενόμενον
982 224 1089 292 ζῶν
1127 235 1221 280 καί,
1260 222 1402 296 ζωὴν
1441 229 1534 280 καὶ
1573 219 1638 281 ὂν
1679 246 1779 281 πε-

170 310 435 379 φυκέναι”
484 309 574 364 καὶ
609 313 686 374 εἰς
716 306 782 364 τά
813 306 1036 381 σώματα
1068 313 1321 380 πίπτειν,
1353 310 1447 365 καὶ
1477 307 1653 383 σάρκα
1686 313 1778 366 ἐν-

173 390 489 465 δυσάμενον
537 391 913 465 φαντάζεσθαι
962 391 1295 467 ἄνθρωπον,
1355 391 1490 466 μετά
1537 396 1638 451 τοῦ
1684 396 1777 451 καὶ

169 480 468 548 τηνικαῦτα
501 475 780 534 δεικνύειν
809 482 905 549 τῆς
936 476 1157 550 φύσεως
1187 476 1246 534 τὸ
1277 485 1596 550 μεγαλεῖον
1644 503 1778 552 αμε-
1793 500 1888 545 [318]

125 586 146 618 5
170 568 252 618 λει
300 563 391 618 καὶ
431 558 785 619 άναλυθέντα
825 560 994 619 πάλιν
1032 560 1448 635 άποθεοῦσθαι,
1499 565 1591 620 καὶ
1639 560 1778 620 θεὸν

169 645 338 718 εἶναι,
382 643 496 712 οἶος
535 639 606 720 ἦν
643 646 750 719 πρὸ
789 650 890 703 τοῦ
930 653 1008 714 εἰς
1046 645 1105 703 τὸ
1147 650 1303 720 σῶμα
1344 649 1435 704 καὶ
1467 648 1570 721 τὴν
1601 646 1778 722 σάρκα

169 732 260 787 καὶ
291 730 387 787 τὸν
417 728 722 804 ἄνθρωπον
753 733 1110 804 καταχθῆναι.
1122 727 1149 749 ”
1802 762 1824 794 (ι

294 819 342 871 2.
395 813 560 873 Ταῦτ’
606 813 787 878 οὐκέτ’
834 817 1302 888 ἐπεσκιασμένως,
1345 812 1465 872 ἀλλ’
1513 814 1777 890 ἄντικρυς

167 898 276 970 ἤδη
320 902 505 974 γυμνῇ
542 902 610 974 τῇ
639 903 858 974 κεφαλῇ
881 902 1389 1003 μεταπεφρασμένα
1423 903 1481 957 ἐκ
1510 903 1606 972 τῆς
1638 908 1777 975 βαρ-

104 1009 144 1040 10
167 981 344 1057 βάρου
375 991 669 1086 θεολογίας
703 982 893 1057 δῆλα
873 983 943 1042 dv
976 993 1076 1083 εἴη.
1136 981 1165 1041 ὁ
1200 988 1263 1042 δέ
1290 1009 1354 1057 γε
1385 983 1664 1059 βάρβαρος
1695 992 1777 1053 τίς

164 1069 235 1140 ἠν
285 1066 433 1145 αὐτῷ
488 1074 537 1125 εί
583 1067 657 1142 μὴ
695 1067 724 1126 ὁ
765 1073 863 1127 τοῦ
904 1072 1149 1143 σωτῆρος
1187 1067 1345 1143 ἡμῶν
1387 1069 1776 1143 εὐαγγελιστὴς

159 1150 446 1225 Ἰωάννης,
471 1149 724 1227 Εβραῖος
757 1151 835 1211 ὢν
868 1157 920 1222 ἐξ
944 1153 1248 1227 Εβραίων,
1294 1159 1342 1212 3.
1375 1152 1436 1221 ὅς
1467 1177 1575 1212 που
1607 1153 1778 1257 ἀρχό-

165 1261 327 1310 μενος
357 1241 453 1310 τῆς
484 1243 688 1304 οἰκείας
717 1242 935 1313 γραφῆς
968 1241 1081 1296 ὠδέ
1107 1262 1182 1311 πη
1213 1238 1516 1312 θεολογεῖ“
1522 1238 1606 1296 “ε’ν
1636 1237 1778 1315 άρχῄ

163 1323 234 1395 ἠν
271 1320 299 1378 ὁ
342 1320 525 1394 λόγος
604 1325 695 1379 καὶ
735 1321 763 1379 ὁ
805 1322 963 1396 λόγος
1011 1315 1081 1395 ἦν
1122 1323 1258 1396 πρὸς
1310 1322 1407 1380 τὸν
1455 1322 1610 1382 θεόν.
1683 1327 1776 1382 καὶ

102 1431 142 1464 15
164 1405 296 1472 θεὸς
336 1398 407 1478 ἦν
446 1403 474 1463 ὁ
515 1406 702 1479 λόγος·
750 1409 909 1474 οὗτος
948 1409 1018 1481 ἦν
1059 1411 1119 1464 έν
1149 1406 1289 1481 ἀρχῇ
1321 1406 1456 1482 πρὸς
1485 1407 1582 1465 τὸν
1612 1407 1765 1466 θεόν.

164 1489 344 1548 πάντα
386 1487 462 1547 δι’
506 1490 677 1548 αὐτὸν
720 1515 963 1564 εγενετο,
1007 1494 1099 1548 καὶ
1138 1495 1304 1566 χωρὶς
1346 1490 1518 1549 αὐτοῦ
1561 1494 1774 1565 ἐγένετο

163 1573 352 1632 οὐδε
338 1600 428 1647 εν,
470 1573 499 1632 6
530 1577 774 1648 γέγονεν.
825 1579 884 1633 ἐν
916 1574 1066 1652 αὐτῷ
1098 1574 1205 1648 ζωὴ
1237 1578 1334 1649 ἠν,
1377 1579 1468 1633 καὶ
1501 1573 1534 1649 ἡ
1568 1575 1674 1649 ζωὴ
1705 1579 1776 1650 ἠν

163 1657 222 1715 τὸ
254 1662 372 1732 φῶς
411 1665 522 1716 τῶν
562 1657 897 1734 ἀνθρώπων
957 1663 1048 1718 καὶ
1087 1657 1116 1718 ὁ
1158 1659 1316 1733 λόγος
1358 1659 1492 1735 σαρξ
1535 1664 1773 1735 ἐγένετο,

165 1746 256 1800 καὶ
299 1743 614 1816 ἐσκήνωσεν
656 1748 714 1802 ἐν
754 1743 916 1818 ἡμῖν,
961 1748 1054 1802 καὶ
1086 1745 1443 1819 ἐθεασάμεθα
1473 1744 1575 1820 τὴν
1608 1745 1775 1814 δόξαν

101 1854 142 1886 20
167 1826 368 1900 αὐτοῦ,
411 1828 578 1897 δόξαν
610 1828 681 1896 ὡς
711 1834 1049 1903 μονογενοῦς
1079 1828 1230 1903 παρά
1260 1828 1520 1902 πατρός.”
1595 1834 1643 1888 4.
1678 1833 1775 1888 τοῦ
1794 1855 1885 1898 (541)

167 1911 217 1970 δ’
257 1911 431 1970 αὐτοῦ
470 1917 596 1988 πέρι
627 1917 718 1971 καὶ
748 1912 912 1981 ἄλλος
934 1913 1209 1989 Ἐβραίων
1238 1914 1504 1987 θεολόγος
1537 1914 1775 1973 ἐπάκου-

165 2015 266 2055 σον
319 1994 408 2054 οἷα
459 2000 718 2067 διέξεισιν
763 1995 861 2065 “ὃ’ς
915 2003 1064 2056 ἐστιν
1118 1997 1284 2056 εἰκών
1334 2005 1432 2057 τοῦ
1484 2002 1627 2057 θεοῦ
1676 2004 1775 2057 τοῦ

163 2080 432 2156 ἀοράτου,
482 2082 827 2158 πρωτότοκος
869 2083 1047 2157 πάσης
1089 2089 1344 2155 κτίσεως,
1396 2081 1479 2140 ὅτι
1521 2088 1582 2140 ἐν
1623 2083 1776 2160 αὐτῷ

166 2169 394 2240 ἐκτίσθη
436 2166 501 2224 τά
541 2167 722 2225 πάντα
762 2166 828 2224 τὰ
869 2171 928 2225 ἐν
966 2183 1080 2234 τοῖς
1118 2166 1381 2240 οὐρανοῖς
1434 2170 1526 2223 καὶ
1574 2167 1640 2224 τὰ
1684 2170 1774 2224 ἐπὶ

44 2307 47 2310 ,
101 2275 142 2308 25
165 2255 260 2323 τῆς
291 2258 420 2325 γῆς,
454 2261 563 2309 εἴτε
592 2249 762 2325 ὁρατὰ
794 2261 902 2308 εἴτε
934 2249 1165 2321 ἀόρατα·
1216 2253 1307 2307 καὶ
1337 2249 1517 2308 πάντα
1558 2250 1631 2308 δι’
1669 2251 1774 2308 αὐ-

163 2338 264 2392 τοῦ
287 2339 610 2406 συνέστηκε,
643 2338 735 2391 καὶ
766 2333 831 2391 τά
861 2334 1040 2392 πάντα
1073 2338 1132 2391 ἐν
1163 2336 1312 2411 αὐτῷ
1345 2338 1594 2408 ἐκτίσθη,
1625 2335 1691 2392 τά
1714 2360 1773 2394 τε

165 2416 334 2491 ὁρατὰ
366 2421 458 2475 καὶ
488 2418 553 2474 τὰ
583 2416 842 2492 ἄόρατα.”
920 2422 967 2475 ἵ).
1002 2418 1142 2475 ἀλλὰ
1172 2422 1264 2476 καὶ
1293 2419 1359 2475 τὰ
1389 2422 1518 2492 περὶ
1549 2424 1644 2492 τῆς
1674 2423 1774 2478 τοῦ

166 2504 429 2574 δευτέρου
481 2508 659 2559 αἰτίου
709 2501 1026 2569 συστάσεως
1074 2527 1132 2561 τε
1174 2506 1264 2560 καὶ
1305 2502 1618 2570 οὐσιώσεως
1663 2497 1775 2561 ὦδε

164 2599 276 2652 τοῖς
317 2585 598 2659 Ἐλλήνων
639 2602 833 2659 σοφοῖς
873 2587 1008 2662 πρὸς
1050 2585 1115 2644 τά
1149 2586 1422 2661 Ἑβραίων
1465 2587 1774 2661 συμπεφώ-

101 2695 144 2729 30
166 2694 340 2743 νηται.
397 2677 671 2744 μετίωμεν
704 2675 839 2744 δῆτα
871 2673 962 2728 καὶ
997 2668 1086 2744 ἐφ’
1122 2675 1294 2745 ἕτερα.

293 2767 394 2816 ΧΧ.
444 2760 567 2813 Τῶν
607 2754 737 2827 παρ’
777 2752 1048 2829 Ἑβραίοις
1090 2762 1294 2828 λογίων
1333 2754 1468 2828 μετὰ
1508 2755 1604 2812 τὸν
1645 2758 1772 2830 περὶ
1798 2777 1819 2808 b

167 2838 371 2913 πατρὸς
431 2842 521 2896 καὶ
580 2844 709 2896 υἱοῦ
770 2838 934 2912 λόγον
989 2843 1048 2897 ἐν
1098 2846 1252 2914 τρίτῃ
1305 2839 1452 2908 τάξει
1502 2838 1561 2896 τό
1613 2836 1772 2912 ἅγιον
