2014 3146
614 105 828 147 PRAEP.
849 103 1072 147 EVANG.
1104 104 1198 146 XV.
1230 107 1269 145 3.
1294 106 1333 145 4.
1676 103 1779 156 343

169 221 272 294 τὴν
310 217 512 295 ἀρετὴν
554 218 800 294 αὐτάρκη
842 218 978 293 πρὸς
1007 222 1166 277 τοῦτο
1212 219 1602 296 συγχωρήσας,
1648 218 1770 278 ἀλλ’
1800 245 1821 278 <1

167 303 498 363 ἀπολισθὼν
535 309 630 377 τῆς
673 302 961 378 δυνάμεως
990 308 1085 376 τῆς
1116 303 1254 361 κατὰ
1283 305 1386 378 τὴν
1426 303 1654 380 ἀρετὴν,
1688 308 1778 363 καὶ

169 386 518 463 ἡγησάμενος
562 387 702 463 αὐτῇ
741 393 1008 463 προσδεῖν
1061 393 1173 446 τῶν
1216 393 1274 446 ἐκ
1314 393 1410 462 τῆς
1448 389 1644 497 τύχης,
1685 395 1779 448 ἵνα

171 473 305 547 μετὰ
334 472 547 532 τούτων
578 477 673 548 ἕλῃ
705 472 806 547 τὴν
838 472 1226 581 εὐδαιμονίαν
1286 479 1337 530 εί
1369 471 1421 530 δ’
1459 471 1548 548 ἐφ’
1584 477 1780 548 ἑαυτῆς

125 581 148 614 5
172 565 447 631 ληφθείη,
492 583 563 625 ως
604 555 882 615 ἀδύνατον
922 559 1012 614 καὶ
1055 554 1158 615 οὐκ
1189 556 1429 661 ’,ἐφικτὸν
1470 562 1564 632 τῆς
1597 556 1779 617 εὐδαι-

170 649 364 716 μονίας
405 642 770 716 μεμψάμενος.
841 646 887 698 3.
920 639 981 698 τὸ
1011 666 1114 714 μεν
1144 644 1247 699 οὐν
1277 641 1504 715 ἀγεννες
1535 645 1626 702 καὶ
1659 649 1783 716 διη-

170 728 520 801 μαρτημένον
550 729 645 798 τῆς
675 724 896 799 γνώμης
931 729 991 782 ἐν
1022 725 1198 802 τούτῳ
1229 750 1288 783 τε
1319 725 1423 784 κάν
1452 740 1564 795 τοῖς
1595 726 1780 796 ἄλλοις

171 811 236 869 οὐ
276 815 376 868 τοῦ
417 810 686 885 παρόντος
730 808 1015 867 δεικνύναι
1052 815 1277 882 καιροῦ·
1328 814 1504 869 ἐκεῖνο
1540 813 1600 868 δὲ
1630 812 1780 885 οἶμαι

172 895 479 969 πρόδηλον,
520 893 602 952 ὅτι
632 899 730 952 τοῦ
777 897 989 952 σκοποῦ
1029 897 1121 951 καὶ
1166 899 1260 967 τῆς
1293 893 1647 969 εὐδαιμονίας
1679 895 1781 953 οὐκ

108 1004 147 1035 ιο
174 989 314 1037 ἴσων
343 978 522 1037 ὄντων
551 977 685 1036 οὐδὲ
715 981 827 1036 των
857 976 1042 1036 αὐτῶν
1065 977 1200 1035 κατὰ
1224 978 1499 1037 Πλάτωνα
1521 982 1613 1037 καὶ
1645 980 1781 1037 κατὰ

165 1063 578 1137 Ἀριστοτέλην,
623 1061 762 1120 ἄλλα
807 1069 904 1120 τοῦ
942 1064 1044 1136 μὲν
1085 1067 1326 1136 βοῶντος
1382 1063 1637 1122 ἑκάστοτε
1689 1067 1778 1122 καὶ

173 1148 537 1224 κηρύττοντος
576 1146 659 1206 ὅτι
695 1146 1187 1221 εὐδαιμονέστατος
1219 1144 1246 1205 ὁ
1282 1147 1651 1221 δικαιότατος,
1685 1153 1783 1207 τοῦ

175 1235 236 1290 δὲ
276 1227 350 1307 μὴ
406 1235 788 1307 ἐπιτρέποντος
838 1235 1072 1290 ἕπεσθαι
1123 1235 1190 1307 τῇ
1241 1231 1408 1308 ἀρετῇ
1450 1232 1551 1307 τὴν
1593 1233 1784 1291 εὐδαι-

172 1323 398 1390 μονίαν,
431 1314 501 1374 ἂν
530 1315 604 1390 μὴ
637 1319 726 1374 καὶ
768 1320 923 1389 γένος
957 1315 1229 1392 εὐτυχήσῃ
1257 1320 1346 1374 καὶ
1379 1316 1603 1390 κάλλος,
1643 1317 1782 1375 ἀλλὰ

109 1425 149 1457 15
174 1404 263 1460 καὶ
293 1401 529 1477 χρυσὸν,

313 1505 366 1571 ὃς
393 1509 475 1560 καὶ
504 1506 684 1575 χρυσὸν
712 1510 835 1575 ἔχων
860 1505 1125 1574 πόλεμόνδ’
1156 1510 1257 1574 ἴεν,
1284 1502 1401 1573 ἠΰτε
1428 1506 1609 1577 κούρη,
1797 1526 1886 1566 (795)

173 1611 384 1686 ἀνάγκη
426 1611 562 1670 κατὰ
601 1610 703 1685 τὴν
749 1611 1025 1686 διαφοράν
1063 1617 1162 1670 τοῦ
1205 1615 1394 1681 τέλους
1435 1616 1525 1670 καὶ
1557 1613 1659 1687 τὴν
1692 1616 1780 1672 ἐπὶ

172 1701 331 1775 τοῦτο
371 1695 619 1770 ἄγουσαν
658 1704 995 1770 φιλοσοφίαν
1042 1695 1314 1771 διάφορον
1354 1698 1509 1756 εἶναι.
1593 1703 1640 1755 4.
1684 1703 1780 1774 μιᾷ

173 1782 278 1856 γὰρ
319 1780 435 1859 ὁδῷ
473 1787 799 1854 βαδίζοντα,
841 1779 956 1854 ἥτις
996 1779 1153 1855 ἄγειν
1184 1785 1435 1856 πέφυκεν
1470 1786 1562 1840 ἐπί
1588 1807 1638 1840 τι
1669 1789 1781 1840 τῶν

106 1890 151 1922 20
173 1873 386 1941 μικρῶν
415 1869 509 1924 καὶ
537 1870 842 1940 ταπεινῶν,
875 1863 978 1924 οὐκ
1009 1873 1158 1924 ἔστιν
1191 1870 1381 1925 ἐλθεῖν
1406 1869 1493 1924 ἐπὶ
1522 1867 1587 1925 τὰ
1617 1875 1780 1942 μείζω

174 1954 266 2008 καὶ
298 1955 358 2009 ἐν
388 1949 519 2019 ὕψει
551 1958 793 2025 κείμενα.

308 2055 504 2141 Ὁρᾷς”’
477 2053 546 2108 ιν’
577 2055 675 2108 ἐστ’
706 2058 892 2118 ἐκεῖνος
917 2052 1113 2123 υψηλός
1138 2055 1320 2125 πάγος,

316 2127 494 2194 τρηχύς
519 2148 568 2178 τε
594 2128 679 2178 καὶ
705 2131 998 2210 παλίγκοτος
1013 2169 1024 2190 ,

318 2197 370 2248 ἐν
395 2201 465 2268 τῷ
491 2196 708 2263 κάθηται
737 2214 829 2263 σην
857 2198 1129 2266 ἐλαφρίζων
1155 2196 1343 2264 μάχην,

108 2337 153 2369 25
176 2321 223 2374 ἴ).
259 2318 348 2374 ἐπὶ
372 2318 568 2373 τοῦτον
590 2314 687 2373 τὸν
708 2311 924 2393 υψηλὸν
948 2315 1127 2388 πάγον
1149 2315 1207 2373 τὸ
1235 2315 1402 2391 δριμὺ
1427 2319 1517 2373 καὶ
1542 2319 1781 2391 πανοῠρ-
1808 2342 1829 2374 b

176 2425 277 2473 γον
317 2403 496 2458 ἐκεῖνο
535 2405 740 2473 θηρίον
789 2397 1056 2458 ἀνελθεῖν
1105 2398 1414 2458 ἀδύνατον·
1470 2406 1564 2458 ἵνα
1606 2402 1665 2458 δὲ
1708 2407 1784 2468 εἰς
1842 2398 1853 2410 ’

174 2481 378 2542 ταυτὸν
408 2489 546 2558 ἔλθῃ
578 2497 690 2551 τοῖς
721 2482 889 2542 ἀετοῦ
917 2484 1258 2558 γεννήμασιν
1287 2482 1541 2559 ἀλώπηξ,
1582 2481 1616 2559 ἢ
1646 2484 1783 2561 τύχῃ

177 2572 287 2627 τινὶ
319 2575 408 2627 δεῖ
433 2571 810 2642 χρησαμένους
843 2572 1087 2635 ἐκείνους
1112 2576 1326 2646 πονηρᾷ
1350 2583 1682 2628 καταπεσεῖν
1707 2577 1784 2639 εἰς

177 2658 289 2726 γῆν,
314 2656 425 2711 των
455 2659 676 2711 οἰκείων
707 2650 895 2721 αὐτοῖς
925 2657 1288 2728 φθαρέντων,
1332 2649 1366 2727 ἢ
1397 2654 1657 2728 φύσασαν
1689 2652 1785 2711 αὖ·

111 2760 155 2793 30
178 2737 307 2811 τὴν,
338 2735 372 2794 ἃ
402 2736 476 2811 μὴ
508 2741 723 2811 πέφυκε
754 2736 939 2810 φύειν,

319 2839 543 2911 λαιψηρὰ
566 2848 816 2896 κυκλῶσαι
841 2840 992 2912 πτερὰ
1003 2882 1017 2910 ,
