2014 3146
535 133 751 178 PRAEP.
783 132 1003 177 EVANG.
1034 134 1139 175 ΧΠ.
1174 135 1237 174 19.
1271 135 1338 174 20.
1650 131 1751 182 105

141 255 350 307 πίνακα
398 247 562 306 πόλιν
602 272 660 306 τε
709 252 802 306 καὶ
852 247 966 322 ἤθη
1006 246 1355 321 ἀνθρώπων,
1398 250 1618 323 πρῶτον
1647 248 1750 321 μὲν
1784 280 1802 303 c

143 332 401 406 καθαρὰν
430 333 719 406 ποιήσειαν
749 329 838 407 ἂν,
870 331 900 391 ὃ
931 333 998 391 οὐ
1031 332 1180 391 πάνυ
1212 331 1422 409 ῥᾴδιον.
1511 337 1559 389 6.
1623 330 1745 388 ἀλλ’

141 410 245 475 οὗν
303 416 452 476 οἷσθ’
510 415 592 475 ὅτι
659 417 836 495 τούτῳ
884 414 955 475 ἂν
1015 417 1191 484 εὐθὺς
1244 420 1356 474 τῶν
1405 414 1590 474 ἄλλων
1643 421 1751 473 διε-

141 505 417 575 νέγκαιεν,
447 505 525 578 τῷ
553 501 688 576 μήτε
722 501 946 560 ἰδιώτου
975 501 1111 576 μήτε
1141 501 1351 568 πόλεως
1386 504 1649 573 ἐθελῆσαι
1682 497 1752 557 ἂν

98 610 118 642 5
142 585 413 659 ἅψασθαι,
444 588 584 660 μηδε
613 585 849 661 γράφειν
877 585 1103 662 νόμους,
1127 589 1260 658 πρὶν
1283 592 1630 661 παραλαβεῖν
1653 609 1753 642 κα-

141 669 356 745 θαραν,
407 668 441 745 ἢ
493 668 651 728 αὐτοὶ
702 678 940 744 ποιῆσαι.
1034 676 1079 728 7.
1137 673 1248 728 Καὶ
1288 667 1473 743 ὀρθῶς
1504 694 1584 742 γε,
1627 675 1748 766 ἔφη.

148 755 374 814 Οὐκοῦν
402 779 538 829 μετα
567 758 739 812 ταῦτα
779 765 884 813 οἰέι
913 752 1350 829 ὑπογράψασθαι
1380 751 1451 811 ἂν
1481 753 1540 811 τὸ
1573 757 1752 827 σχῆμα

142 845 237 912 τῆς
268 846 571 909 πολιτείας;
639 846 708 896 Τί
731 838 869 912 μήν;
940 845 986 896 8.
1026 837 1280 911 ''Emnwc⁹
1313 840 1483 912 οἶμαι,
1515 835 1752 911 άπεργα-
1772 859 1794 890 d

143 923 357 998 ζόμενοι
398 947 582 981 πυκνα
621 921 692 981 obv
732 926 1037 996 ἑκατέρωσε
1075 921 1474 996 ἀποβλέποιεν,
1516 920 1651 995 πρός
1695 946 1754 979 τε

79 1033 119 1064 10
142 1007 202 1066 τό
233 1007 402 1082 φύσει
442 1013 661 1066 δίκαιον
700 1011 793 1065 καὶ
832 1006 1003 1066 καλὸν
1042 1010 1134 1064 καὶ
1175 1011 1403 1081 σῶφρον
1442 1009 1534 1064 καὶ
1575 1005 1755 1063 πάντα

141 1117 208 1150 τα
237 1096 482 1165 τοιαῦτα,
514 1096 606 1150 καὶ
635 1092 770 1168 πρὸς
804 1096 982 1151 ἐκεῖνο
1015 1084 1086 1148 αὖ
1116 1090 1175 1149 τὸ
1202 1095 1260 1150 ἐν
1283 1106 1396 1159 τοις
1413 1089 1753 1164 ἀνθρωποις,

143 1180 423 1250 ἐμποιοῖεν
463 1175 864 1251 ξυμμιγνύντες
903 1200 962 1234 τε
999 1179 1092 1234 καὶ
1132 1175 1503 1251 κεραννύντες
1545 1179 1604 1232 ἐκ
1643 1199 1755 1232 των

144 1260 595 1335 ἐπιτηδευμάτων
624 1261 684 1319 τὸ
714 1260 1101 1336 ἀνδρείκελον,
1142 1258 1240 1318 ἀπ’
1286 1265 1506 1319 ἐκείνου
1535 1284 1755 1333 τεκμαι-

145 1345 387 1421 ρόμενοι,
419 1343 451 1403 ὂ
475 1344 542 1419 δὴ
573 1344 909 1419 καὶ”’ομηρος
941 1344 1198 1403 ἐκάλεσεν
1221 1348 1280 1402 ἐν
1301 1359 1414 1412 τοῖς
1434 1343 1756 1418 ἀνθρώποις

81 1454 123 1487 15
146 1429 540 1503 ἐγγιγνόμενον
569 1434 817 1498 θεοειδές
846 1455 906 1488 τε
936 1432 1028 1487 καὶ
1052 1436 1384 1488 θεοείκελον.
1449 1434 1496 1486 9.
1525 1426 1755 1500 Ὀρθῶς,

143 1522 266 1588 ἔφη.
342 1518 454 1572 Καὶ
484 1514 544 1572 τὸ
575 1516 676 1588 μὲν
707 1512 804 1587 ἂν,
819 1515 1016 1617 Ήοῖμαι,
1050 1517 1419 1586 ἐξαλείφοιεν,
1465 1511 1525 1570 τό
1558 1513 1620 1570 δὲ
1650 1512 1757 1570 πά-

144 1607 235 1656 λιν
268 1598 624 1672 ἐγγράφοιεν,
667 1603 768 1667 ε’ως
809 1624 879 1656 αν
919 1598 1001 1656 ὅτι
1041 1597 1276 1673 μάλιστα
1317 1623 1382 1655 τα
1427 1595 1756 1671 ἀνθρώπεια

142 1681 258 1758 ἤθη
291 1689 367 1750 εἰς
396 1682 530 1741 οσον
562 1686 840 1757 ἐνδέχεται
869 1687 1108 1756 θεοφιλῆ
1139 1680 1466 1752 nomicfaavf

270 1779 373 1828 XX.
413 1766 640 1826 “Aona
673 1793 765 1841 μοι
803 1775 989 1842 τρίτον
1029 1765 1062 1840 ἢ
1109 1769 1370 1870 τέταρτον
1407 1765 1436 1824 6
1475 1765 1634 1838 λόγος
1678 1772 1755 1831 εις
1773 1789 1867 1829 (594)

80 1875 122 1907 20
145 1850 350 1910 ταυτὸν
401 1851 833 1926 περιφερόμενος
885 1851 1071 1925 ἥκειν,
1125 1850 1198 1919 ὡς
1244 1849 1351 1925 άρα
1390 1856 1615 1908 παιδεία
1655 1854 1803 1924 μένι)

147 1935 271 1994 ἐσθ’
308 1935 342 2007 ἡ
373 1942 593 1994 παίδων
622 1935 758 2010 ὁλκή
788 1962 846 1995 τε
876 1940 968 1994 καὶ
999 1934 1187 2009 ἀγωγὴ
1228 1935 1362 2008 πρὸς
1392 1935 1490 1994 τὸν
1518 1931 1627 1992 ὑπὸ
1660 1938 1760 1991 τοῦ

145 2020 321 2094 νόμον
362 2020 528 2094 λόγον
569 2020 748 2095 ὀρθὸν
789 2024 1081 2095 εἰρημένον
1134 2023 1227 2077 καὶ
1266 2035 1378 2087 τοῖς
1421 2018 1751 2077 ἐπιεικεστά-

145 2129 268 2208 τρις
289 2107 381 2162 καὶ
422 2105 820 2178 πρεσβυτάτοις
865 2103 940 2162 δι’
986 2109 1275 2178 ἐμπειρίαν
1316 2105 1758 2175 ξυνδεδογμένον

148 2187 220 2256 ὥς
250 2187 423 2255 ὄντως
452 2187 622 2261 ὀρθός
655 2194 816 2247 ε’στιν.
907 2194 956 2246 2.
1015 2188 1090 2245 ιν’
1128 2190 1231 2245 οὐν
1262 2187 1294 2259 ἡ
1326 2185 1474 2260 ψυχὴ
1505 2189 1604 2244 τοῦ
1634 2210 1756 2243 παι-

7 2326 10 2327 .
83 2296 126 2327 25
151 2273 244 2339 δὸς
283 2272 357 2346 μὴ
401 2276 623 2330 ἐναντία
663 2279 877 2346 χαίρειν
916 2275 1008 2328 καὶ
1059 2280 1357 2329 λυπεῖσθαι
1401 2275 1643 2343 εθίζηται
1682 2276 1756 2346 τῷ

148 2355 300 2432 νόμῳ
335 2359 426 2412 καὶ
455 2369 570 2422 τοῖς
601 2355 711 2412 ὑπὸ
741 2359 840 2413 τοῦ
869 2355 1043 2429 νόμου
1073 2358 1430 2429 τεθειμένοις,
1462 2354 1601 2412 ἀλλὰ
1632 2330 1758 2423 ξυύ-

150 2442 343 2512 έπηται
388 2438 658 2513 χαίρουσά
698 2464 757 2498 τε
797 2442 888 2496 καὶ
921 2443 1242 2513 λυπουμένη
1282 2455 1396 2506 τοῖς
1427 2438 1614 2507 αὐτοῖς
1644 2436 1757 2496 οἶσ-
1777 2458 1871 2501 [349]

149 2547 252 2598 περ
284 2521 312 2580 6
343 2526 540 2598 γέρων,
573 2523 783 2581 τούτων
815 2528 976 2582 ἕνεκα
995 2570 1008 2597 ,
1040 2522 1103 2592 ἃς
1137 2521 1281 2599 ᾠδάς
1313 2528 1611 2597 καλοῦμεν,
1645 2521 1757 2596 (ὅν-

149 2632 255 2674 τως
296 2609 400 2681 μὲν
441 2611 650 2685 ἐπῳδαὶ
690 2622 810 2674 ταῖς
850 2623 1051 2682 ψυχαῖς
1094 2601 1257 2665 αὗται
1302 2613 1409 2666 νῦν
1449 2610 1755 2681 γεγονέναι,

86 2715 127 2746 30
151 2690 286 2766 πρὸς
315 2691 418 2764 τὴν
447 2691 708 2765 τοιαύτην
738 2689 808 2766 ἣν
846 2698 1076 2767 λέγομεν
1115 2699 1450 2766 συμφωνίαν
1488 2696 1756 2750 ἐσπουδα-
1782 2723 1798 2745 c

266 2887 318 2926 19
349 2886 501 2928 Δοκεῖ
526 2901 605 2940 μοι
634 2890 707 2935 -]
739 2887 875 2928 Plato
907 2889 1020 2939 Leg.
1053 2889 1090 2926 2.
1123 2901 1165 2939 p.
1198 2887 1294 2927 659.
