2014 3146
595 119 808 161 PRAEP.
842 118 1065 159 EVANG.
1098 118 1176 159 XI.
1209 118 1276 158 32.
1303 119 1372 159 33.
1724 114 1792 166 69

311 234 681 309 Λογισοὲμενοι
722 233 790 306 δὴ
832 232 1224 307 ξυννοήσωμεν
1260 232 1320 290 τὸ
1361 231 1542 298 πάθος
1583 234 1643 289 ἐκ
1681 235 1793 288 τῶν

185 325 292 379 νῦν
322 322 657 394 λεχθέντων,
689 315 720 375 ὃ
751 316 978 376 πάντων
1008 323 1220 391 ἔφαμεν
1252 317 1395 374 εἶναι
1425 319 1537 374 τῶν
1567 326 1792 390 θαυμα-
1814 330 1829 340 “

184 410 331 464 στι-ὄν
361 415 552 463 αἴτιον.
619 410 733 461 ἔστι
763 402 867 476 γὰρ
899 394 1002 461 οὖν
1034 401 1102 475 δὴ
1133 400 1278 460 τοῦτ’
1318 400 1467 459 αὐτό.
1820 421 1843 453 d

313 495 360 546 9.
414 487 485 546 Τὸ
516 501 705 558 ποῖον;

140 598 160 630 5
321 572 394 632 Τὸ
433 571 534 647 τὴν
573 576 672 630 τοῦ
712 569 916 638 παντὸς
956 569 1139 645 φοράν
1177 571 1297 628 τοτὲ
1338 571 1439 643 μὲν
1480 566 1568 643 ἐφ’
1613 566 1647 625 ἃ
1687 571 1794 627 νῦν

185 666 469 716 κυκλεῖται
500 659 804 730 φέρεσθαι,
836 656 957 713 τοτὲ
991 654 1040 711 δ’
1081 657 1169 712 ἐπὶ
1199 653 1480 712 τάναντία.

314 745 447 808 Haig
481 739 578 813 ὃή;

319 824 544 898 Ταύτην
582 822 682 897 τὴν
721 821 1033 896 μεταβολὴν
1076 819 1339 896 ἡγεῖσθαι
1381 827 1469 879 δεῖ
1508 825 1619 878 τῶν
1668 824 1795 895 περὶ

182 909 278 968 τὸν
318 908 563 985 οὐρανὸν
601 910 910 982 γινομένων
959 911 1181 979 τροπῶν
1221 910 1415 964 πασῶν
1458 906 1599 963 εἶναι
1638 911 1796 979 μεγί-

120 1019 162 1051 10
185 1012 323 1068 στην
354 996 445 1052 καὶ
475 991 816 1065 τελεωτάτην
844 990 1070 1066 τροπήν.

314 1084 394 1136 10.
424 1076 605 1136 ’Έοικε
634 1080 788 1150 γοῦν.

312 1169 598 1234 Λζῖεγίστας
627 1167 822 1219 τοίνυν
851 1159 1152 1234 μεταβολὰς
1184 1157 1287 1235 χρὴ
1328 1165 1567 1232 νομίζειν
1611 1164 1792 1232 γίγνε-

102 1299 111 1302 ,
186 1258 321 1305 σθαι
351 1246 474 1304 τότε
502 1260 616 1311 τοῖς
650 1245 801 1312 ἐντὸς
833 1244 966 1318 ἡμῖν
997 1247 1247 1302 οἰκοῦσιν
1278 1242 1464 1301 αὐτοῦ.

313 1333 424 1390 Καὶ
454 1329 603 1388 τοῦτ’
646 1328 804 1396 εἰκός.

120 1439 160 1472 15
317 1412 642 1487 Μεταβολάς
687 1417 751 1471 δέ
778 1438 839 1487 γε
881 1412 1122 1486 μεγαλας
1161 1415 1252 1469 καὶ
1294 1411 1499 1479 πολλας
1531 1413 1622 1468 καὶ
1653 1433 1794 1470 παν-
1814 1432 1906 1473 (561)

183 1506 334 1567 τοίας
375 1500 792 1574 ξυμφερομένας
842 1495 933 1572 ἀρ’
981 1495 1084 1555 οὐκ
1131 1507 1289 1571 ἰσμεν
1327 1495 1429 1570 τὴν
1479 1521 1591 1554 των
1642 1494 1795 1574 ζώων

184 1583 359 1658 φύσιν
387 1583 470 1642 ὅτι
501 1589 748 1658 χαλεπῶς
778 1581 1058 1657 ἀνέχεται;

317 1674 396 1726 11.
441 1672 574 1735 Πῶς
607 1666 659 1725 δ’
695 1666 791 1738 οῧ;

314 1756 534 1828 Φθοραὶ
563 1759 758 1812 τοίνυν
790 1755 841 1821 ἐξ
872 1749 1114 1826 ἀνάγκης
1143 1750 1265 1810 τότε
1288 1753 1538 1826 μέγισται
1562 1755 1795 1823 συμβαί-

121 1862 162 1895 20
185 1858 350 1897 νουσι
388 1842 500 1896 τῶν
529 1863 588 1896 τε
626 1837 811 1896 ἄλλων
842 1837 1022 1915 ζῴων,
1066 1838 1158 1894 καὶ
1206 1836 1274 1909 δὴ
1315 1838 1407 1894 καὶ
1448 1836 1506 1893 τὸ
1545 1838 1657 1892 τῶν
1695 1859 1797 1892 αν-

183 1923 434 1996 θρώπων
465 1926 623 1996 γένος
653 1920 844 1996 ὀλίγον
872 1947 926 1980 τι
956 1927 1344 1996 περιλείπεται.
1417 1923 1546 1994 περὶ
1577 1920 1637 1976 δε
1667 1918 1797 1977 τού-

183 2033 311 2075 τους
354 2005 493 2065 αλλα
535 2031 592 2065 τε
642 2006 943 2080 παθήματα
991 2006 1166 2065 πολλα
1216 2009 1308 2064 καὶ
1355 2003 1652 2079 θανμαστα
1704 2006 1795 2061 καὶ

185 2116 347 2151 καινα
379 2097 704 2166 ξυμπίπτει,
746 2094 1005 2166 μέγιστον
1047 2093 1106 2148 δε
1136 2090 1264 2148 τόδε
1293 2093 1386 2147 καὶ
1418 2087 1796 2161 ξυνεπόμενον

184 2181 250 2251 τῇ
281 2183 379 2234 τοῦ
410 2178 612 2244 παντὸς
644 2177 909 2249 ἀνελίξει,
952 2174 1072 2233 τότε
1111 2173 1244 2232 ὅταν
1284 2170 1318 2246 ἡ
1357 2179 1452 2245 τῆς
1491 2179 1598 2230 νῦν
1628 2182 1794 2229 καθε-

121 2287 163 2320 25
187 2269 450 2335 στηκυίας
483 2265 708 2319 ἐναντία
738 2267 994 2333 γίγνηται
1024 2254 1253 2331 τροπή.”

322 2345 544 2413 Τούτοις
575 2344 782 2401 ἅπασιν
810 2343 1024 2415 ὑποβὰς
1055 2346 1176 2415 ἑξῆς
1206 2344 1333 2417 περὶ
1371 2344 1466 2414 τῆς
1505 2343 1617 2398 τῶν
1646 2363 1786 2398 τετε-

187 2429 532 2501 λευτηκότων
575 2425 957 2500 ἆναβιεόσεως,
996 2423 1197 2500 ὁμοίως
1237 2440 1355 2493 ταῖς
1387 2425 1661 2501 Ἑβραίων
1701 2422 1794 2481 δό-
1817 2447 1840 2479 b

186 2518 301 2581 ξαις
332 2512 686 2586 κινούμενος,
717 2511 874 2570 ταῦτ’
914 2514 1151 2584 ἐπιλέγει

313 2609 526 2658 xxxffl.
568 2594 832 2662 “Γε’νεσις
873 2598 934 2654 δὲ
963 2602 1044 2663 τις
1074 2594 1186 2653 τότ’
1222 2587 1320 2668 ἦν,
1365 2587 1407 2651 ὦ
1439 2597 1588 2667 ξένε,
1621 2591 1793 2670 ζῴων,

123 2705 165 2739 30
188 2684 279 2739 καὶ
310 2689 434 2740 τίνα
464 2681 669 2755 τρόπον
701 2685 754 2749 ἐξ
785 2680 1041 2754 ἀλλήλων
1072 2682 1406 2753 ἐγεννῶντο;

314 2771 362 2823 2.
407 2770 626 2839 Δῆλον,
670 2757 714 2822 οἷ
744 2764 1069 2841 Σώκρατες,
1109 2764 1192 2822 ὅτι
1229 2762 1289 2821 τὸ
1320 2763 1423 2836 μὲν
1456 2765 1507 2829 ἐξ
1540 2759 1794 2833 ἀλλήλων
1823 2794 1840 2816 0

189 2847 291 2907 οὐκ
320 2842 390 2924 ἦν
414 2854 473 2908 ἐν
496 2854 563 2925 τῇ
585 2849 704 2907 τότε
722 2849 888 2923 φύσει
911 2848 1280 2924 γεννώμενον,
1295 2845 1354 2905 τὸ
1380 2848 1441 2905 δὲ
1463 2846 1692 2919 γηγενὲς
1716 2844 1795 2901 εἷ-
