2014 3146
631 101 842 143 PRAEP.
874 101 1094 145 EVANG.
1135 102 1237 143 xv.
1272 104 1339 146 22.
1690 100 1794 153 389

182 215 457 291 γλυκύτης
498 218 650 275 ἐστὶν
681 215 773 290 ἐφ’
822 215 1062 294 ἑκάστῳ,
1118 214 1222 275 οὐκ
1251 212 1323 274 ἂν
1355 225 1440 290 εἴη
1472 221 1628 291 σῶμα
1659 225 1795 290 γλυ-

183 300 366 375 κύτης.
443 299 643 374 ὁμοίως
683 303 776 358 καὶ
816 307 879 358 αι’
903 299 1079 359 ἄλλαι.
1151 306 1237 359 55.
1271 307 1458 359 ἔπειτα
1491 308 1541 360 εἰ
1570 299 1794 376 σώματα

182 379 326 459 ἦσαν
357 389 419 442 αι’
440 384 723 458 δυνάμεις,
755 384 1062 458 ἀναγκαῖον
1091 379 1162 459 ἦν
1183 386 1279 454 τὰς
1303 387 1404 459 μὲν
1431 385 1659 460 ἰσχυράς
1682 390 1795 445 τῶν

184 468 480 542 δυνάμεων
539 469 811 543 μεγάλους
859 468 1088 542 ὄγκους,
1148 470 1244 539 τὰς
1299 472 1358 528 δὲ
1409 468 1600 543 ὀλίγον
1655 475 1796 545 δρᾶν

140 577 160 610 5
187 556 500 627 δυναμένας
538 552 739 627 ὄγκους
769 552 999 629 μικρούς
1028 555 1184 612 εἶναι.
1241 561 1292 613 εἰ
1322 556 1382 611 δὲ
1404 555 1664 628 μεγάλων
1692 555 1796 628 μὲν

184 643 295 696 τῶν
333 636 515 711 ὄγκων
554 641 771 712 μικραὶ,
811 635 986 711 ὀλίγοι
1031 639 1092 696 δὲ
1122 637 1436 713 μικρότατοι
1470 643 1582 697 των
1611 637 1795 712 ὄγκων

182 730 457 797 μεγίστας
473 728 659 796 ἔχουσι
688 746 783 789 τας
823 722 1116 796 δυνάμεις,
1163 722 1313 781 άλλω
1351 726 1462 781 τινὶ
1502 720 1535 797 ἢ
1566 725 1794 798 μεγέθει

183 808 243 865 τὸ
275 822 456 865 ποιεῖν
486 804 816 865 ἀναθετέον
865 804 1127 879 αμεγέθει
1157 832 1278 880 αρα.
1343 807 1432 865 56.
1467 808 1527 865 τὸ
1562 809 1623 865 δε
1652 807 1795 880 ὕλην
1822 832 1841 864 ι)

182 916 284 964 μεν
323 891 425 964 τὴν
465 890 642 964 αὐτὴν
684 891 827 958 εἶναι
868 909 1053 964 σωμα,
1095 915 1168 958 ως
1199 910 1400 964 φασιν,
1433 884 1637 964 οὖσαν,
1674 892 1797 949 διά-

122 1000 161 1031 10
185 1001 332 1049 φορα
381 976 442 1032 δὲ
484 988 668 1033 ποιεῖν
712 973 1001 1049 ποιότητας
1049 979 1508 1050 προσλαβουσαν,
1563 999 1678 1043 πως
1728 1000 1794 1033 ου

186 1063 357 1132 δῆλον
407 1073 557 1118 ποιεῖ’
604 1058 669 1116 τὰ
723 1058 1143 1134 προσγενόμενα
1204 1059 1401 1134 λόγους
1452 1058 1655 1127 αὐτούς
1704 1063 1797 1117 καὶ

184 1143 509 1217 ἀσωμάτους
545 1143 715 1214 εἶναι;
747 1143 877 1218 μηδ’
907 1141 990 1202 ότι
1013 1143 1325 1218 πνεύματος
1358 1141 1391 1217 ἢ
1412 1149 1638 1218 αι’ματος
1662 1143 1795 1203 ἀπο-

183 1227 433 1286 στάντων
456 1225 803 1301 ἀποθνήσκει
826 1227 892 1286 τὰ
925 1232 1034 1305 ζωα
1066 1228 1359 1302 λεγόντων.
1412 1254 1480 1287 ου
1514 1254 1618 1302 γαρ
1646 1235 1796 1286 ἔστιν

183 1311 321 1370 άνευ
359 1312 574 1370 τούτων
616 1313 787 1385 εἶναι,
840 1311 966 1371 ουδ’
1011 1311 1149 1371 άνευ
1189 1316 1411 1372 πολλων
1450 1311 1663 1386 ἄλλων,
1719 1307 1797 1371 ὠν

121 1420 160 1452 15
185 1394 318 1454 ουδε
348 1421 420 1454 αν
449 1395 483 1469 ἡ
516 1397 664 1471 ψυχὴ
698 1407 799 1470 εἴη.
862 1399 951 1454 καὶ
985 1397 1095 1471 μὴν
1124 1396 1251 1455 οὔτε
1282 1421 1503 1471 πνευμα
1535 1395 1627 1455 δια
1658 1397 1800 1456 πάν-

182 1505 295 1539 των
325 1480 454 1539 οὕτε
486 1479 649 1554 αἷμα,
683 1481 833 1555 ψυχὴ
866 1480 979 1539 δέ.”

310 1570 394 1623 57.
420 1563 575 1622 “”Ετι
607 1571 659 1623 εἰ
686 1569 843 1639 σῶμα
873 1558 1014 1623 οὖσα
1054 1564 1086 1638 ἡ
1119 1565 1267 1640 ψυχὴ
1301 1571 1498 1639 διῆλθε
1531 1563 1622 1623 διὰ
1653 1589 1795 1623 παν-

184 1650 306 1722 τὸς,
339 1646 443 1707 κᾶν
473 1660 746 1723 κραθεῐσα
778 1658 892 1723 εἰή,
923 1647 989 1707 ὃν
1018 1649 1224 1723 τρόπον
1247 1664 1360 1717 τοῖς
1391 1649 1577 1718 ἄλλοις
1608 1649 1796 1724 σώμα-
1825 1683 1841 1704 0

182 1752 274 1792 σιν
315 1732 349 1806 ἡ
391 1739 599 1808 κρᾶσις.
686 1741 735 1792 εί
775 1735 836 1792 δὲ
877 1732 911 1807 ἡ
950 1739 1063 1791 τῶν
1094 1734 1365 1808 σωμάτων
1404 1737 1597 1809 κρᾶσις
1626 1733 1796 1792 οὐδὲν

117 1840 159 1871 20
184 1821 436 1894 ἐνεργείᾳ
462 1820 523 1894 ἐᾷ
548 1818 690 1876 εἶναι
713 1822 825 1876 τῶν
849 1821 1195 1892 κραθέντων,
1228 1816 1355 1877 οὐδ’
1390 1814 1460 1876 ἂν
1481 1818 1514 1892 ἡ
1536 1817 1686 1893 ψυχὴ
1718 1827 1796 1876 ἔτι

183 1906 434 1977 ἐνεργείᾳ
476 1905 623 1976 ἐνείη
663 1917 776 1974 τοῖς
817 1902 1094 1977 σώμασιν,
1147 1902 1287 1961 ἀλλὰ
1329 1902 1562 1978 δυνάμει
1603 1902 1794 1976 μόνον,

181 1983 501 2044 ἀπολέσασα
524 1987 583 2044 τὸ
607 1987 750 2045 εἶναι
773 1985 951 2061 ψυχὴ,
984 1985 1169 2061 ὥσπερ
1202 1994 1254 2046 εἰ
1273 1988 1451 2060 γλυκὺ
1473 1991 1567 2044 καὶ
1596 1987 1796 2060 πικρὸν

182 2076 438 2143 κραθείη,
470 2070 530 2128 τὸ
559 2071 741 2143 γλυκὺ
763 2096 866 2129 ουκ
897 2079 1059 2130 ἔστιν.
1102 2096 1207 2129 ουκ
1230 2069 1336 2144 ἄρα
1362 2078 1556 2145 ἔχομεν
1589 2071 1791 2144 ψυχήν.

181 2159 266 2211 58.
300 2152 359 2211 τὸ
406 2155 468 2212 δε
512 2153 581 2226 δὴ
627 2173 785 2228 σωμα
828 2153 895 2213 ὂν
940 2154 1152 2227 σώματι
1190 2159 1499 2228 κεκρασθαι
1537 2152 1669 2255 ολογ
1715 2153 1786 2212 δι’

118 2259 159 2291 25
182 2236 356 2311 όλων,
400 2262 473 2304 ως
502 2235 643 2296 όπου
674 2235 744 2296 ἂν
774 2231 809 2313 ᾖ
842 2241 932 2296 καὶ
971 2237 1241 2313 θάτερον,
1286 2239 1431 2298 εἶναι
1473 2249 1596 2297 ἴσον
1625 2237 1794 2320 όγκον

181 2321 544 2395 ἀμφοτέρων,
587 2324 679 2380 καὶ
719 2322 779 2380 τὸ
819 2326 932 2381 πᾶν
965 2323 1333 2397 κατεχόντων,
1386 2326 1478 2381 καὶ
1517 2329 1793 2397 μηδεμίαν

182 2404 355 2478 αὔξην
395 2409 683 2479 γεγονέναι
724 2411 1170 2481 ἐπεμβληθέντος
1219 2411 1319 2466 τοῦ
1361 2410 1582 2482 ἑτέρου,
1625 2407 1794 2466 οὐδὲν

182 2487 472 2557 ἀπολείψει
523 2488 552 2548 ὃ
592 2489 666 2564 μὴ
708 2494 857 2567 τέμῃ.
941 2489 1005 2549 οὐ
1048 2491 1153 2566 γὰρ
1205 2492 1342 2550 κατὰ
1393 2490 1603 2566 μεγάλα
1654 2495 1792 2566 μέρη
1818 2518 1840 2547 (ι

181 2573 463 2647 παραλλὰξ
494 2571 528 2647 ἡ
561 2579 776 2649 κρᾶσις·
827 2574 996 2649 (οὕτω
1027 2575 1132 2650 γάρ
1163 2596 1300 2650 φασι
1330 2576 1646 2649 παράθεσιν
1676 2583 1791 2634 ἔσε-

117 2678 158 2710 30
183 2658 373 2732 σθαι’)
421 2657 753 2732 διεληλυθός
786 2660 848 2717 δὲ
878 2662 970 2718 διὰ
1002 2661 1207 2727 παντὸς
1236 2659 1297 2718 τὸ
1323 2662 1674 2735 ἐπεμβληθὲν
1700 2662 1790 2717 ἐπὶ

181 2741 565 2818 σμικρότερον·
615 2741 774 2817 (ὅπερ
804 2743 1104 2817 ἀδύνατον,
1135 2743 1195 2802 τὸ
1226 2751 1452 2803 ἔλαττον
1484 2755 1606 2802 ἴσον
1635 2747 1793 2817 γενέ-

181 2837 318 2884 σθαι
347 2831 424 2904 τῷ
453 2827 709 2902 μει’ζονι·)
766 2825 885 2886 ἀλλ’
933 2822 1034 2887 οὖν
1066 2828 1398 2903 διεληλυθός
1454 2832 1565 2886 πᾶν
1605 2833 1790 2902 τέμνει
