2014 3146
617 121 831 162 PRAEP.
861 120 1083 162 EVANG.
1114 120 1234 163 ΧΠ.
1266 122 1334 163 27,
1644 118 1746 170 333

139 234 581 309 αἰδεσθήσονταί
621 260 683 308 γε
734 235 808 308 μὴ
862 239 1044 308 λέγειν
1083 232 1247 308 ἥδιον
1287 233 1474 302 αὐτοῖς
1517 235 1658 293 εἶναι
1689 236 1749 293 τὸ

139 329 483 395 φιλοσοφεῖν.
545 325 591 377 8.
626 317 755 386 τούς
795 320 856 376 δὲ
886 318 1056 386 θεοὺς
1097 322 1224 392 περὶ
1256 312 1335 376 οἶν
1374 323 1431 376 οἱ
1455 319 1558 392 μὲν
1588 342 1750 393 ποιη-

139 407 228 462 ταὶ
269 402 402 479 παρ’
447 400 635 470 αὐτοῖς
674 402 875 480 ᾅδουσι
918 407 1152 478 δοτῆρας
1197 402 1370 479 ἐάων,
1411 397 1563 460 οὗτοι
1604 405 1665 461 δὲ
1696 408 1753 462 οἱ

139 487 434 562 φιλόσοφοι
485 488 619 562 μετὰ
669 494 908 554 τωθείας
951 486 1292 561 εὐφημοῦσι,
1345 490 1471 545 θεοὶ
1524 486 1748 545 πάντων

96 596 117 628 5
140 573 374 647 ἀγαθῶν
411 571 689 646 ἀδώρητοί
729 596 786 629 τε
827 575 920 629 καὶ
959 569 1236 646 άμέτοχοι·
1283 575 1375 629 καὶ
1415 579 1525 630 τίνι
1561 571 1748 649 τρόπω

137 660 561 732 τεκμηριοῦνται
591 651 761 724 θεοὺς
793 658 953 729 εἶναι,
985 655 1120 730 μήτε
1151 656 1428 726 παρόντας
1460 660 1551 714 καὶ
1582 655 1749 730 πράτ-

137 742 330 808 τοντάς
359 766 411 798 τι
441 741 696 815 ὁρῶντες,
731 739 829 814 (ὡς
860 745 918 797 oc
944 739 1042 798 τὸν
1063 741 1221 813 ἥλιον
1251 743 1340 797 καὶ
1373 739 1474 813 τὴν
1506 739 1750 813 σελήνην
1775 767 1795 797 d

139 828 230 883 καὶ
270 825 397 892 τοὺς
434 825 666 899 ἀστέρας
695 824 1086 897 θαυμάσαντες
1120 823 1210 881 διόι
1255 823 1316 880 τὸ
1346 826 1504 881 θέειν
1535 832 1750 898 ἔφασαν

139 914 444 983 κεκλῆσθαι
482 907 682 982 θεούς)
727 907 863 982 μήτε
903 907 1025 967 τινα
1078 914 1446 982 δημιουργίαν
1485 906 1675 974 αὐτοῖς
1720 904 1750 981 ἢ

76 1017 116 1049 10
139 994 486 1068 κατασκευὴν
515 998 946 1069 προσνέμοντες,
990 990 1068 1050 ἵν’
1103 996 1163 1050 ἐκ
1202 997 1303 1050 τοῦ
1331 1003 1549 1066 θεῖναι,
1593 991 1744 1050 τοῦτ’

139 1085 254 1136 ἔστι
306 1081 558 1150 ποιῆσαι,
610 1076 1022 1150 θεοποιήσωσιν
1075 1075 1301 1144 αὐτούς·
1372 1076 1594 1151 (τούτου
1646 1075 1750 1151 γὰρ

138 1167 302 1220 ε’νεκα
333 1161 468 1237 πρὸς
498 1161 770 1236 ἀλήθειαν
799 1159 827 1219 ὁ
851 1186 963 1220 των
981 1157 1245 1219 απάντων
1275 1161 1501 1235 ποιητὴς
1533 1164 1623 1218 καὶ
1658 1167 1750 1234 δη-

139 1245 402 1322 μιουργός
441 1246 607 1320 μόνος
649 1249 759 1304 ἐστὶ
791 1246 924 1314 θεός
940 1246 977 1320 ·)
1019 1244 1154 1319 μήτε
1198 1243 1523 1319 διοίκησιν
1503 1245 1536 1318 ἡ
1567 1252 1752 1319 κρίσιν

138 1329 172 1405 ἢ
217 1332 378 1406 χάριν
424 1329 611 1389 αὐτῶν
654 1356 798 1389 τινα
823 1329 959 1404 πρὸς
1005 1328 1342 1403 ἀνθρώπους
1390 1333 1749 1404 ἐκτιθέμενοι,

78 1438 118 1470 15
144 1441 234 1474 ινα
264 1415 444 1489 φόβον
483 1412 516 1488 ἢ
556 1414 720 1490 τιμὴν
766 1414 1111 1489 ὀφλήσαντες
1142 1414 1617 1490 προσκυνήσωμεν
1649 1439 1751 1471 αυ-

140 1499 299 1571 τοῖς;’

269 1590 316 1641 9.
342 1580 459 1645 “''H
479 1608 579 1641 του
619 1582 829 1657 κόσμου
869 1582 1158 1657 προκύψας
1182 1582 1504 1658 Ἐπίκουρος
1535 1585 1627 1640 καὶ
1657 1581 1752 1641 τὸν

142 1667 407 1742 οὐράνιον
450 1664 698 1742 υπερβας
736 1674 1061 1742 περίβολον,
1103 1666 1137 1740 ἢ
1170 1666 1262 1724 διά
1292 1693 1462 1726 τινων
1493 1675 1751 1741 κρυφίων

141 1751 205 1820 ἃς
235 1752 402 1826 μόνος
432 1753 585 1810 οἶδεν
619 1750 860 1820 ἐξελθών
891 1756 1112 1825 πυλῶν,
1154 1750 1249 1820 οὓς
1282 1756 1342 1809 ἐν
1371 1755 1449 1828 τῷ
1478 1755 1623 1828 κενῷ
1652 1777 1752 1809 κα-
1771 1775 1862 1816 (783)

80 1860 120 1891 20
142 1844 291 1895 τεῖδε
319 1835 520 1910 θεοὺς,
562 1838 653 1894 κάὶ
692 1836 794 1910 τὴν
834 1837 1044 1911 πολλὴν
1083 1835 1268 1894 αὐτων
1300 1835 1596 1910 ἐμακάρισε
1624 1861 1751 1910 τρυ-

143 1920 284 1995 φήν·
333 1921 597 1980 κάκεῖθεν
615 1920 958 1995 ἐπιθυμητὴς
981 1920 1276 1995 γενόμενος
1299 1925 1395 1994 τῆς
1425 1920 1629 1994 ἡδονῆς
1661 1923 1754 1978 καὶ

142 2011 238 2079 τῆς
272 2010 331 2064 ἐν
375 2011 451 2083 τῷ
491 2010 634 2082 κενῷ
679 2005 916 2079 ζηλωτὴς
950 2011 1191 2079 διαίτης,
1234 2005 1377 2062 οὕτω
1420 2005 1630 2071 πάντας
1663 2007 1752 2062 ἐπὶ

143 2089 246 2163 τὴν
275 2093 374 2148 τοῦ
402 2094 750 2164 μακαρισμοῦ
777 2089 976 2147 τούτου
1017 2096 1320 2163 μετουσίαν
1353 2093 1750 2162 ἐξομοιωθησο-

144 2178 344 2248 μένους
378 2177 607 2240 ἐκείνοις
636 2187 749 2240 τοῖς
779 2184 934 2240 θεοῖς
954 2182 1278 2248 παρακαλεῖ,
1311 2172 1620 2247 συμπόσιον
1652 2171 1754 2230 αὐ-

83 2280 124 2312 25
145 2273 260 2326 τοῖς
300 2257 601 2332 μακάριον,
646 2256 745 2331 οὐχ
785 2256 920 2330 ὅπερ
961 2263 1017 2314 οἱ
1053 2261 1271 2330 ποιηταὶ
1311 2257 1406 2314 τὸν
1448 2254 1752 2330 οὐρανὸνῆ

145 2341 575 2416 τὸν”ολυμπον,
616 2339 754 2398 ἄλλα
783 2340 843 2398 τὸ
874 2341 1036 2399 κενὸν
1066 2345 1419 2416 συγκροτῶν,
1464 2347 1523 2398 ἔκ
1553 2366 1610 2399 τε
1641 2345 1752 2399 τῶν

147 2426 367 2500 ἀτόμων
406 2426 508 2498 τὴν
546 2425 858 2500 ἀμβροσίαν
899 2425 1085 2493 αὐτοῖς
1116 2429 1442 2499 παρατιθεὶς
1483 2429 1576 2483 καὶ
1617 2450 1753 2499 προ-

146 2517 327 2568 πίνων
369 2511 556 2577 αὐτοῖς
599 2514 653 2578 ἐξ
694 2514 924 2568 ἐκείνων
963 2510 1022 2567 τὸ
1052 2513 1278 2584 νέκταρ;
1324 2516 1402 2568 10.
1438 2514 1528 2567 καὶ
1561 2508 1630 2582 δὴ
1662 2513 1754 2567 καὶ
1780 2533 1798 2564 b

149 2593 273 2652 κατ’
321 2599 550 2653 ἐκείνων
602 2599 713 2652 τῶν
752 2596 928 2668 μηδὲν
968 2594 1103 2668 πρὸς
1145 2591 1284 2668 ἡμας
1325 2594 1523 2669 ὅρκους
1563 2618 1621 2652 τε
1662 2597 1755 2651 καὶ

87 2700 127 2732 30
149 2676 444 2753 ὁρκισμούς
497 2685 729 2754 μυρίους
779 2692 893 2746 τοῖς
937 2682 1141 2737 ἑαυτοῦ
1191 2685 1425 2752 βιβλίοις
1468 2677 1751 2752 ἐγγράφει,

149 2762 321 2836 ὄμνύς
351 2788 409 2821 τε
450 2767 695 2838 συνεχῶς
719 2759 831 2836 “ude
862 2761 1012 2821 Δία”
1055 2765 1147 2821 καὶ
1170 2763 1275 2837 “νὴ
1308 2761 1481 2836 Δία,”
1517 2765 1755 2835 ἐξορκῶν

150 2871 208 2904 τε
238 2848 367 2915 τούς
400 2847 831 2922 ἐντυγχάνοντας
856 2851 947 2905 καὶ
971 2846 1105 2922 πρὸς
1128 2846 1223 2916 οὓς
1255 2850 1558 2921 διαλέγοιτο
1582 2845 1754 2921 “πρὸς
