2014 3146
263 85 366 138 394
938 87 1186 128 EUSEBII

160 252 246 293 (83⁷)
264 241 425 291 XXIV
720 225 897 303 “Περὶ
927 231 1201 302 μεγέθους
1231 229 1408 302 ἡλίου.

390 346 434 399 1.
462 340 893 415 Ἀναξίμανδρος
924 341 1020 399 τὸν
1043 344 1146 415 μὲν
1168 341 1329 415 ήλιον
1354 352 1475 400 ἴσον
1501 343 1641 402 εἶναι
1673 369 1738 420 τῃ
1751 349 1860 447 γῇ,

259 424 354 483 τὸν
387 426 449 482 δὲ
479 425 684 484 κύκλον
714 424 811 500 ἀφ’
849 450 915 483 ου
945 424 1048 498 τὴν
1089 427 1330 499 ἐκπνοὴν
1361 434 1502 500 ἔχει,
1544 430 1635 485 καὶ
1665 425 1764 501 ὑφ’
1798 431 1862 487 οὐ
1948 425 1951 427 ’

259 511 512 584 φέρεται,
548 513 1243 568 ἑπτακαιεικοσαπλασίονα
1272 514 1367 584 τῆς
1398 517 1514 584 γῆς.

386 599 433 651 2.
465 591 826 668 Ἀναξαγόρας
855 601 1307 652 πολλαπλασίονα
1337 594 1788 668 Πελοποννήσου.
1907 611 1926 643 5

388 684 435 735 3.
465 677 847 780 ξΗράκλειτος,
883 671 1044 750 εὖρος
1075 678 1243 747 ποδὸς
1275 676 1647 754 ἀνθρωπείου.

388 768 437 819 4.
465 759 783 837 Ἐπίκουρος
815 762 983 821 πάλιν
1022 765 1196 837 φησὶν
1228 766 1554 837 ἐνδέχεσθαι
1583 788 1650 821 τα
1679 786 1866 838 προει-

262 849 471 919 ρημένα
516 847 721 905 πάντα·
791 844 825 920 ἢ
869 850 1193 920 τηλικοῦτον
1248 844 1438 919 ἡλίκος
1483 855 1770 922 φαίνεται,
1830 845 1863 920 ἢ

219 948 238 980 b
260 936 436 1006 μικρῷ
467 938 657 1004 μείζω,
689 929 722 1004 ἢ
757 928 1018 989 ἐλάττω.”

263 1096 343 1145 XX
353 1098 402 1145 V.
717 1083 898 1157 “Περὶ
931 1084 1201 1158 σχήματος
1232 1082 1408 1158 ἡλίου.
1891 1101 1928 1132 10

392 1202 436 1253 1.
465 1195 818 1270 Ἀναξιμένης
850 1195 1065 1255 πλατὺν
1096 1193 1169 1263 ὠς
1202 1200 1452 1255 πέταλον.

386 1285 434 1338 2.
462 1277 838 1354 “Ηράκλειτος,
873 1285 1206 1354 σκαφοειδῆ,
1238 1280 1570 1352 ὑπόκυρτον.

386 1370 434 1423 3.
473 1369 547 1423 Οἱ
574 1369 814 1424 Στωϊκοὶ
844 1369 1173 1440 σφαιροειδῆ
1215 1364 1287 1432 ὡς
1317 1365 1413 1424 τὸν
1443 1365 1648 1439 κόσμον
1680 1369 1765 1423 καὶ
1801 1366 1865 1423 τοὶ

266 1446 453 1523 ἄστρα.

387 1539 436 1593 4.
465 1533 783 1607 Ἐπίκουρος
810 1536 1133 1607 ἐνδέχεσθαι
1156 1532 1222 1592 τά
1245 1536 1617 1610 προειρημένα
1637 1532 1862 1593 πάντα.”
1890 1556 1929 1589 15

397 1623 652 1685 Τοιοῦτος
692 1620 794 1691 μὲν
834 1617 1020 1686 αὐτοῖς
1062 1617 1091 1676 ὅ
1123 1622 1290 1692 μέγας
1329 1622 1441 1676 τῶν
1471 1617 1591 1676 κατ’
1625 1616 1868 1691 οὐρανὸν

262 1706 616 1775 φαινομένων
646 1703 777 1770 θεὸς
807 1700 975 1775 ἥλιος.
1048 1706 1261 1776 Μωσῆς
1295 1705 1354 1761 δὲ
1385 1705 1475 1760 καὶ
1507 1702 1573 1760 τά
1596 1702 1867 1776 Ἑβραίων

265 1785 418 1858 λόγια
451 1783 620 1844 οὐδὲν
650 1785 862 1844 τούτων
892 1786 1355 1859 περιεργάζονται.

1829 1275 1837 1298 Q

262 1951 425 2002 XXVI.
828 1939 1007 2015 “Περὶ
1039 1939 1286 2014 σελήνης.

215 2078 234 2109 d
391 2058 435 2110 1.
465 2050 889 2125 Ἀναξίμανδρος
921 2051 1128 2111 κύκλον
1159 2053 1301 2111 εἶναι
1334 2056 1865 2111 ἐννεακαιδεκαπλα-
1889 2071 1929 2103 20

262 2142 420 2195 σιόνα
461 2140 556 2209 τῆς
606 2140 731 2210 γῆς,
787 2133 859 2204 ὥς
903 2139 991 2194 ἐπὶ
1042 2142 1141 2195 τοῦ
1193 2134 1353 2210 ἡλίου
1371 2182 1384 2209 ,
1438 2137 1619 2212 πλήρη
1671 2139 1863 2211 πυρὸς,

264 2224 537 2279 ἐκλείπειν
563 2223 623 2278 δὲ
646 2219 783 2278 κατὰ
806 2220 900 2288 τὰς
927 2219 1257 2296 ἐπιστροφάς
1280 2225 1380 2279 τοῦ
1412 2226 1623 2295 τροχοῦ.
1677 2221 1866 2295 ὅμοιον

265 2305 325 2361 δὲ
357 2306 499 2363 εἶναι
537 2305 814 2382 ἁρματείῳ
859 2310 1061 2382 τροχῷ,
1094 2313 1292 2379 κοίλην
1318 2312 1508 2379 ἔχοντα
1538 2305 1640 2378 τὴν
1670 2302 1863 2379 ἁψῖδα,

261 2391 352 2445 καὶ
383 2389 556 2463 πυρὸς
587 2387 798 2462 πλήρη,
833 2395 1025 2463 ἔχοντα
1054 2396 1189 2463 μίαν
1221 2389 1473 2462 ἐκπνοήν.

386 2478 433 2530 2.
467 2473 790 2546 Ξενοφάνης
822 2477 988 2547 νέφος
1022 2474 1161 2532 εἶναι
1193 2476 1579 2547 πεπιλημένον.
1887 2492 1927 2524 25

387 2561 434 2614 3.
473 2561 547 2614 Oc
574 2560 817 2615 Στωϊκοὶ
848 2556 1041 2631 μικτὸν
1074 2562 1133 2615 ἐκ
1163 2557 1336 2630 πυρὸς
1367 2561 1458 2615 καὶ
1490 2556 1663 2631 ἀέρος.

387 2646 436 2698 4.
470 2640 712 2699 Πλάτων
745 2645 802 2698 ἐκ
834 2647 1089 2709 πλείονος
1119 2646 1220 2700 τοῦ
1249 2642 1510 2715 γεώδους.

386 2730 431 2783 5.
462 2722 845 2798 Ἀναξαγόρας,
878 2725 1241 2799 Δημόκριτος,
1266 2728 1548 2799 στερέωμα
1573 2724 1863 2799 διάπυρον,

263 2815 385 2882 ἕχον
418 2813 478 2867 ἐν
509 2812 685 2887 ἑαυτῷ
716 2814 881 2866 πεδία
913 2814 1004 2867 καὶ
1034 2808 1134 2884 ὅρη
1165 2812 1253 2868 καὶ
1287 2809 1588 2884 φάραγγας.
