2014 3146
567 121 778 164 PRAEP.
809 120 1030 164 EVANG.
1060 121 1158 164 xv.
1190 123 1372 163 55—59.
1666 121 1767 172 411

159 249 297 298 Lvn.
617 233 799 310 “11st
830 240 1043 304 θέσεως
1074 241 1170 310 τῆς
1201 241 1313 311 γῆς,

291 340 366 392 Οἱ
391 332 497 392 άπὸ
532 333 725 392 Θάλεω
757 335 859 409 τὴν
890 339 995 408 γῆν
1024 337 1212 409 μέσην.

285 424 333 476 2.
376 419 702 494 Ξενοφάνης
745 418 1002 493 πρώτην,
1061 427 1138 486 εἰς
1193 419 1424 495 ἄπειρον
1467 419 1571 495 γὰρ
1621 424 1771 494 ἐρρι-

159 506 380 572 ζῶσθαι.

93 608 113 641 5
285 593 331 645 3.
370 586 639 655 Φιλόλαος
677 586 1134 662 δ’Πυθαγόρειος
1180 589 1239 645 τό
1279 590 1380 661 μὲν
1419 595 1533 663 πῦρ
1572 591 1766 662 μέσον·

156 674 318 729 τοῦτο
349 671 453 745 γὰρ
487 672 630 729 εἶναι
659 674 759 730 τοῦ
787 673 991 738 παντὸς
1014 675 1230 730 ἑστίαν·
1275 676 1543 745 δευτέραν
1576 674 1636 730 δὲ
1667 674 1769 746 τὴν

157 753 493 829 άντίχθονα·
536 763 728 830 τρίτην
763 757 824 813 δὲ
853 754 926 828 ἢν
956 760 1219 828 οἰκοῦμεν
1248 763 1383 829 γῆν,
1428 760 1480 824 ἐξ
1515 761 1770 826 ἐναντίας

156 842 417 914 κειμένην
456 865 514 897 τε
553 842 646 897 καὶ
675 843 1121 913 περιφερομένην
1158 843 1226 914 τῇ
1269 838 1586 913 άντίχθονι·
1632 839 1766 915 παρ’

143 922 191 981 0u
221 927 313 981 καὶ
342 923 416 998 μὴ
447 923 690 998 ὁρᾶσθαι
719 923 830 981 ὑπὸ
859 928 972 981 τῶν
1005 927 1064 980 ἐν
1094 928 1227 998 τῇδε
1257 925 1384 991 τοῦς
1416 927 1476 982 έν
1509 927 1708 999 ἐκείνῃ.

34 996 36 998 ’
93 1028 135 1061 10
283 1013 330 1065 4.
350 1014 707 1083 Παρμενίδης
720 1012 933 1077 πρῶτος
945 1005 1194 1082 ἀφώρισε
1216 1011 1310 1081 τῆς
1323 1012 1422 1081 γῆς
1446 1009 1574 1076 τοῦς
1587 1015 1768 1066 οἰκου-
1792 1036 1808 1057 c

154 1095 355 1166 μένους
384 1091 587 1159 τόπους
626 1092 737 1150 ὑπὸ
766 1107 885 1159 ταῖς
919 1095 1048 1150 δυσὶ
1089 1091 1282 1161 ζώναις
1312 1107 1432 1159 ταῖς
1462 1107 1763 1165 τροπικαῖς.

155 1231 314 1279 LVHI.
660 1215 845 1292 “Περὶ
875 1217 1142 1291 κινήσεως
1173 1222 1290 1291 γῆς.

286 1321 360 1375 Oc
385 1318 490 1390 μὲν
519 1315 675 1374 ἄλλοι
705 1320 896 1390 μένειν
926 1314 1026 1389 τὴν
1059 1320 1180 1389 γῆν.

279 1406 328 1459 2.
366 1400 635 1469 Φιλόλαος
667 1402 730 1459 δὲ
759 1402 788 1458 ὁ
813 1399 1229 1475 Πυθαγόρειος,
1262 1400 1446 1477 κύκλῳ
1477 1404 1768 1476 περιφέρε-

91 1501 131 1535 15
154 1497 290 1544 σθαι
332 1488 458 1559 περὶ
498 1486 558 1542 τὸ
596 1489 708 1558 πῦρ
754 1485 891 1543 κατὰ
922 1483 1131 1543 κύκλου
1163 1488 1350 1558 λοξοῦ,
1393 1484 1765 1559 ὁμοιοτρόπως

153 1570 294 1647 ἡλίῳ
325 1572 415 1626 καὶ
449 1569 669 1645 σελήνῃ.

278 1659 326 1711 3.
356 1650 715 1728 Ἡρακλείδης
753 1650 782 1710 ὁ
814 1651 1086 1720 Ποντικὸς
1126 1655 1219 1710 καὶ
1236 1651 1545 1726 ’Ἐκφαντος
1587 1651 1616 1710 ὃ
1647 1662 1767 1712 Πυ-

150 1737 444 1812 θαγόρειος
489 1743 706 1795 κινοῦσι
748 1739 851 1810 μὲν
899 1736 1002 1810 τὴν
1057 1741 1192 1810 γῆν,
1245 1737 1310 1795 οὐ
1365 1737 1476 1810 μὴν
1526 1745 1769 1811 μεταβα-

149 1827 344 1895 τικῶς,
375 1821 515 1879 ἀλλὰ
543 1826 872 1897 τρεπτικῶς,
903 1826 1102 1896 τροχοῦ
1135 1827 1299 1895 δίκην
1333 1825 1394 1880 ἐν
1423 1820 1578 1890 ἄξονι
1609 1843 1768 1895 στρε-

88 1909 430 1981 2Οφομένην,
472 1905 580 1964 ἀπὸ
620 1909 851 1980 δυσμῶν
892 1905 976 1964 ἐπ’
1025 1905 1324 1979 ἀνατολὰς,
1372 1909 1499 1979 περὶ
1528 1906 1589 1964 τὸ
1621 1912 1768 1964 ἴδιον

155 1991 324 2063 αὐτῆς
355 1993 601 2064 κέντρον.

278 2080 328 2132 4.
364 2075 709 2148 Δημόκριτος
731 2071 852 2131 κατ’
885 2073 1055 2147 ἀρχὰς
1074 2075 1178 2147 μὲν
1202 2072 1507 2143 πλάζεσθαι
1528 2074 1631 2146 τὴν
1659 2077 1768 2147 γῆν

156 2157 248 2216 διά
285 2182 344 2215 τε
383 2157 680 2232 μικρότητα
721 2160 812 2215 καὶ
863 2156 1204 2231 κουφότητα,
1258 2168 1664 2217 πυκνωθεῖσαν
1705 2159 1767 2216 δὲ

155 2246 233 2320 τῷ
261 2242 442 2320 χρόνῳ
474 2244 565 2300 καὶ
598 2248 986 2314 βαρυνθεῖσαν
1015 2238 1415 2315 καταστῆναι.”

86 2342 132 2374 2⁵
287 2326 512 2386 Τούτων
542 2328 632 2385 καὶ
665 2328 791 2398 περὶ
823 2329 922 2399 γῆς
956 2329 1469 2400 διαπεφωνημένων
1499 2340 1612 2394 τοῖς
1643 2351 1765 2401 γεν-

153 2418 329 2477 ναίοις
360 2409 530 2467 ἄκουε
560 2413 654 2467 καὶ
682 2416 794 2467 τῶν
825 2412 952 2485 περὶ
982 2409 1286 2484 θαλάσσης.

153 2549 270 2598 LIX.
349 2535 535 2612 “Περὶ
563 2534 879 2609 θαλάσσης,
922 2540 1037 2603 πῶς
1068 2539 1307 2610 συνέστη
1347 2540 1440 2594 καὶ
1471 2541 1586 2604 πῶς

799 2624 910 2677 ἐστι
941 2619 1124 2692 πικρά.

252 2717 704 2793 Ἀναξίμανδρος
754 2718 856 2791 τὴν
906 2717 1198 2776 θάλασσάν
1248 2738 1422 2792 φησιν
1474 2719 1615 2777 εἶναι
1668 2721 1763 2791 τῆς

265 2872 318 2910 27
350 2867 470 2923 Περὶ
491 2864 758 2924 θαλάσσης]
792 2869 1023 2911 Plutarch.
1048 2884 1090 2923 p.
1115 2871 1197 2911 896
1220 2870 1252 2912 f.

1786 2555 1859 2596 (851
1867 2559 1877 2594 )
