2014 3146
556 110 767 153 PRAEP.
797 112 1016 155 EVANG.
1045 113 1167 154 XIV.
1200 114 1266 153 20.
1291 115 1359 153 21.
1668 111 1772 164 315

163 224 259 283 υπ’
299 229 528 284 ἐκείνων
549 223 705 283 αὐτοὶ
729 226 1096 300 διατιθέμεθά
1115 250 1246 294 πως.
1291 230 1408 284 ἐπεὶ
1432 229 1523 285 καὶ
1555 236 1773 300 γελοῖον

167 320 251 382 εἴη
296 307 366 368 ἂν
399 317 448 367 εἰ
488 316 921 385 διανοηθείημεν
960 310 1144 384 ἡμεῖς,
1188 310 1371 385 ὥσπερ
1413 317 1470 369 οἰ
1496 312 1772 386 ζωγράφοι

165 397 256 452 καὶ
276 394 530 467 πλάσται,
557 394 835 462 σκύλακας
856 392 888 468 ἢ
910 403 1183 469 χιμαίρας,
1215 393 1406 465 άξιοῦν
1430 394 1605 464 εὐθὺς
1630 397 1772 454 εἶναι
1805 429 1821 450 e

163 483 361 552 ταῦτα,
395 482 486 536 καὶ
519 478 610 536 δια
647 483 807 538 τοῦτο
838 479 1215 553 φαντάζεσθαι
1245 475 1500 554 καθάπερ
1534 480 1772 555 εὐτρεπῆ

121 586 140 618 5
165 567 500 637 παρεστῶτα.
516 561 546 582 ”

296 653 374 705 13.
422 647 581 706 Διότι
626 649 727 721 μὲν
771 641 873 706 οὖν
917 646 1020 705 οὐκ
1063 646 1249 720 ὀρθῶς
1291 651 1550 721 λέγουσιν
1579 654 1637 706 οἱ
1663 648 1775 723 φά-

164 751 389 799 σκοντες
422 733 562 790 εἶναι
595 735 780 789 πᾶσαν
814 741 1081 804 αἴσθησιν
1122 736 1214 789 καὶ
1244 736 1429 790 πᾶσαν
1458 741 1773 805 φαντασίαν

163 814 347 890 ἀληθῆ
380 821 550 890 δῆλον
583 820 640 872 ἐκ
671 815 907 873 τούτων·
955 814 1094 873 ἄλλα
1117 816 1221 889 γὰρ
1246 819 1338 874 καὶ
1359 817 1571 876 τούτων
1601 816 1774 884 οὕτως

163 899 401 975 ἐχόντων
441 893 609 966 αὖθις
651 905 708 957 οὗ
743 903 870 974 περὶ
909 899 1005 957 τὸν
1031 898 1358 974 Ἐπίκουρον
1400 904 1458 958 ἐκ
1497 905 1592 974 τῆς
1625 901 1775 974 Ἀρι-

101 1007 139 1039 10
164 992 405 1043 στίππου
440 990 699 1058 διαδοχῆς
742 981 1053 1059 ὁρμώμενοι
1095 984 1276 1042 πάντα
1306 982 1511 1058 ἡδονῆς
1544 989 1775 1058 ε’ξῆπτον

164 1073 255 1127 καὶ
287 1068 629 1143 αἰσθήσεως,
676 1069 818 1142 μόνα
857 1067 923 1126 τοὶ
965 1068 1120 1141 πάθη
1152 1069 1471 1143 καταληπτά
1501 1073 1592 1127 καὶ
1624 1073 1776 1137 τέλος

161 1152 396 1227 ἀγαθῶν
426 1154 526 1227 τὴν
556 1151 769 1227 ἡδονὴν
802 1154 942 1210 εἶναι
968 1150 1290 1227 ὁριζόμενοι.
1350 1159 1430 1213 14.
1465 1158 1682 1228 λέγεται
1715 1156 1776 1212 δὲ

162 1235 538 1313 ὁἘπίκουρος
575 1234 683 1296 ὑπὸ
724 1240 827 1312 μέν
857 1262 1028 1295 τινων
1068 1237 1306 1312 μηδενὸς
1336 1238 1650 1312 ἀκηκοέναι,
1686 1242 1778 1296 ε’ν-

162 1338 351 1397 τυχεῖν
378 1325 438 1380 δε
456 1338 570 1391 τοῖς
587 1328 699 1381 τῶν
722 1327 976 1381 παλαιῶν
992 1322 1446 1424 συγγράμμασιν
1474 1320 1584 1381 ὑπό
1608 1347 1778 1381 τινων

101 1426 141 1460 15
122 1405 220 1464 ὅδ’
253 1405 390 1464 ὅτι’
367 1406 571 1480 η’κουσε
601 1406 1008 1481 Ξενοκράτους,
1050 1406 1288 1480 ὕστερον
1332 1410 1392 1465 δε
1432 1411 1525 1465 καὶ
1555 1418 1774 1467 Ναυσι-
1800 1430 1823 1461 d

162 1491 375 1565 φάνους
424 1495 523 1550 τοῦ
566 1490 875 1565 Πύρρωνος
924 1493 1228 1565 γενομένου
1274 1500 1574 1565 γνωρίμου.
1651 1498 1776 1549 τίνα

163 1576 232 1648 δὴ
278 1578 382 1633 οὐν
424 1575 491 1633 τὰ
535 1580 626 1633 καὶ
673 1574 808 1649 πρὸς
864 1573 1038 1633 αυτὸν
1093 1575 1461 1650 ἀντειρημένα
1515 1575 1777 1650 τυγχάνει

162 1659 520 1733 θεασώμεθα.

290 1757 414 1805 XXI.
468 1741 713 1817 ’Ἐπειδή
746 1749 858 1802 ε’στι
889 1762 1091 1818 γνωσις
1126 1743 1308 1816 διττὴ,
1341 1770 1374 1818 η
1406 1769 1508 1818 μεν
1531 1749 1643 1802 τῶν
1674 1749 1776 1812 ε’ξω

101 1854 142 1885 20
166 1827 532 1902 πραγμάτων,
580 1854 614 1901 η
662 1832 723 1887 δε
766 1833 878 1887 τῶν
923 1825 1058 1902 ἡμῖν
1093 1833 1330 1904 αιρετων
1362 1831 1454 1886 καὶ
1498 1833 1776 1903 φευκτῶν,

166 1919 308 1971 ε’νιοί
333 1932 471 1986 φασι
501 1918 596 1985 τῆς
628 1917 891 1988 αιρέσεως
922 1915 1014 1970 καὶ
1055 1917 1236 1986 φυγῆς
1267 1910 1443 1987 ἀρχὴν
1474 1939 1566 1971 και
1597 1911 1779 1985 κριτή-

166 2022 287 2068 ριον
319 2004 465 2071 ἔχειν
503 1996 674 2071 ἡμᾶς,
716 1998 818 2072 τὴν
855 1996 1070 2070 ἡδονὴν
1114 2001 1205 2055 καὶ
1235 1996 1332 2055 τὸν
1362 1997 1560 2056 πόνον·
1610 2004 1688 2054 ἔτι
1717 1999 1882 2069 γέιτω)

166 2106 248 2138 τοι
279 2084 370 2138 καὶ
401 2085 509 2139 νῦν
548 2086 775 2140 τοιαῦτα
814 2107 938 2140 τινα
979 2084 1238 2153 λέγουσιν
1269 2088 1327 2139 οἰ
1352 2085 1479 2152 περὶ
1509 2080 1605 2139 τὸν
1627 2080 1775 2139 Ἐπί-

166 2182 394 2239 κουρον·
441 2163 755 2237 ἀναγκαίως
786 2158 890 2223 οὖν
921 2173 1031 2238 ἔχει
1062 2168 1154 2222 καὶ
1185 2168 1310 2237 περὶ
1343 2164 1540 2223 τούτου
1572 2167 1779 2231 σκέψα-

104 2272 144 2304 25
169 2260 320 2307 σθαι.
396 2254 444 2307 2.
478 2249 745 2307 τοσούτου
785 2256 979 2307 τοίνυν
1020 2257 1192 2322 ἔγωγε
1236 2252 1342 2306 δέω
1385 2253 1567 2322 λέγειν
1605 2246 1780 2322 ἀρχὴν

170 2334 311 2391 εἶναι
343 2336 433 2392 καὶ
467 2332 674 2391 κανόνα
704 2337 816 2392 τῶν
845 2331 1079 2405 ἀγαθῶν
1103 2336 1194 2390 καὶ
1227 2338 1338 2391 τῶν
1369 2337 1555 2391 κακῶν
1585 2333 1644 2390 τὸ
1675 2333 1781 2390 πά-

168 2429 297 2489 θος,
332 2415 465 2475 ὦστ’
500 2425 684 2519 ἔμοιγε
713 2423 870 2475 δοκεῖ
888 2421 1046 2475 τοῦτο
1071 2414 1206 2475 αὐτὸ
1230 2425 1514 2492 κριτηρίου
1540 2424 1778 2475 δεῖσθαι.

172 2501 310 2559 διότι
341 2527 442 2575 μεν
473 2501 576 2575 γάρ
603 2506 750 2559 ἐστιν
776 2500 938 2559 ἑαυτὸ
966 2508 1284 2575 δείκνυσιν,
1316 2501 1512 2560 ὁποῖον
1543 2499 1597 2559 δ’
1633 2505 1783 2559 ἐστὶν

170 2589 359 2659 ἑτέρου
393 2591 484 2644 δεῖ
509 2593 607 2643 τοῦ
633 2593 933 2658 κρίνοντος.
990 2593 1040 2644 εἰ
1067 2611 1171 2660 μεν
1200 2612 1304 2660 γαρ
1330 2583 1592 2659 οἰκεῖονῆ
1624 2585 1782 2642 ἀλλό-

108 2693 149 2725 30
171 2694 325 2740 τριον
370 2669 402 2743 ἡ
448 2681 709 2743 αἴσθησις
744 2673 924 2743 λέγει,
964 2669 1197 2745 πότερον
1229 2668 1285 2729 δ’
1329 2669 1548 2745 αιρετόν
1578 2697 1610 2744 η
1642 2694 1783 2742 φευ-

172 2755 302 2812 κτὸν
331 2753 360 2812 ὃ
386 2754 559 2827 λόγος.
605 2760 652 2813 3.
684 2751 845 2812 αὐτοί
860 2780 922 2827 γε
952 2762 1043 2812 τοί
1067 2775 1242 2829 φασιν
1264 2754 1329 2813 οὐ
1354 2773 1540 2812 πασαν
1571 2753 1783 2825 ἡδονὴν

172 2835 513 2908 ἀσπάζεσθαι
545 2842 635 2897 καὶ
677 2837 856 2896 πάντα
887 2838 1061 2897 πόνον
1086 2842 1460 2913 ἐκτρέπεσθαι.
1526 2842 1687 2895 τοῦτο
1721 2839 1781 2894 δὲ
1807 2857 1826 2888 b
