2014 3146
554 120 560 125 ’
592 150 805 194 PRAEP.
838 150 1059 193 EVANG.
1091 151 1214 190 XIV.
1247 153 1313 190 11.
1350 153 1415 191 12.
1708 149 1813 202 285

203 270 361 341 μέχρι
392 267 454 324 δὲ
483 269 581 324 τοῦ
614 262 895 338 ὠφελίμου
935 264 1115 323 πάντα
1155 268 1246 323 καὶ
1277 264 1442 334 αὐτὸς
1481 264 1814 324 συνεσκόπει

206 354 297 408 καὶ
329 349 644 425 συνδιεξῄει
672 364 786 415 τοῖς
817 347 1105 407 συνοῦσι.”

342 437 527 492 Ταῦτα
556 438 826 507 Ξενοφῶν
856 438 918 491 ἐν
940 433 1547 507 Ἀπομνημονεύμασιν.
1605 437 1664 492 ἐν
1701 439 1812 492 ἐπι-

205 523 374 594 στολῇ
405 520 467 577 δὲ
496 515 526 575 ὁ
559 516 725 585 αὐτὸς
763 522 831 590 τῇ
860 517 996 593 πρὸς
1039 524 1314 591 Αἰσχίνην
1354 521 1480 593 περὶ
1512 518 1814 585 Πλάτωνος

162 628 184 659 5
207 607 299 662 καὶ
328 609 440 662 τῶν
470 601 794 676 αὐχούντων
823 601 924 676 τὴν
963 607 1061 660 τοῦ
1092 602 1295 669 παντὸς
1325 611 1677 677 φισιολογίαν
1706 628 1813 661 τοι·

209 695 348 746 αὕτα
378 686 582 762 γράφει

332 782 436 831 XII.
467 767 622 828 ““Ou
651 795 754 843 μεν
782 772 888 843 γάρ
918 769 984 827 τά
1014 781 1146 828 θεῖα
1174 795 1315 845 υπερ
1346 770 1486 844 ἡμᾶς
1516 774 1681 829 παντὶ
1716 776 1815 844 δῆ-
1835 796 1929 835 (745)

207 866 330 915 λον·
377 852 591 946 ἀπόχρη
634 855 695 911 δε
735 857 813 910 τῶ
852 861 1126 927 κρείττονι
1165 859 1260 927 τῆς
1294 853 1582 928 δυνάμεως
1614 880 1815 922 αυτους
1834 873 1931 916 [435]

207 945 419 1013 σέβειν
466 947 572 997 οἱοι
605 942 670 995 δέ
697 944 840 995 εἰσιν
870 937 995 996 οὔτε
1027 938 1214 1012 εὑρεῖν
1252 937 1449 1015 ράδιον
1479 937 1607 997 ούτε
1638 947 1861 1011 ζητεῖνῑ

144 1050 183 1079 10
206 1022 451 1098 θεμιτόν.
513 1019 647 1080 οὐδε
676 1020 782 1095 γάρ
814 1028 1100 1081 δεσποτῶν
1121 1022 1295 1096 φύσιν
1319 1021 1352 1096 ἢ
1376 1027 1576 1096 πρᾶξιν
1599 1023 1818 1091 δούλοις

208 1113 416 1167 εἰδέναι
449 1109 618 1165 πλέον
646 1104 953 1181 ὑπηρεσίας
985 1107 1266 1182 προσήκει.
1323 1111 1413 1165 καὶ
1446 1107 1506 1165 τό
1537 1110 1814 1181 μέγιστον,

204 1191 316 1270 όσω
357 1192 460 1266 χρὴ
499 1190 746 1265 ἄγασθαι
782 1189 1147 1265 τάνθρῶπινα
1201 1194 1684 1266 διαπονουμένων,
1727 1217 1818 1250 το-

206 1281 353 1354 σῷδε
382 1291 496 1344 τοῖς
539 1275 699 1350 δόξης
732 1279 791 1334 ἐκ
821 1283 1045 1334 πολλῶν
1084 1274 1334 1350 ἀκαίρων
1365 1279 1456 1334 καὶ
1487 1281 1669 1345 κενῶν
1699 1285 1818 1349 γλι-

207 1364 457 1436 χομένοις
480 1359 651 1467 άχθος
682 1363 855 1434 φέρει.
911 1359 1044 1418 πότε
1065 1359 1191 1435 γάρ,
1227 1353 1272 1418 ῶ
1294 1368 1553 1463 Αἰσχίνη,
1586 1361 1819 1433 Σωκρά-

144 1468 186 1500 15
207 1470 335 1515 τους
365 1444 570 1518 ἀκήκοέ
596 1471 676 1512 τις
701 1442 983 1518 οὐρανίων
1021 1448 1146 1519 πέρι
1178 1448 1460 1518 λέγοντος,
1503 1443 1536 1519 ἢ
1566 1445 1816 1518 γραμμὰς

211 1537 288 1598 εἰς
322 1529 715 1604 ἐπανόρθωσιν
745 1533 1149 1602 παραινοῦντος
1172 1529 1512 1603 μανθάνειν;
1543 1528 1820 1602 μουσικὴν

208 1639 311 1687 μεν
340 1613 445 1686 γὰρ
478 1623 636 1687 ἴσμεν
667 1611 838 1671 αὐτὸν
866 1617 1025 1688 μέχρι
1056 1612 1213 1672 ῶτων
1252 1617 1538 1671 συνιέντα·
1588 1616 1819 1671 διετέλει

212 1700 272 1756 δὲ
313 1698 570 1755 ἑκάστοτε
609 1697 799 1764 αὐτοῖς
845 1702 1022 1770 λέγων
1061 1705 1120 1755 τί
1155 1697 1325 1755 καλὸν
1369 1701 1461 1755 καὶ
1491 1704 1550 1755 τί
1586 1695 1818 1770 άνδρεία

212 1782 539 1855 δικαιοσύνη
577 1805 636 1838 τε
676 1785 769 1839 καὶ
809 1779 970 1840 ἄλλαι
1021 1781 1228 1855 ἀρεταί.
1293 1781 1628 1856 ἀνθρώπινα
1679 1787 1819 1854 γοῦν
1842 1807 1859 1828 c

146 1891 188 1922 20
212 1864 351 1924 αὐτοὶ
383 1865 570 1940 ἀγαθά
603 1865 801 1939 ἐκάλει,
841 1866 906 1924 τὰ
933 1864 985 1924 δ’
1020 1865 1188 1940 ἄλλα,
1221 1863 1560 1940 ἢάδύνατον
1594 1865 1817 1939 ἀνθρώ-

209 1975 331 2019 ποις
362 1948 570 2008 ἁλῶναι
603 1957 872 2024 ἔφασκεν,
911 1948 946 2024 ἢ
976 1950 1179 2024 μύθων
1220 1952 1363 2009 εἶναι
1394 1957 1666 2024 συγγενῆ,
1698 1948 1817 2023 μετ’

208 2034 420 2141 ὀφρύος
450 2039 732 2107 σοφιστῶν
761 2043 991 2107 παίγνια
1023 2035 1354 2103 διεξιόντων.
1410 2039 1502 2092 καὶ
1532 2034 1635 2092 οὐκ
1666 2043 1819 2106 ἔλεγε

210 2144 312 2192 μεν
350 2124 550 2190 ταῦτα,
591 2118 715 2192 οὐχὶ
759 2122 820 2176 δε
867 2126 1113 2192 ἐπραττε.
1186 2118 1424 2191 γράφειν
1465 2120 1527 2175 δε
1568 2117 1634 2175 τά
1677 2141 1820 2191 πρα-

213 2205 419 2276 χθέντα
445 2201 614 2260 εἰδότι
638 2221 743 2273 σοι,
775 2210 974 2276 καίπερ
997 2200 1099 2260 οὐκ
1121 2203 1286 2274 ἀηδες
1313 2201 1593 2275 ἐσόμενον,
1620 2201 1820 2275 χρόνον

148 2310 190 2342 25
217 2293 354 2388 ἔχει,
387 2284 674 2359 ἀνέγραψα
702 2310 761 2343 τε
791 2285 1006 2343 άλλοθι.
1079 2284 1503 2343 παυσάσθωσαν
1533 2286 1635 2343 οὐν
1667 2289 1820 2357 ε’λεγ-

213 2370 462 2471 χόμενοι,
496 2368 528 2442 ἢ
562 2368 696 2443 πρὸς
725 2368 785 2426 τὸ
818 2369 961 2436 εἰκὸς
995 2380 1228 2442 ἴτωσαν,
1268 2368 1351 2437 οἷς
1383 2368 1685 2470 Σωκράτης
1717 2368 1820 2426 οὐκ

213 2453 440 2527 η’,ρεσεν
475 2446 518 2510 ῶ
549 2459 707 2522 ζῶντι
736 2478 839 2526 μεν
869 2451 898 2511 ὁ
929 2452 1061 2521 θεὸς
1092 2460 1297 2527 σοφίαν
1328 2454 1825 2528 ἐμαρτύρησεν,οί

216 2540 275 2595 δε
307 2544 618 2602 κτείναντες
649 2541 742 2610 τῆς
774 2545 1066 2610 μετανοίας
1089 2536 1479 2612 ἀποκάθαρσιν
1504 2536 1604 2611 οὐχ
1636 2539 1815 2610 εὑρον.
1846 2551 1867 2582 ·1

213 2620 271 2679 τὸ
298 2624 358 2679 δε
382 2620 551 2679 καλὸν
574 2620 698 2694 ἄρα,
725 2621 1010 2694 Αἰγύπτου
1033 2619 1365 2695 ἠράσθησαν
1388 2625 1479 2679 καὶ
1503 2626 1597 2694 τῆς
1620 2631 1820 2678 Πυθα·

151 2727 194 2759 30
217 2705 352 2778 γόρα
384 2705 728 2779 τερατωδους
761 2714 988 2777 σοφίας,
1023 2698 1102 2764 ῶν
1124 2706 1182 2763 τὸ
1207 2704 1464 2780 περιττὸν
1495 2709 1586 2762 καὶ
1616 2704 1688 2778 μὴ
1720 2704 1821 2776 μό-

218 2815 379 2862 νιμον
405 2789 793 2863 ἐπὶ-Σωκράτει
815 2787 1083 2863 ἤλεγξεν’
1054 2815 1190 2862 ερως
1212 2796 1562 2865 τυραννίδος,
1589 2792 1680 2845 καὶ
1698 2785 1818 2844 άντὶ

220 2879 431 2946 διαίτης
462 2877 611 2946 λιτῆς
642 2877 962 2940 Σικελιῶτις
995 2872 1228 2946 γαστρὸς
1259 2871 1497 2947 άμέτρου
1527 2869 1819 2946 τράπεζα.”
