2014 3146
136 531 224 571 (591)

251 137 350 190 102
925 138 1173 180 EUSEBII

245 279 334 321 τος
365 255 466 327 τὴν
499 254 682 326 ψυχὴν
714 258 792 319 εἰς
824 259 999 327 ἔρωτα
1028 251 1111 310 ὅτι
1140 251 1376 326 μάλιστα
1406 252 1522 323 ἄξει
1551 254 1778 327 τούτου,
1825 253 1856 312 ὃ

246 338 433 411 δεήσει
462 336 763 410 γενόμενον
793 334 971 410 ἄνδρα
1002 336 1174 395 αὐτὸν
1217 342 1428 397 τέλειον
1459 339 1600 397 εἶναι
1630 343 1727 413 τῆς
1756 343 1854 397 τοῦ

246 422 562 497 πράγματος
594 418 847 495 ἀρετῆς.”

371 511 419 563 3.
469 508 580 562 Καὶ
625 509 786 563 τοῦτο
837 504 1137 580 προλαβών
1186 510 1399 579 Μωσῆς
1450 510 1856 580 ἐνομοθέτησεν

174 619 176 621 ·
247 589 420 648 εἰπών
453 586 584 647 “noel
625 595 775 647 ἔσται
812 588 878 648 τὰ
920 589 1135 665 ῥήματα
1165 595 1364 664 ταῦτα,
1405 588 1507 648 ὅσα
1541 589 1645 664 ἐγώ
1679 593 1853 649 ἐντέλ-

248 681 418 748 λομαί
452 693 539 732 σοι
579 673 849 784 σήμερον,
898 678 958 732 ἐν
1008 679 1074 750 τῇ
1127 680 1330 749 καρδίᾳ
1379 693 1484 733 σου
1532 678 1623 733 καὶ
1670 679 1741 733 ἐν
1792 679 1859 750 τῇ

247 763 397 834 ψυχῇ
422 779 545 831 σου,
571 762 663 816 καὶ
687 758 1047 861 προβιβάσεις
1072 758 1213 817 αὐτα
1235 773 1348 826 τοῖς
1371 765 1516 827 υίοῑς
1540 757 1681 817 σου.’
1688 756 1763 817 ’ὃ
1790 761 1858 833 δὴ

247 846 340 900 καὶ
381 866 640 917 πραττειν
680 842 926 917 σύνηθες
972 846 1165 901 παισὶν
1198 842 1499 916 Εβραίων,
1551 847 1604 912 ἐξ
1645 842 1860 916 ἁπαλῆς

249 924 465 1000 ἡλικίας
496 926 623 994 τούς
653 929 814 995 νέους
845 927 1091 996 ἅπαντας
1120 941 1235 995 τοῖς
1264 932 1360 1001 τῆς
1384 933 1708 1000 θεοσεβείας
1731 951 1861 985 παι-

255 1011 531 1086 δεύμασιν
555 1015 953 1086 ἀνατρέψουσι·
987 1017 1147 1070 τοῦτο
1165 1014 1225 1070 δὲ
1248 1015 1339 1070 καὶ
1355 1018 1431 1080 εἰς
1459 1018 1623 1085 δεῦρο
1648 1012 1784 1070 κατά
1808 1037 1858 1069 τι

253 1095 486 1170 πάτριον
530 1104 660 1164 ἔθος
691 1097 841 1171 παρὰ
871 1100 948 1173 τῷ
971 1096 1258 1155 Ἰουδαίων
1290 1104 1447 1155 ἔθνει
1479 1096 1858 1166 σπουδάζεται.

384 1192 550 1242 XVIII.
583 1180 724 1253 τεΜὴ
753 1188 947 1240 τοίνυν
968 1182 1108 1255 μηδὲ
1127 1178 1157 1239 ὃ
1178 1184 1411 1255 λέγομεν
1434 1181 1576 1239 εἶναι
1599 1186 1860 1238 παιδείαν

246 1263 505 1340 ἀόριστον
534 1268 773 1338 γένηται.
837 1269 944 1323 νῦν
973 1265 1078 1340 γὰρ
1111 1264 1474 1335 ὀνειδίζοντες
1507 1267 1862 1332 ἐπαινοῦντές

247 1374 305 1408 τε
347 1348 595 1407 ἑκάστων
634 1348 728 1417 τας
770 1349 976 1423 τροφὰς
1018 1353 1252 1423 λέγομεν
1296 1349 1366 1417 ὥς
1408 1348 1504 1408 τὸν
1534 1350 1636 1423 μὲν
1667 1371 1862 1407 πεπαι-

251 1435 521 1508 δευμένον
551 1430 708 1507 ἡμῶν
738 1433 871 1492 ὄντα
903 1433 1046 1507 τινα,
1079 1434 1176 1492 τὸν
1209 1435 1270 1492 δὲ
1292 1433 1650 1506 ἀπαίδευτον,
1685 1437 1861 1491 ἐνίοτε

249 1529 327 1586 εἵς
358 1542 415 1577 τε
445 1518 540 1585 τὰς
571 1525 872 1591 καπηλείας
895 1521 985 1576 καὶ
1007 1526 1348 1593 ναυκληρίας
1373 1521 1465 1577 καὶ
1487 1516 1674 1576 ἄλλων
1693 1522 1863 1576 τινῶν

248 1602 514 1661 τοιούτων
564 1602 710 1676 μάλα
755 1606 1220 1677 πεπαιδευμένων
1265 1602 1483 1677 σφόδρα
1523 1601 1861 1675 ἀνθρώπων.

249 1686 315 1744 οὐ
345 1686 450 1759 γὰρ
482 1690 654 1744 ταῦτα
683 1684 1039 1761 ἡγουμένων,
1073 1684 1145 1756 ὡς
1177 1695 1384 1765 ἔοι-κεν,
1429 1688 1573 1745 εἶναι
1603 1692 1864 1744 παιδείαν

249 1770 278 1828 ὁ
309 1774 417 1827 νῦν
448 1770 605 1843 λόγος
637 1769 707 1828 ἂν
738 1781 850 1845 εἴη,
898 1770 1001 1844 τὴν
1033 1773 1094 1829 δὲ
1135 1771 1270 1845 πρὸς
1301 1769 1506 1846 ἀρετὴν
1538 1775 1596 1828 ἐκ
1641 1776 1861 1828 παίδων

251 1860 542 1927 παιδείαν,
583 1860 854 1913 ποιοῦσαν
895 1855 1247 1956 ἐπιθυμητήν
1286 1881 1345 1914 τε
1376 1859 1468 1914 καὶ
1501 1854 1737 1930 ἐραστὴν
1765 1858 1865 1912 τοῦ

250 1946 484 2046 πολίτην
522 1941 788 2012 γενέσθαι
829 1942 1046 2013 τέλεον,
1100 1938 1290 2041 ἄρχειν
1339 1964 1398 1998 τε
1446 1942 1539 1997 καὶ
1592 1938 1864 2040 αρχεσθαι

251 2022 619 2097 ἐπισταμενον
648 2047 782 2097 μετα
815 2029 987 2097 δίκης.
1041 2028 1090 2080 2.
1123 2023 1332 2097 ταύτην
1361 2023 1463 2096 τὴν
1484 2023 1698 2096 τροφὴν
1728 2047 1864 2096 αφο-

250 2107 545 2181 ρισαμενος
576 2105 604 2165 ὁ
638 2107 795 2181 λόγος
827 2109 1003 2182 οὗτος,
1037 2104 1109 2175 ὦς
1142 2111 1260 2181 ἐμοὶ
1290 2114 1565 2181 φαίνεται,
1597 2111 1705 2164 νῦν
1735 2107 1864 2178 βού-

253 2189 389 2250 λοιτ’
433 2189 504 2251 ἂν
543 2192 720 2266 μόνην
759 2198 1019 2250 παιδείαν
1050 2191 1514 2266 προσαγορεύειν,
1557 2189 1659 2263 τὴν
1695 2192 1756 2248 δε
1787 2197 1865 2257 εἰς

253 2276 500 2350 χρήματα
553 2284 851 2335 τείνουσαν
900 2277 935 2349 ἥ
975 2301 1098 2335 τινα
1141 2276 1278 2351 πρὸς
1323 2275 1483 2350 ι’σχύν
1522 2273 1555 2348 ἢ
1598 2277 1688 2332 καὶ
1731 2274 1866 2349 πρὸς

255 2361 430 2431 ἄλλην
470 2359 593 2417 τινα
633 2367 840 2433 σοφίαν
870 2359 1007 2419 ἄνευ
1037 2364 1140 2418 νοῦ
1171 2364 1263 2418 καὶ
1305 2366 1460 2434 δίκης
1492 2359 1778 2434 βάναυσόν
1808 2382 1867 2416 τε

256 2444 398 2500 εἶναι
422 2446 513 2500 καὶ
537 2441 928 2518 ἀνελεύθερον,
961 2449 1052 2502 καὶ
1074 2442 1176 2502 οὐκ
1195 2443 1356 2514 ἀξίαν
1375 2445 1436 2502 τὸ
1460 2443 1721 2517 παράπαν
1744 2465 1866 2500 παι·

1884 1037 1923 1069 10

1885 1458 1926 1490 15

1886 1879 1927 1910 20

1889 2297 1930 2330 25

257 2533 415 2584 δείαν
446 2536 753 2586 καλεῖσθαι.
807 2534 853 2584 3.
888 2528 1044 2600 ἡμεῖς
1073 2530 1134 2585 δὲ
1155 2527 1288 2602 μηδ’
1324 2532 1386 2587 ἐν
1408 2528 1636 2601 ὀνόματι
1669 2533 1867 2599 διαφε-
1898 2577 1904 2584 .

250 2610 483 2684 ,ρώμεθα
515 2610 730 2683 αὐτοῖς,
773 2610 892 2668 ἀλλ’
930 2609 958 2669 ὁ
991 2615 1096 2670 νῦν
1129 2613 1197 2685 δὴ
1244 2611 1402 2685 λόγος
1433 2609 1566 2685 ἡμῖν
1595 2610 1867 2683 ὁμολογη-

251 2697 380 2761 θεὶς
410 2697 643 2767 μενέτω,
689 2694 762 2762 ὡς
792 2701 850 2752 οἴ
885 2719 949 2767 γε
977 2693 1163 2768 ὀρθῶς
1204 2697 1636 2768 πεπαιδευμένοι
1667 2692 1866 2768 σχεδὸν

252 2777 467 2850 ἀγαθοὶ
500 2785 775 2851 γίνονται,
817 2781 908 2836 καὶ
950 2785 1039 2837 δεῖ
1078 2778 1146 2852 δὴ
1177 2779 1278 2850 τὴν
1318 2784 1577 2836 παιδείαν
1607 2781 1865 2851 μηδαμοῦ

373 2905 423 2942 12
455 2898 541 2956 Μὴ
565 2901 729 2943 τοίνυν
756 2894 824 2957 -]
860 2903 992 2944 Plato
1015 2903 1127 2955 Leg.
1158 2905 1194 2943 1.
1219 2916 1261 2955 p.
1288 2904 1383 2943 643.

1888 2717 1930 2749 30
