2014 3146
597 138 808 180 PRAEP.
834 138 1055 181 EVANG.
1083 139 1161 179 XI.
1185 139 1251 179 36.
1275 140 1345 181 37.
1710 137 1775 189 73

170 277 315 326 φνης
346 251 597 311 ἀπέθανε
626 269 879 324 τριταῖος.
957 246 1114 321 οὗτος
1146 254 1207 311 δε
1237 251 1463 326 άνεβίω,
1496 256 1588 310 καὶ
1619 260 1778 328 περί-

173 356 324 395 εστιν
357 331 418 395 εὖ
447 361 512 410 γε
542 342 746 410 ποιῶν,
778 335 913 411 ἡμῖν
943 341 1117 406 ξένων
1149 340 1562 405 ἐπιεικέστατος,
1572 335 1604 357 ”

295 426 343 478 2.
386 420 569 480 Ταῦτά
590 447 682 496 μοι
706 429 915 480 κείσθω
950 421 1040 479 δια
1070 422 1132 480 τὸ
1164 424 1255 479 καὶ
1290 425 1349 480 ἐν
1370 435 1490 489 ταῖς
1505 418 1779 497 Εβραίων

168 520 408 580 γραφαῖς
439 511 655 580 νεκρῶν
685 505 1016 579 ἀναβιώσεις
1061 509 1349 581 φέρεσθαι.
1424 509 1543 565 ἐπεὶ
1585 508 1644 564 δὲ
1686 508 1778 564 καὶ

126 614 145 646 5
169 595 276 663 γῆν
305 614 430 648 τινα
475 594 536 649 έν
578 594 927 664 ἐπαγγελίαις
968 591 1157 664 μόνοις
1196 605 1310 657 τοῖς
1350 594 1641 665 θεοφιλέσι
1685 597 1778 649 ὃο-
1802 615 1824 647 b

168 673 451 747 θήσεσθαι
481 678 825 750 περιέχουσι,
869 675 1006 733 κατὰ
1035 674 1094 733 τὸ
1127 674 1345 748 φάσκον
1375 674 1564 748 λόγιον
1594 672 1690 732 “oc
1719 676 1780 733 δὲ

169 773 363 859 πραεῖς
394 759 870 862 κληρονομήσουσι
901 757 1003 830 τὴν
1043 758 1216 831 γῆν,”
1262 757 1471 831 ταύτην
1513 761 1572 816 δὲ
1617 763 1782 817 ἐπου-

169 841 364 943 ράνιον
412 841 684 916 ὑπάρχειν
738 849 1004 915 διασαφεῖ
1039 839 1067 900 5
1107 842 1339 915 φάσκων
1390 843 1604 916 λόγος
1609 840 1665 915 ἡ
1709 845 1780 900 δὲ

168 924 284 984 ἅνω
327 925 684 1002 Ιερουσαλὴμ
738 930 1007 1029 ἐλευθέρα
1059 931 1237 1000 ἐστὶν,
1284 925 1400 999 ἥτις
1442 930 1557 985 ἐστὶ
1600 926 1777 1034 μήτηρ

105 1037 145 1067 10
168 1007 352 1084 ἡμῶν·
439 1008 469 1068 ὅ
499 1036 557 1069 τε
596 1010 880 1085 προφήτης
911 1011 1013 1084 τὴν
1044 1009 1219 1084 αὐτὴν
1252 1011 1319 1085 δὴ
1351 1011 1558 1084 ταύτην
1590 1016 1650 1069 ἐκ
1680 1035 1782 1069 πο-

169 1100 416 1153 λυτελῶν
446 1098 538 1152 καὶ
569 1103 766 1169 τιμίων
798 1095 1132 1154 συνεστάναι
1164 1104 1345 1154 λίθων
1376 1100 1437 1154 ἐν
1465 1094 1651 1173 τρόπῳ
1682 1093 1781 1152 άλ-

168 1187 429 1253 ληγορίας
470 1186 768 1238 αἰνίττεται
819 1183 999 1254 λέγων
1034 1177 1200 1238 “ι’δοὺ
1245 1173 1350 1253 ἐγώ
1395 1179 1653 1254 ἑτοιμάζω
1695 1201 1781 1238 σοι

168 1261 426 1338 ἄνθρακα
455 1264 552 1321 τὸν
584 1271 749 1322 λίθον
782 1283 903 1336 σου,
935 1267 1028 1322 καὶ
1058 1264 1219 1338 θήσω
1259 1265 1354 1332 τὰς
1397 1264 1645 1333 ἐπάλξεις
1677 1284 1780 1323 σου

170 1357 393 1419 ἴασπιν,
425 1351 516 1405 καὶ
556 1346 684 1415 τούς
722 1355 1019 1422 θεμελίους
1050 1367 1152 1406 σου
1191 1347 1531 1423 σάπφειρον,
1563 1352 1656 1406 καὶ
1686 1349 1781 1406 τὸν

106 1456 145 1487 15
168 1431 467 1507 περίβολόν
519 1451 622 1490 σου
671 1439 868 1500 λίθους
920 1430 1276 1499 ἐκλεκτούς·”
1331 1437 1439 1491 θέα
1491 1432 1563 1500 ὥς
1616 1435 1708 1490 καὶ
1754 1432 1783 1489 5

167 1515 408 1574 Πλάτων
450 1540 590 1573 αυτα
633 1515 701 1589 δὴ
731 1522 932 1590 ταῦτα,
979 1543 1012 1589 η
1050 1542 1116 1575 τα
1157 1516 1541 1590 παραπλήσια,
1588 1531 1782 1575 πεπεῖ-

169 1611 305 1659 σθαι
338 1602 480 1658 εἶναι
511 1598 694 1674 άληθῆ
729 1605 789 1658 ἐν
827 1606 902 1679 τῷ
934 1605 1078 1675 Περὶ
1117 1606 1297 1675 ψυχῆς
1337 1601 1620 1676 ὁμολογεῖ,
1655 1612 1783 1659 Σω-

169 1683 358 1758 κράτει
389 1682 676 1751 ἀνατιθεὶς
705 1686 803 1744 τὸν
834 1685 999 1758 λόγον
1031 1679 1144 1743 ὧδέ
1170 1710 1245 1758 πη

294 1781 524 1831 XXXVII.
597 1768 793 1828 ΗΑλλα
823 1774 1028 1844 μέντοι,
1055 1763 1096 1828 ὦ
1122 1777 1353 1844 Σιμμία,
1379 1767 1501 1845 οὐχὶ
1533 1765 1566 1842 ἡ
1599 1768 1782 1828 Γλαύ-

103 1877 144 1908 20
167 1876 272 1911 κου
302 1857 465 1927 τέχνη
496 1856 564 1926 γε’
587 1879 679 1928 μοι
711 1860 867 1914 δοκεῖ
888 1856 1028 1912 εἶναι
1063 1853 1492 1928 διηγήσασθαι
1469 1854 1503 1911 ά
1532 1851 1578 1927 γ’
1615 1858 1779 1912 ἐστίν

167 1963 240 2004 ως
272 1941 459 2012 μέντοι
488 1938 701 2045 ἆληθή,
742 1938 1126 2039 χαλεπώτερόν
1164 1964 1256 2013 μοι
1295 1946 1552 2012 φαίνεται
1582 1936 1615 2024 ἢ
1647 1963 1790 1996 κατα

166 2021 268 2096 τὴν
308 2021 566 2081 Γλαύκου
607 2026 821 2096 τέχνην.
899 2026 989 2081 καὶ
1032 2021 1143 2097 άμα
1182 2048 1284 2097 μεν
1326 2022 1429 2096 ἐγώ
1472 2018 1602 2088 ἴσως
1655 2021 1776 2080 οὐδ’

168 2132 239 2165 αν
270 2104 384 2174 οἷός
414 2131 473 2164 τε
506 2117 645 2180 εἴην,
678 2107 788 2181 άμα
823 2109 901 2181 δε,
935 2110 1026 2165 καὶ
1051 2115 1103 2165 ει
1117 2127 1451 2181 ηπισταμην,
1482 2107 1510 2164 ὁ
1542 2113 1662 2179 βίος
1691 2132 1784 2180 μοι

170 2197 326 2249 δοκεῖ
363 2188 391 2248 5
437 2191 588 2265 ἐμὸς,
644 2194 685 2248 ὠ
737 2199 969 2265 Σιμμι’,α
1012 2196 1087 2268 τῷ
1129 2191 1287 2264 μήκει
1327 2195 1424 2248 τοῦ
1468 2189 1636 2262 λόγου
1682 2189 1783 2248 οὐκ

102 2297 144 2330 25
168 2279 435 2350 ἐξαρκεῖν.
510 2274 612 2347 τὴν
642 2279 828 2348 μέντοι
860 2276 1021 2332 ἰδέαν
1044 2278 1139 2347 τῆς
1171 2279 1298 2348 γῆς,
1330 2280 1456 2332 οἵαν
1487 2277 1783 2348 πέπεισμαι

168 2360 330 2428 εἶναι,
363 2362 454 2415 καὶ
485 2357 610 2424 τούς
639 2359 842 2425 τόπους
866 2357 1035 2431 αὐτῆς
1067 2356 1236 2416 οὐδέν
1258 2383 1325 2432 με
1349 2357 1550 2417 κωλύει
1584 2362 1779 2432 λέγειν.

168 2439 312 2499 Ἀλλ’
322 2448 475 2514 ,ἔφη
506 2441 534 2498 5
568 2450 829 2515 Σιμμίας,
862 2445 952 2500 καὶ
983 2447 1155 2500 ταῦτα
1186 2442 1358 2517 ἀρκεῖ.

297 2531 345 2583 2.
393 2529 705 2599 Πέπεισμαι
735 2533 958 2599 τοίνυν,
990 2552 1023 2599 η
1061 2526 1111 2584 δ
1149 2552 1238 2600 ος,
1272 2527 1377 2601 ε’γω
1409 2534 1630 2629 πρῶτον
1659 2552 1781 2601 μεν,

172 2616 224 2667 εἰ
253 2618 402 2667 ἔστιν
435 2615 495 2668 ἐν
524 2613 672 2687 μέσῳ
704 2635 776 2667 τω
809 2609 1032 2689 οὐρανῷ
1072 2611 1377 2686 περιφερὴς
1407 2614 1577 2684 οὐσα,
1609 2613 1785 2685 μηδὲν

108 2693 312 2768 ευαύτῇ
346 2700 466 2752 δεῖν
507 2693 642 2768 μήτε
673 2693 832 2768 άέρος
874 2695 1008 2771 πρὸς
1052 2695 1110 2753 τὸ
1151 2697 1225 2769 μὴ
1269 2711 1463 2755 πεσεῖν
1511 2695 1646 2770 μήτε
1687 2694 1786 2752 άλ-

290 2889 340 2928 19
368 2880 496 2928 'And
522 2884 683 2942 μέντοι
704 2886 780 2942 -]
816 2890 951 2931 Plato
974 2891 1206 2932 Phaedon.
1231 2905 1272 2943 p.
1298 2892 1376 2931 108
1388 2890 1429 2933 (1.
