2014 3146
300 129 400 182 108
972 127 1221 170 EUSEBII

187 262 274 303 (596)
299 248 392 302 καὶ
422 267 746 317 καταρχεται
776 239 809 316 ἡ
841 248 1034 315 βίβλος
1065 240 1306 315 φήσαντι
1338 239 1640 317 “pandoces
1670 240 1812 317 ἀνὴρ
1842 241 1903 310 ὃς

299 329 401 388 οὐκ
442 327 721 401 ἐπορεύθη
764 331 824 384 ἐν
863 330 1039 402 βουλῇ
1079 323 1357 400 ασεβῶν,”
1401 330 1492 385 καὶ
1523 353 1589 385 τα
1619 325 1794 401 ὅμοια.
1869 323 1904 384 ἃ

304 414 371 485 δὴ
413 409 740 486 μεταβαλών
779 407 808 467 ὁ
849 410 1090 468 Πλάτων
1142 414 1281 484 φησὶ
1333 417 1453 470 δεῖν
1506 411 1633 479 τούς
1677 411 1904 484 ποιητὰς

301 501 483 570 λέγειν
516 492 627 561 “ebs
668 494 694 552 ὁ
743 496 845 568 μὲν
884 493 1096 567 ἀγαθὸς
1139 494 1280 570 ἀνὴρ
1312 495 1556 570 σώφρων
1587 493 1665 554 ῶν
1695 499 1787 553 καὶ
1820 501 1905 552 δί-

300 605 453 647 καιος
506 579 794 653 εὐδαίμων
847 583 962 636 ἐστὶ
1013 583 1106 636 καὶ
1157 579 1447 654 μακάριος·
1525 578 1621 638 ε’ἀν
1682 582 1742 638 δὲ
1799 578 1906 655 ἄρα
1949 610 1972 643 5

186 687 285 731 [350]
301 670 532 739 πλουτῇ,
564 655 601 739 ᾗ
634 665 693 721 δὲ
723 662 933 736 ἄδικος,
965 662 1161 731 ἄθλιός
1193 663 1390 722 ε’στιν.”
1453 661 1483 722 ὃ
1513 666 1603 722 καὶ
1636 661 1770 722 αὐτὸ
1800 663 1909 722 πά-

303 758 394 807 λιν
433 746 461 806 ὁ
503 754 692 821 Δαβὶδ
733 741 845 806 ῶδέ
883 771 998 816 πως
1042 752 1272 817 ἐξέδωκε
1304 748 1396 807 διὰ
1425 753 1537 807 τῶν
1567 753 1800 823 ψαλμῶν
1833 755 1912 806 εί-

303 834 427 891 πῶν
458 830 730 901 “πλοῦτος
773 831 870 890 ἐὰν
913 835 1040 908 ῥέῃ,
1081 834 1155 906 μὴ
1195 841 1577 907 προστίθεσθε
1622 829 1908 907 καρδίαν.”

304 921 397 975 καὶ
427 916 595 975 πάλιν
619 913 728 991 “μὴ
760 923 942 990 φοβοῦ
970 917 1105 975 ὅταν
1135 917 1418 993 πλουτήσῃ
1449 916 1776 990 ἄνθρωπος,
1819 919 1912 974 καὶ

304 1002 437 1060 ὅταν
467 1006 775 1076 πληθυνθῇ
806 1001 839 1075 ἡ
875 1000 1004 1070 δόξα
1045 1007 1143 1060 τοῦ
1185 1012 1341 1060 οἴκου
1373 1000 1591 1059 αὕτοῦ.”
1670 1005 1758 1059 ἐπὶ
1789 1020 1910 1075 σχο-
1935 1030 1977 1063 10

305 1090 402 1159 λῆς
445 1083 498 1143 δ’
540 1082 610 1144 ἂν
650 1085 831 1159 εὕροις
872 1089 1071 1143 ἕκαστα
1121 1091 1233 1143 τῶν
1279 1091 1586 1160 εἰρημένων
1636 1090 1713 1163 τῷ
1752 1095 1913 1160 φιλο-

258 1171 463 1247 ιοσόφςο
505 1170 641 1243 πρὸς
692 1173 839 1237 λέξιν
882 1177 1108 1244 κείμενα
1161 1170 1234 1228 δι’
1288 1169 1417 1244 ὅλης
1466 1177 1562 1245 τῆς
1617 1174 1764 1243 ἱερᾶς
1802 1174 1914 1228 τῶν

307 1259 542 1329 ψαλμῶν
576 1258 809 1356 γραφῆς.
1236 1332 1256 1341 -

433 1351 578 1400 XXII.
618 1335 1044 1412 “Νομοθετικόν
1067 1340 1169 1412 μὲν
1192 1341 1296 1397 οὐν
1319 1342 1412 1396 καὶ
1438 1339 1719 1397 πολιτικὸν
1741 1338 1898 1412 ὑπερν

260 1456 275 1477 c
307 1423 640 1496 βαλλόντως.
716 1420 838 1480 αλλ’
884 1427 1043 1498 ἕτερα
1092 1430 1282 1496 φαῦλα
1334 1449 1404 1481 αν
1456 1423 1637 1499 εὕροις
1689 1422 1912 1482 αὐτόθι
1937 1451 1980 1484 15

307 1512 468 1565 τοῦτο
503 1505 558 1564 δ’
601 1501 704 1566 οὖν
744 1506 805 1565 τὸ
846 1511 968 1582 περὶ
997 1509 1287 1609 μουσικὴν
1317 1507 1523 1582 αληθές
1552 1533 1611 1566 τε
1641 1511 1732 1565 καὶ
1763 1506 1917 1577 αξιον

310 1595 555 1665 ἐννοίας,
595 1589 678 1650 ὅτι
718 1590 1011 1650 δυνατὸν
990 1617 1097 1665 αρα
1127 1594 1197 1664 ἠν
1227 1595 1355 1667 περὶ
1386 1597 1498 1650 τῶν
1526 1592 1792 1651 τοιούτων
1822 1617 1918 1650 νο-

308 1687 672 1749 μοθετεῖσθαι
715 1683 956 1749 βεβαίως
985 1681 1309 1751 θαρροῦντα
1348 1679 1484 1750 μέλη
1527 1702 1594 1734 τα
1622 1677 1725 1748 τὴν
1753 1674 1918 1750 ὀρθό-

308 1784 443 1860 τητα
473 1759 641 1833 φύσει
672 1760 1034 1834 παρεχόμενα.
1110 1766 1272 1818 τοῦτο
1319 1763 1379 1818 δὲ
1409 1765 1549 1818 θεοῦ
1579 1757 1614 1834 ἢ
1645 1768 1808 1819 θείου
1837 1784 1920 1817 τι-

310 1843 405 1910 νὸς
435 1841 688 1917 ανδρὸς
667 1843 737 1901 οὶν
769 1842 898 1916 εἰή.”
1940 1873 1984 1906 20

436 1933 485 1985 2.
533 1926 776 1994 Εἰκότως
806 1953 912 2001 αρα
945 1931 1037 1984 καὶ
1060 1925 1192 2001 παρ’
1218 1927 1492 2003 Ἑβραίοις
1515 1931 1918 2002 νενομοθέτητο

310 2013 450 2086 μηδὲ
481 2011 681 2079 αλλους
711 2009 920 2084 ὕμνους
951 2015 1043 2068 καὶ
1076 2011 1222 2088 ᾠδὰς
1267 2017 1327 2070 ἐν
1366 2026 1486 2080 ταῖς
1530 2020 1712 2080 θείαις
1758 2018 1919 2070 διδα-

312 2103 562 2163 σκαλίαις
593 2095 969 2169 ἀποδέχεσθαι
999 2094 1032 2168 ἢ
1063 2097 1156 2163 τὰς
1177 2096 1285 2154 ὑπὸ
1306 2103 1402 2154 τοῦ
1421 2104 1583 2154 θείου
1609 2095 1919 2170 πνεύματος

267 2202 287 2233 d
315 2180 405 2238 διὰ
434 2186 546 2239 τῶν
576 2187 752 2249 θείων
782 2183 874 2237 καὶ
897 2188 1256 2254 προφητικῶν
1279 2182 1504 2255 ἀνδρῶν
1528 2183 1917 2254 πεποιημένας,

310 2264 378 2322 τά
408 2290 467 2322 τε
495 2265 708 2331 τούτοις
747 2264 1059 2338 κατάλληλα
1098 2269 1233 2339 μέλη
1271 2269 1349 2342 τῷ
1379 2264 1618 2338 συνήθει
1648 2264 1777 2339 παρ’
1815 2264 1917 2322 αὐ-
1941 2291 1985 2324 25

313 2362 427 2415 τοῖς
460 2347 702 2423 ᾀδόμενα
733 2348 932 2426 τρόπῳ.

441 2445 610 2493 ΧΧΙΙΙ.
652 2429 979 2505 (ῼΣυγχωρῶ
1011 2457 1074 2506 γε
1104 2432 1165 2490 τό
1188 2457 1252 2505 γε
1274 2437 1540 2491 τοσοῦτον
1564 2436 1655 2490 καὶ
1681 2432 1785 2506 ἐγώ
1808 2448 1922 2500 τοῖς

315 2524 566 2588 πολλοῖς,
623 2522 744 2573 δεῖν
782 2516 884 2587 τὴν
922 2517 1194 2590 μουσικὴν
1239 2514 1418 2591 ἡδονῇ
1469 2523 1792 2591 κρίνεσθαι,
1845 2516 1920 2590 μὴ

314 2602 501 2673 μέντοι
532 2603 644 2656 τῶν
674 2623 735 2671 γε
769 2600 1157 2674 ἐπιτυχόντων,
1189 2599 1328 2658 ἄλλα
1360 2599 1559 2674 σχεδὸν
1591 2604 1811 2673 ἐκείνην
1843 2600 1921 2656 εἷ-

316 2709 409 2740 ναι
440 2689 654 2756 μοῦσαν
685 2689 1001 2755 καλλίστην,
1039 2683 1156 2756 ἥτις
1192 2684 1318 2752 τούς
1342 2691 1658 2756 βελτίστους
1681 2687 1774 2741 καὶ
1799 2689 1918 2741 ἱκα-
1941 2708 1985 2741 30

429 2823 482 2860 14
513 2814 850 2871 Νομοθετικόν
881 2822 952 2867 —-]
988 2821 1122 2862 Plato
1154 2823 1267 2873 Leg.
1300 2823 1338 2861 2.
1372 2835 1415 2873 p.
1450 2822 1530 2861 657
1563 2835 1604 2863 a.

428 2879 480 2917 27
515 2875 752 2930 Συγχωρῶ
783 2878 854 2923 -]
886 2876 1001 2918 Ibid.
1034 2891 1077 2930 p.
1110 2879 1205 2920 658.
