2014 3146
245 91 351 143 206
917 92 1170 134 EUSEBII

244 208 448 275 παντὸς
477 212 576 265 τοῦ
607 206 816 280 κόσμου
845 210 1010 264 τοῦδε
1029 205 1344 280 τυγχάνειὴ
1370 205 1533 281 ψυχή.
1577 205 1644 265 οὗ
1674 231 1851 281 παρα·
1883 247 1887 248 ⁷

245 295 525 365 πέμπομαι
555 293 646 348 καὶ
676 289 774 348 τὸν
796 289 1179 365 Ἐμπεδοκλέα.
1251 290 1279 348 6
1311 291 1544 364 φυσικὸς
1573 284 1731 359 οὗτος
1755 295 1852 366 τῆς

243 380 355 433 των
385 375 610 434 πάντων
639 373 965 448 ἀναλήψεως
1004 378 1272 449 μέμνηται
1312 371 1385 442 ὥς
1427 379 1687 450 ἐσομένης
1718 378 1850 434 ποτὲ

246 467 324 526 εἰς
353 459 456 533 τὴν
484 465 583 518 τοῦ
613 458 785 535 πυρὸς
816 459 1017 517 οὐσίαν
1047 457 1402 533 μεταβολῆς.”

197 569 219 601 b
370 549 454 602 31.
481 541 854 618 “Σαφέστατα
887 542 941 600 δ’
967 543 1316 618 “Ηροὲκλειτος
1340 543 1368 602 6
1388 541 1632 616 Ἐφέσιος
1648 544 1848 619 ταύτης
1872 571 1899 603 5

246 631 358 686 ἐστὶ
390 633 487 702 τῆς
519 628 707 703 δόξης,
740 629 836 687 τὸν
867 632 970 703 μέν
991 654 1115 687 τινα
1140 628 1345 702 κόσμον
1368 626 1552 686 ἀΐδιον
1585 630 1730 687 εἶναι
1762 635 1850 688 δο-

244 713 506 787 κιμάσας,
559 714 655 772 τὸν
696 717 762 772 δέ
797 739 923 772 τινα
964 713 1367 789 φθειρόμενον,
1420 710 1518 772 τὸν
1569 713 1705 771 κατὰ
1750 712 1851 786 τὴν

245 798 637 873 διακόσμησιν,
693 799 855 866 εἰδώς
906 796 1008 872 οὐχ
1061 802 1250 871 ἕτερον
1298 797 1433 856 ὅντα
1475 802 1690 856 ἐκείνου
1735 821 1851 866 πως

245 889 476 956 ἔχοντος.
520 882 640 940 ἀλλ’
676 883 759 941 ὅτι
780 885 880 957 μὲν
901 882 1085 941 ἀΐδιον
1106 882 1203 941 τὸν
1227 886 1279 951 ἐξ
1303 879 1519 956 ἁπάσης
1540 887 1635 955 τῆς
1659 882 1851 950 οὐσίας

243 966 437 1035 ἀϊδίως
460 967 621 1026 ποιὸν
641 966 848 1040 κόσμον
868 966 996 1041 ἤδη,
1021 966 1269 1042 φανερὸν
1292 981 1442 1026 ποιεῖ
1467 969 1646 1040 λέγων
1676 966 1851 1034 οὕτως
1875 993 1916 1024 10

237 1048 466 1126 (κόσμον
504 1051 600 1110 τὸν
632 1051 803 1110 αὐτὸν
843 1052 1070 1110 πάντων
1110 1051 1237 1110 οὔτε
1276 1077 1356 1119 τις
1395 1057 1549 1110 θεῶν
1590 1049 1717 1110 οὔτε
1756 1051 1850 1109 ἀν-

243 1137 494 1212 θρώπων
526 1142 812 1210 ἐποίησεν,
843 1134 969 1194 ἀλλ’
1002 1130 1072 1210 ἧν
1103 1135 1190 1194 ἀεὶ
1241 1139 1333 1194 καὶ
1374 1143 1514 1207 ἔστι,
1546 1139 1638 1194 καὶ
1679 1142 1849 1210 ἔσται,

243 1226 356 1295 πῦρ
387 1220 643 1326 ἀείζωον,
686 1218 996 1295 ἁπτόμενον
1025 1224 1195 1296 μέτρα
1233 1224 1326 1279 καὶ
1356 1219 1852 1296 αποσβεννύμενον

193 1343 210 1365 0
242 1306 447 1380 μέτραῖ
497 1306 578 1364 ὅτι
613 1307 673 1363 δε
703 1309 795 1364 καὶ
821 1305 1092 1380 γεννητὸν
1112 1309 1203 1364 καὶ
1230 1305 1486 1381 φθαρτὸν
1510 1305 1683 1363 αὐτὸν
1707 1307 1850 1364 εἶναι

246 1390 560 1465 ἐδογματιζε
609 1390 807 1464 μηνύει
857 1416 923 1448 τα
976 1390 1346 1465 ἐπιφερόμενα
1391 1387 1589 1465 πυρὸς
1630 1393 1847 1466 τροπαὶ,
1874 1416 1920 1448 15

244 1479 465 1549 πρῶτον
494 1475 782 1548 θαλασσα,
825 1475 1112 1549 θαλασσης
1146 1477 1207 1533 δε
1237 1475 1297 1534 τὸ
1327 1501 1430 1549 μεν
1460 1476 1631 1549 η’μισυ
1661 1482 1760 1550 γῆ,
1791 1474 1857 1532 τὸ·

245 1561 307 1617 δε
337 1581 507 1634 ημισυ
539 1560 804 1635 πρηστήρ.
819 1557 832 1578 ’
919 1561 1152 1636 δυναμει
1183 1560 1287 1635 γὰρ
1319 1563 1495 1643 λέγει,
1535 1585 1630 1618 οτι
1647 1557 1707 1618 τὸ
1739 1564 1855 1633 πῦρ

241 1643 350 1702 ὑπὸ
380 1649 478 1704 τοῦ
511 1649 860 1750 διοικοῦντος
870 1644 1037 1718 λόγου
1069 1648 1161 1704 καὶ
1184 1649 1325 1703 θεοῦ
1353 1671 1420 1703 τα
1444 1644 1739 1727 σύμπαντα
1770 1641 1848 1702 δι’

242 1728 402 1804 αέρος
434 1731 688 1804 τρέπεται
721 1737 798 1797 εἰς
827 1728 1036 1804 ὑγρὸν,
1067 1730 1127 1788 τὸ
1160 1755 1233 1797 ως
1275 1734 1491 1830 σπέρμα
1532 1732 1627 1802 τῆς
1663 1734 1852 1786 διακο-

243 1813 514 1886 σμήσεως,
546 1810 577 1871 6
606 1822 767 1871 καλεῖ
791 1813 1112 1872 θαλασσαν
1148 1818 1206 1871 ἐκ
1240 1815 1301 1871 δε
1331 1813 1530 1871 τούτου
1563 1805 1729 1879 αὖθις
1761 1821 1849 1886 γί-
1872 1838 1918 1870 20

132 1921 225 1965 [369]
242 1921 395 1955 νεται
433 1896 669 1972 οὐρανὸς
708 1901 800 1955 καὶ
840 1902 912 1970 γῆ
949 1901 1041 1955 καὶ
1080 1924 1146 1956 τα
1187 1896 1629 1972 ἐμπεριεχόμενα.
1700 1894 1853 1963 όπως

244 1983 306 2039 δε
336 1981 504 2040 πάλιν
545 1980 992 2056 αναλαμβανεται
1033 1986 1125 2041 καὶ
1169 1986 1502 2056 ἐκπυροῦται
1533 1985 1724 2055 σαφῶς
1759 1981 1851 2038 διὰ

242 2065 453 2124 τούτων
495 2066 690 2165 δηλοι“
699 2066 957 2124 θαλασσα
1002 2070 1274 2142 διαχέεται
1322 2070 1414 2124 καὶ
1447 2069 1729 2140 μετρέεται
1772 2073 1850 2131 είς

198 2173 219 2204 d
243 2150 340 2208 τὸν
391 2145 564 2209 αὐτὸν
605 2150 799 2226 λόγον,
844 2148 1025 2219 ὁκοῖος
1066 2151 1325 2225 πρόσθεν
1355 2144 1427 2224 ἦν
1468 2147 1502 2224 ἢ
1544 2148 1846 2224 γενέσθαι]

241 2235 442 2309 ὁμοίως
473 2239 564 2294 καὶ
595 2238 721 2310 περὶ
753 2240 865 2294 τῶν
894 2235 1080 2294 ἄλλων
1110 2243 1398 2311 στοιχείων
1426 2261 1492 2293 τα
1523 2232 1679 2292 αὐτά.
1689 2233 1719 2254 ”
1868 2259 1914 2290 25

369 2324 453 2377 32.
469 2317 498 2337 “
513 2320 882 2394 Παραπλήσια
904 2321 1079 2399 τούτῳ
1101 2324 1193 2379 καὶ
1217 2326 1275 2378 οἱ
1294 2319 1714 2394 ἐλλογιμωτατοι
1735 2323 1849 2376 τῶν

242 2407 513 2461 Στωϊκῶν
544 2411 928 2478 δογματίζουσι
968 2412 1099 2477 περί
1133 2430 1191 2464 τε
1225 2403 1589 2478 ἐκπυρώσεως
1620 2410 1847 2476 διαλαμ-

243 2486 507 2559 βανοντες
538 2492 631 2545 καὶ
661 2489 869 2562 κόσμου
901 2489 1224 2563 διοικήσεως
1255 2491 1348 2546 καὶ
1380 2493 1478 2546 τοῦ
1502 2495 1654 2554 ἰδίως
1686 2489 1851 2545 ποιοῦ

242 2570 451 2645 κόσμου
481 2596 540 2629 τε
571 2576 661 2629 καὶ
692 2572 1000 2647 ἀνθρώπου
1041 2577 1132 2631 καὶ
1162 2577 1257 2648 τῆς
1287 2598 1398 2631 των
1427 2572 1707 2646 ἡμετέρων
1741 2585 1844 2638 ψυ-

242 2659 357 2728 χῶν
390 2659 762 2729 ἐπιδιαμονῆς.
825 2658 995 2716 παλιν
1024 2683 1082 2716 τε
1113 2660 1184 2715 αὐ
1215 2659 1242 2715 6
1274 2656 1515 2715 Πλάτων
1547 2659 1605 2713 ἐν
1635 2680 1736 2728 μεν
1765 2659 1840 2730 τῷ
1868 2679 1908 2711 30

245 2739 463 2816 ἑβδόμῳ
494 2744 589 2812 τῆς
619 2747 910 2807 Πολιτείας
940 2741 1042 2814 τὴν
1073 2745 1315 2800 ἐνταῦθα
1345 2765 1557 2815 ημεραν
1587 2763 1843 2812 νυκτερι-

353 2866 407 2905 30
440 2858 490 2906 ἐν
513 2863 574 2917 τῷ
599 2857 786 2918 ἑβδόμῳ
807 2863 891 2917 τῆς
914 2863 1189 2918 Πολιτείας]
1222 2879 1266 2918 p.
1290 2866 1386 2908 521.
