2014 3146
644 99 857 142 PRAEP.
887 100 1106 143 EVANG.
1139 101 1238 141 XV.
1273 103 1338 143 10.
1373 102 1438 141 11.
1705 100 1808 152 365

190 215 341 290 ψυχὴ
375 219 427 283 ἐξ
474 213 645 272 ἄλλου
691 213 831 292 ζῴου
876 213 1009 274 ἄλλο
1054 224 1292 289 γίνεται
1341 238 1456 283 πως
1501 209 1605 274 οὗν
1644 213 1677 288 ἡ
1708 221 1807 274 τοῦ

192 303 464 374 προτέρου
508 306 609 358 τοῦ
658 303 852 373 ἐφεξῆς
898 297 967 358 ἂν
1011 302 1255 373 γένοιτο,
1305 306 1356 358 εἰ
1391 301 1461 373 ἠν
1502 303 1807 374 ἐντελέχεια

195 385 352 454 ἑνός-ς
410 390 456 442 8.
491 391 752 457 φαίνεται
794 386 854 441 δὲ
893 389 1055 443 τοῦτο
1099 389 1158 442 ἐκ
1195 389 1309 442 τῶν
1347 386 1807 458 μεταβαλλόντων

193 468 348 546 ζῴων
380 476 457 536 εἰς
487 467 626 526 ἄλλα
658 475 778 545 ζῷα.
842 468 947 526 οὐκ
976 468 1083 540 ἄρα
1113 474 1188 547 τῷ
1222 470 1378 535 εἶδος
1402 469 1552 528 εἷναί
1570 494 1717 535 τινος
1747 468 1806 527 τὸ

147 577 170 610 5
195 555 336 612 εἶναι
369 559 505 627 ἔχει,
563 551 687 610 ἀλλ’
721 560 872 610 ἔστιν
902 552 1093 625 οὐσία,
1135 552 1201 611 οὐ
1235 553 1383 625 παρὰ
1413 554 1473 612 τὸ
1507 558 1567 612 ἐν
1597 553 1806 628 σώματι
1831 579 1847 601 0

194 642 460 710 ἱδρῦσθαι
499 637 559 695 τὸ
602 638 744 695 εἶναι
786 637 1176 711 λαμβάνουσα,
1218 635 1338 695 ἀλλ’
1375 631 1519 695 οὖσα
1549 641 1684 711 πρὶν
1714 641 1806 696 καὶ

190 727 356 780 τοῦδε
385 726 678 795 γενέσθαι,
723 719 844 779 οἷον
883 721 1053 799 ζῴου,
1094 721 1161 780 οὐ
1191 721 1251 779 τὸ
1292 727 1449 795 σῶμα
1488 722 1589 795 τὴν
1622 721 1807 796 ψυχὴν

190 806 465 880 γεννήσει.
529 812 574 864 9.
607 813 690 872 τίς
720 830 825 864 ουν
854 804 1021 863 οὐσία
1061 804 1259 877 αὐτῆς;
1302 813 1353 863 εἰ
1386 809 1444 863 δε
1484 806 1620 880 μήτε
1650 812 1805 880 σῶμα

192 890 326 965 μήτε
370 891 552 956 πάθος
597 909 875 963 σωματος,
923 893 1115 963 πρᾶξις
1163 891 1225 947 δε
1270 893 1360 947 καὶ
1413 897 1659 963 ποίησις,
1715 895 1804 948 καὶ

128 1000 168 1031 10
192 974 368 1033 πολλὰ
399 978 490 1032 καὶ
523 978 583 1031 ἐν
613 971 756 1050 αὐτῇ
785 976 876 1031 καὶ
911 978 963 1043 ἐξ
997 972 1192 1047 αὐτῆς,
1227 973 1390 1032 οὐσία
1421 975 1570 1050 παρὰ
1600 975 1665 1032 τὰ
1697 975 1807 1033 σώ-

190 1084 334 1133 ματα
363 1051 533 1131 οὖσα,
579 1065 711 1116 ποία
754 1065 837 1125 τίς
883 1062 1061 1130 ἐστιν;
1107 1056 1141 1132 ἢ
1184 1064 1352 1133 δῆλον
1396 1057 1478 1116 ὅτι
1522 1057 1593 1132 ἦν
1623 1083 1806 1133 φαμεν

192 1143 363 1211 ὅντως
407 1141 607 1201 οὐσίαν
639 1145 811 1213 εἷναι;
857 1141 917 1200 τὸ
950 1145 1052 1217 μὲν
1094 1141 1200 1217 γὰρ
1245 1146 1493 1216 γένεσις,
1541 1141 1662 1201 ἄλλ’
1701 1141 1804 1202 οὐκ

191 1227 374 1301 οὐσία,
406 1232 519 1286 πᾶν
548 1222 607 1286 τὸ
641 1228 956 1302 σωματικὸν
979 1227 1123 1286 εἶναι
1147 1228 1350 1301 λέγοιτ’
1387 1226 1478 1302 ἂν,
1509 1228 1803 1302 γινόμενον

192 1316 284 1371 καὶ
315 1311 727 1386 ἀπολλύμενον,
773 1311 946 1380 ὅντως
981 1315 1041 1370 δὲ
1072 1312 1339 1370 οὐδέποτε
1367 1309 1463 1385 ὂν,
1504 1313 1803 1386 μεταλήψει

130 1419 171 1453 15
199 1399 260 1455 δὲ
298 1401 398 1456 τοῦ
435 1396 593 1464 ὄντος
624 1399 964 1471 σωζόμενον,
999 1395 1131 1455 καθ’
1166 1395 1299 1455 ὅσον
1330 1393 1399 1453 ἂν
1433 1397 1606 1455 αὐτοῦ
1638 1423 1802 1471 μετα-

193 1479 520 1555 λαμβάνοι,”

312 1565 533 1639 Ἐπειδὴ
568 1567 626 1623 δὲ
657 1566 839 1623 καὶτὰ
869 1572 1166 1624 Πλωτίνου
1192 1565 1516 1640 διήλθομεν,
1549 1572 1804 1625 συνιδεῖν
1831 1583 1852 1615 d

192 1650 295 1709 οὐκ
336 1649 543 1709 ἄτοπον
582 1653 674 1708 καὶ
714 1649 780 1708 τοὶ
822 1657 1134 1727 Πορφυρίω
1177 1655 1238 1708 ἐν
1266 1666 1381 1718 τοῖς
1412 1649 1548 1724 πρὸς
1579 1650 1803 1724 Βόηθον

194 1737 322 1810 περὶ
353 1738 532 1808 ψυχῆς
565 1738 827 1807 εἰρημένα

129 1844 172 1876 20
320 1830 400 1879 XI.
426 1817 616 1892 “11969
644 1821 705 1876 δε
727 1818 824 1876 τὸν
850 1821 1190 1893 ἐντελέχειαν
1220 1819 1322 1890 τὴν
1354 1820 1542 1893 ψυχὴν
1578 1818 1803 1877 εἰπόντα

193 1906 284 1962 καὶ
315 1902 578 1977 ἀκίνητον
601 1908 883 1970 παντελῶς
913 1906 1089 1961 οὐσαν
1121 1919 1301 1962 κινεῖν
1332 1903 1678 1978 υπειληφότα
1710 1909 1804 1979 ρη-
1827 1918 1913 1959 (813)

193 1991 319 2046 ’τέον
349 1987 530 2046 πόθεν
559 1994 615 2047 οἱ
644 1991 1043 2061 ἐνθουσιασμοὶ
1067 1993 1164 2045 τοῦ
1190 1987 1330 2065 ζςόου
1353 1990 1528 2062 μηδεν
1551 2014 1655 2062 μεν
1677 1993 1804 2057 ξυν-

196 2076 370 2138 ιέντος
417 2065 495 2129 ὠν
539 2072 641 2148 ὁρᾷ
684 2098 744 2130 τε
789 2075 881 2129 καὶ
922 2077 1099 2146 λέγει,
1146 2080 1242 2144 τῆς
1289 2075 1349 2130 δε
1390 2077 1568 2146 ψυχῆς
1611 2075 1702 2130 καὶ
1744 2074 1803 2130 τὸ

194 2160 394 2230 μέλλον
439 2159 532 2213 καὶ
575 2156 648 2229 μὴ
698 2156 914 2224 ἐνεστὸς
958 2155 1267 2266 βλεπούσης
1322 2160 1413 2214 καὶ
1458 2181 1595 2214 κατα
1638 2157 1804 2214 ταυτὸ

131 2265 172 2298 25
196 2242 557 2314 κινουμένης,
602 2239 782 2298 πόθεν
823 2242 883 2297 δε
923 2244 1014 2298 καὶ
1058 2243 1144 2298 ἐπὶ
1176 2245 1271 2314 τῆς
1301 2245 1400 2299 τοῦ
1429 2240 1570 2317 ζῴου
1602 2260 1802 2299 συστα-

195 2347 335 2392 σεως
381 2351 438 2382 αι
483 2329 581 2397 τῆς
627 2350 700 2391 ως
747 2324 887 2402 ζῴου
918 2332 1096 2398 ψυχῆς
1142 2333 1347 2398 βουλαί
1371 2351 1429 2383 τε
1460 2328 1550 2383 καὶ
1584 2329 1802 2395 σκεψεις
1825 2346 1911 2388 [415]

197 2413 289 2466 καὶ
333 2407 627 2482 θελήσεις,
675 2411 843 2482 ῥοπαὶ
890 2410 1054 2467 οὖσαι
1098 2413 1192 2483 τῆς
1238 2414 1416 2485 ψυχῆς
1457 2414 1547 2468 καὶ
1593 2410 1664 2468 οὐ
1703 2415 1801 2469 τοῦ

195 2492 482 2567 σώματος’

322 2582 370 2634 2.
409 2576 537 2637 Εἶθ’
577 2581 698 2650 ἑξῆς
730 2582 968 2651 ἐπιλέγει

132 2685 173 2718 30
277 2701 280 2704 -
317 2659 345 2679 “
363 2661 434 2719 Τὸ
466 2664 527 2719 δὲ
567 2661 834 2736 βαρύτητι
873 2662 1184 2733 ἀπεικάζειν
1225 2663 1327 2737 τὴν
1367 2664 1550 2738 ψυχὴν
1581 2661 1614 2736 ἢ
1647 2665 1799 2721 ποιό-

195 2764 319 2818 τησι
357 2750 672 2820 μονοειδέσι
712 2754 804 2804 καὶ
844 2744 1122 2821 ἀκινήτοις
1164 2763 1527 2822 σωματικαῖς,
1570 2748 1700 2805 καθ’
1737 2745 1799 2814 ἂς

196 2825 230 2903 ἢ
255 2845 486 2890 κινεῖται
510 2829 542 2905 ἢ
567 2830 728 2889 ποιόν
754 2835 865 2890 ἐστι
887 2830 947 2890 τὸ
970 2831 1357 2907 ὑποκείμενον,
1394 2831 1799 2899 ἐκπεπτωκότος
