2014 3146
634 121 848 164 PRAEP.
879 121 1098 163 EVANG.
1132 122 1235 162 ΧΠ.
1259 123 1326 162 29.
1691 122 1790 172 117

316 236 624 311 Τοιγάρτοι,
657 229 700 293 ὦ
731 243 879 310 φίλε,
913 242 1030 313 ἰδίᾳ
1059 260 1118 294 τε
1157 235 1591 311 συγγιγνόμενος
1621 233 1650 295 ὁ
1679 262 1795 295 τοι--

179 328 337 389 οὗτος
379 320 591 399 ἑκάστῳ
632 324 726 378 καὶ
766 327 1031 397 δημοσίᾳ,
1073 317 1208 394 ὅπερ
1249 320 1550 395 ἀρχόμενος
1581 328 1791 395 ἔλεγον,

177 404 312 466 ὅταν
344 409 404 463 ἐν
448 412 785 483 δικαστηρίῳ
825 405 860 479 ἤ
900 428 1009 464 που
1050 404 1250 464 ἄλλοθι
1290 404 1623 480 ἀναγκασθῇ
1666 410 1794 481 περὶ

178 495 290 550 τῶν
320 489 468 564 παρὰ
498 489 672 556 πόδας
703 493 796 547 καὶ
834 494 947 548 τῶν
979 494 1040 548 ἐν
1068 488 1382 564 ὀφθαλμοῖς
1416 493 1791 565 διαλέγεσθαι,

136 577 389 649 5γέλωτα
440 578 665 649 παρέχει
705 572 772 632 οὐ
813 573 988 648 μόνον
1030 574 1326 650 Θρᾴτταις,
1378 573 1516 632 ἀλλά
1574 578 1666 633 καὶ
1716 580 1792 652 τῷ

177 658 327 738 ἄλλῳ
367 657 541 737 ὄχλῳ,
586 665 664 726 εἰς
703 658 916 732 φρέατά
955 683 1014 716 τε
1053 662 1148 716 καὶ
1190 663 1375 716 πᾶσαν
1416 659 1657 733 ἀπορίαν
1698 664 1789 733 έμ-

177 751 397 803 πίπτων
424 742 534 801 ὑπὸ
558 742 830 817 ἀπειρίας,
863 746 955 800 καὶ
978 742 1013 816 ἡ
1038 741 1395 817 ἀσχημοσύνη
1422 744 1597 817 δεινὴ,
1627 743 1793 812 δόξαν

178 826 505 902 ἀβελτερίας
554 831 916 902 παρεχομένη.
1007 833 1051 885 7.
1109 833 1170 886 ἔν
1209 852 1268 886 τε
1307 826 1411 903 γάρ
1450 842 1569 894 ταῖς
1611 834 1795 885 λοιδο-

180 919 323 987 ρίαις
366 918 510 970 ἴδιον
549 919 660 986 ἔχει
690 910 858 970 οὐδὲν
898 909 1104 970 οὐδένα
1135 918 1431 986 λοιδορεῖν,
1463 911 1558 970 ἅτε
1588 911 1690 970 οὐκ
1722 919 1794 970 εί-

115 1022 156 1053 10
180 996 290 1064 δὼς
320 997 492 1054 κακὸν
522 995 691 1054 οὐδὲν
729 995 963 1063 οὐδενὸς
1005 1000 1063 1054 ἐκ
1102 1001 1200 1055 τοῦ
1238 995 1314 1071 μὴ
1343 1000 1791 1070 μεμελετηκέναι·
1820 1021 1842 1051 (ι

177 1080 404 1156 ἀπορῶν
427 1073 532 1140 οὖν
554 1089 766 1154 γελοῖος
789 1087 1071 1155 φαίνεται·
1121 1088 1182 1140 ἔν
1211 1105 1271 1139 τε
1294 1096 1407 1148 τοῖς
1432 1084 1678 1150 ἐπαίνοις
1702 1085 1794 1139 καὶ

177 1181 297 1234 ταῖς
327 1169 439 1224 τῶν
469 1165 656 1223 ἀλλων
684 1172 1080 1240 μεγαλαυχίαις
1110 1165 1178 1224 οὐ
1217 1165 1620 1241 προσποιήτως,
1656 1164 1795 1224 ἀλλά

178 1258 253 1328 τῷ
294 1249 412 1309 ὄντι
451 1255 632 1323 γελῶν
674 1256 904 1323 ἔνδηλος
951 1249 1276 1324 γιγνόμενος
1337 1250 1592 1326 ληρώδης
1643 1257 1800 1310 δοκεῖ

180 1337 338 1394 εἶναι.
415 1341 463 1393 8.
509 1333 789 1408 τύραννόν
826 1359 886 1393 τε
925 1335 1030 1409 γὰρ
1070 1332 1104 1408 ἢ
1135 1338 1365 1407 βασιλέα
1397 1335 1796 1409 ἐγκωμιαζόμε-

116 1442 156 1474 15
179 1445 281 1479 νον
312 1423 410 1477 ἕνα
438 1423 551 1477 τῶν
573 1422 818 1492 νομέων,
843 1417 964 1477 οἷον
987 1418 1248 1493 συβώτην
1279 1415 1312 1493 ἢ
1340 1422 1575 1494 ποιμένα
1604 1418 1639 1494 ἥ
1669 1445 1795 1478 τινα

178 1503 480 1578 βουκόλον,
535 1500 745 1577 ἡγεῖται
797 1501 1022 1561 ἀκούειν
1075 1503 1595 1579 εὐδαιμονιζόμενον
1653 1503 1794 1563 πολὺ

180 1588 517 1664 βδάλλοντα·
568 1587 984 1663 δυσκολώτερον
1028 1590 1088 1646 δὲ
1121 1593 1351 1647 ἐκείνων
1385 1593 1523 1666 ζῷον
1552 1592 1644 1647 καὶ
1677 1593 1794 1647 ἐπι-

179 1673 514 1748 βουλότερον
552 1680 869 1747 ποιμαίνειν
908 1697 968 1731 τε
1009 1676 1100 1731 καὶ
1143 1673 1408 1746 βδάλλειν
1446 1682 1652 1748 νομίζει
1692 1672 1795 1731 αύ-

176 1758 330 1828 τούς·
406 1763 454 1817 9.
502 1756 763 1834 ἄγροικον
804 1760 865 1816 δὲ
896 1761 987 1816 καὶ
1018 1755 1359 1817 ἀπαίδευτον
1395 1758 1504 1816 ὑπὸ
1536 1756 1795 1832 ἀσχολίας

116 1866 157 1898 20
181 1841 350 1902 οὐδὲν
399 1836 565 1917 ἦττον
613 1847 726 1900 τῶν
770 1845 986 1917 νομέων
1034 1842 1133 1901 τὸν
1185 1850 1438 1902 τοιοῦτον
1489 1842 1795 1916 ἀναγκαῖον

180 1935 505 2002 γίγνεσθαι,
547 1927 718 2001 σηκὸν
760 1932 821 1985 ἐν
859 1926 976 2002 ὄρει
1006 1926 1067 1985 τὸ
1096 1943 1274 2002 τεῖχος
1304 1931 1792 2002 περιβεβλημένον.

181 2017 279 2087 γῆς
312 2014 372 2070 δὲ
401 2011 536 2070 ὅταν
565 2019 736 2087 μυρία
766 2015 985 2087 πλέθρα
1015 2010 1049 2085 ἢ
1082 2019 1159 2070 ἔτι
1183 2019 1356 2071 πλείω
1380 2012 1615 2087 ἀκούσῃ,
1647 2010 1794 2079 ὅστις
1813 2034 1905 2075 (604)

179 2097 286 2173 ἄρα
317 2100 646 2171 κεκτημένος
685 2095 982 2172 θαυμαστὰ
1025 2096 1215 2170 πλήθη
1250 2100 1522 2170 κέκτηται,
1555 2097 1797 2170 πάνσμι-

181 2207 286 2258 κρα
319 2187 477 2241 δοκεῖ
501 2180 748 2255 ἀκούειν,
783 2188 861 2249 εἰς
891 2179 1113 2239 ἅπασαν
1157 2181 1370 2248 εἰωθώς
1399 2179 1502 2253 τὴν
1530 2185 1638 2254 γῆν
1667 2176 1797 2254 βλέ-

118 2260 324 2325 εἷπειν.
404 2271 484 2323 10.
531 2266 598 2323 τὰ
639 2267 699 2322 δὲ
741 2264 810 2337 δὴ
850 2268 985 2338 γένη
1025 2263 1383 2339 ὑμνούντων,
1426 2262 1498 2332 ὡς
1538 2264 1794 2339 γενναῖός

182 2374 262 2417 τις
296 2349 431 2407 ἑπτὰ
475 2349 734 2417 πάππους
773 2357 1077 2416 πλουσίους
1119 2357 1260 2424 ἔχων
1298 2348 1611 2424 ἀποφῆναι,
1652 2373 1796 2408 παν-

183 2434 422 2492 τάπασιν
451 2430 636 2538 ἀμβλύ
667 2435 758 2491 καὶ
791 2436 881 2491 ε’πὶ
911 2433 1144 2508 σμικρὸν
1173 2431 1435 2509 ὁρώντων
1465 2431 1677 2509 ἡγεῖται
1699 2433 1796 2492 τὸν

183 2527 431 2592 ἔπαινον,
461 2515 575 2576 υπὸ
606 2516 972 2586 ἀπαιδευσίας
1009 2517 1076 2577 οὐ
1092 2521 1447 2621 δυναμένων
1487 2526 1564 2587 εἰς
1593 2517 1653 2577 τὸ
1683 2522 1795 2576 πᾶν

183 2602 271 2662 ἀεὶ
301 2606 547 2678 βλέπειν,
579 2601 714 2662 ουδε
744 2603 1108 2677 λογίζεσθαι“”
1089 2603 1173 2662 ότι
1202 2603 1444 2663 πάππων
1474 2607 1566 2661 καὶ
1597 2602 1794 2676 προγό-

119 2710 160 2743 30
183 2714 300 2747 νων
329 2687 595 2764 μυριάδες
628 2687 838 2766 ἑκάστῳ
869 2687 1165 2762 γεγόνασιν
1194 2687 1584 2799 ἀναρίθμητοι,
1619 2691 1678 2745 ἐν
1709 2695 1794 2753 αἱς
1818 2709 1839 2741 b

185 2773 437 2832 πλούσιοι
467 2776 559 2831 καὶ
591 2776 797 2847 πτωχοὶ
826 2775 918 2830 καὶ
959 2780 1206 2846 βασιλεῖς
1243 2776 1335 2831 καὶ
1367 2777 1555 2831 δοῦλοι
1586 2771 1795 2846 βάρβα-

187 2863 279 2932 ροί
296 2882 355 2916 τε
375 2855 732 2932 καὶἝλληνες
753 2856 1014 2926 πολλάκις
1036 2865 1224 2933 μυρίοι
1245 2857 1542 2932 γεγόνασιν
1560 2853 1791 2934 ὁτῳοῦν,
