2014 3146
579 134 792 174 PRAEP.
825 133 1045 177 EVANG.
1078 134 1204 174 xm.
1237 135 1338 176 5.6.
1662 133 1762 185 177

152 247 559 322 δυνησόμενος,
604 255 812 321 ἔθηκεν
853 252 912 306 ἐν
951 249 1054 322 μὲν
1083 253 1159 326 τῷ
1192 248 1425 323 σχήματι
1454 252 1568 306 τῶν
1590 247 1764 322 Ἀθη-

151 340 330 393 ναίων
359 333 456 391 τὸν
487 332 856 407 Εὐθύφρονα,
882 331 1015 391 ὄντα
1037 330 1216 408 ἄνδρα
1241 333 1476 403 ἀλαζόνα
1507 335 1599 391 καὶ
1631 333 1763 391 κοά-

153 427 321 492 λεμον
362 419 454 475 καὶ
503 427 560 476 εἴ
589 442 670 485 τις
711 416 872 484 ἄλλος
912 426 1173 491 θεολογεῖ
1213 424 1423 490 κακῶς,
1477 415 1647 476 αὐτὸν
1700 419 1762 476 δε

151 500 248 560 τὸν
287 500 595 576 Σωκράτην
638 499 723 559 ἐπ’
777 499 950 560 αὐτοῦ
999 527 1059 560 τε
1108 505 1200 559 καὶ
1245 507 1305 560 ἐν
1343 507 1418 579 τῷ
1462 508 1587 580 ἰδίῳ
1628 522 1763 576 σχη-

106 609 130 641 5
153 591 505 667 ματισμῷηέν
546 610 695 663 ῳπερ
729 586 1005 654 εἰωθότως
1038 584 1268 660 ἤλεγχεν
1309 588 1519 663 ἑκάστῳ
1558 606 1732 660 προσο

151 668 384 744 μιλῶν.”

283 768 358 816 Vl.
401 747 502 813 “Ὦ
541 761 670 856 φίλε
707 761 963 830 Κρίτων,
1003 753 1037 827 ἡ
1078 761 1365 829 προθυμία
1405 774 1507 812 σου
1553 758 1764 812 πολλοῦ
1789 779 1809 811 1>

153 838 310 912 ἀξία,
357 846 407 897 εἰ
442 839 578 913 μετά
616 863 763 906 τινος
802 836 1102 912 ὀρθότητος
1143 849 1254 912 εἴη
1305 845 1354 896 εἰ
1403 841 1462 896 δε
1501 837 1604 940 μὴ,
1650 837 1763 916 ὅσῳ

153 930 380 997 μείζων,
424 923 669 1002 τοσούτῳ
700 926 1066 998 χαλεπωτέρα.
1143 935 1476 982 σκοπεῖσθαι
1521 925 1623 982 οὐν
1662 923 1805 998 χρὴο

91 1029 132 1061 ιο
153 1006 311 1082 ἡμᾶς,
346 1018 454 1066 εἴτε
483 1013 656 1066 ταῦτα
687 1011 959 1084 πρακτέον
991 1018 1100 1066 εἴτε
1128 1008 1221 1082 μὴ,
1255 1033 1326 1075 ως
1359 1008 1480 1116 ἐγω
1495 1006 1562 1066 οὐ
1592 1007 1765 1081 μόνον

153 1099 292 1166 νῦν,
332 1091 471 1150 ἄλλα
511 1097 603 1150 καὶ
642 1090 729 1151 άεὶ
770 1097 1013 1160 τοιοῦτος
1061 1091 1175 1161 οἷος
1213 1100 1326 1152 τῶν
1369 1096 1514 1167 ἐμων
1564 1095 1765 1166 μηδενὶ

153 1175 302 1254 άλλῳ
345 1184 647 1236 πείθεσθαι
689 1175 722 1250 ἢ
762 1203 838 1255 τῳ
878 1176 1024 1255 λόγῳ
1071 1203 1131 1245 ος
1183 1176 1252 1236 ἄν
1301 1203 1393 1251 μοι
1434 1179 1764 1280 λογιζομένῳ

154 1265 433 1334 βέλτιστος
475 1268 754 1336 φαίνηται.
845 1267 893 1320 2.
950 1262 1077 1329 τοὺς
1122 1263 1182 1320 δὲ
1216 1254 1420 1335 λόγους
1459 1287 1557 1328 ους
1599 1265 1658 1320 ἐν
1687 1286 1763 1338 τῳ

155 1353 473 1420 ἔμπροσθεν
504 1353 696 1420 ἔλεγον
733 1371 800 1404 ου
829 1345 1072 1420 δύναμαι
1101 1351 1210 1404 νῦν
1242 1345 1548 1419 ἐκβάλλειν,
1574 1344 1767 1418 ἐπειδή

90 1450 132 1482 15
154 1455 246 1504 μοι
276 1428 376 1504 ἥδε
406 1427 440 1504 ἡ
470 1430 607 1505 τύχη
637 1434 896 1503 γέγονεν,
937 1428 1075 1488 ἀλλὰ
1115 1430 1316 1504 σχεδόν
1345 1455 1396 1488 τι
1425 1454 1601 1504 ομοιοι
1632 1436 1767 1504 φαί-

153 1522 353 1573 νονταί
377 1539 487 1589 μοι,
519 1518 612 1573 καὶ
641 1514 769 1582 τοὺς
800 1512 1000 1581 αὐτοὺς
1031 1514 1322 1587 πρεσβεύω
1348 1518 1439 1572 καὶ
1462 1540 1598 1588 τιμω
1631 1513 1767 1572 οὕσ-

153 1622 258 1675 περ
302 1602 392 1657 καὶ
438 1599 734 1674 πρότερον
793 1624 872 1656 ων
897 1599 995 1656 ἐαν
1017 1598 1090 1672 μὴ
1114 1606 1311 1672 βελτίω
1342 1606 1552 1673 ἔχωμεν
1583 1603 1765 1699 λέγειν

158 1687 218 1741 ἐν
256 1688 332 1761 τῷ
372 1683 633 1759 παρόντι,
677 1708 740 1742 ευ
786 1692 908 1741 ἴσθι
948 1683 1030 1740 ότι
1068 1683 1135 1741 οὐ
1178 1683 1253 1757 μή
1284 1702 1371 1741 σοι
1401 1682 1764 1756 συγχωρήσω,

154 1765 276 1826 οὐδ’
313 1765 382 1826 ἂν
413 1775 586 1826 πλείω
616 1771 728 1826 τῶν
758 1772 866 1826 νῦν
896 1766 1189 1842 παρόντων
1218 1767 1251 1842 ἡ
1282 1772 1395 1826 τῶν
1418 1770 1641 1826 πολλῶν
1673 1766 1767 1825 δυ’-

90 1872 134 1906 20
157 1877 318 1926 ναμις
350 1871 535 1927 ωσπερ
566 1858 768 1919 παῖδας
797 1848 939 1926 ἡμᾶς
962 1851 1418 1927 μορμολύττηται,
1446 1851 1680 1925 δεσμούς
1710 1876 1768 1909 τε

155 1940 248 1994 καὶ
277 1937 559 2004 θανάτους
593 1940 976 2011 ἐπιπέμπουσα
998 1940 1091 1994 καὶ
1115 1936 1408 2011 χρημάτων
1430 1935 1763 2010 ἀφαιρέσεις.
1791 1959 1815 1992 d

155 2026 205 2079 3.
253 2044 369 2088 πως
420 2023 525 2080 οὐν
574 2019 644 2079 ἂν
693 2020 1061 2121 μετριώτατα.
1084 2027 1432 2095 σκοποίμεθα
1485 2019 1651 2090 αὐτά;
1722 2025 1772 2077 εἰ

158 2127 379 2178 πρωτον
408 2131 511 2179 μεν
539 2109 736 2164 τοῦτον
765 2130 862 2163 τον
891 2105 1059 2177 λόγον
1081 2104 1473 2178 ἀναλάβοιμεν,
1497 2102 1562 2161 ὃν
1586 2104 1655 2161 σὺ
1679 2106 1771 2160 λε’-

159 2212 303 2261 γεις,
343 2189 440 2248 τὸν
480 2192 608 2261 περὶ
646 2193 758 2247 τῶν
802 2192 1006 2259 δοξῶν,
1052 2189 1286 2262 πότερον
1328 2192 1507 2254 καλῶς
1554 2191 1768 2259 ἐλέγετο

93 2301 136 2333 25
161 2271 417 2330 ἑκάστοτε
446 2269 480 2345 ἢ
511 2271 598 2344 οὗ,
629 2271 712 2330 ὅτι
741 2289 861 2340 ταῖς
890 2273 992 2344 μὲν
1025 2278 1115 2329 δεῖ
1139 2276 1252 2330 τῶν
1277 2274 1454 2340 δοξῶν
1477 2274 1769 2345 προσέχειν

158 2356 255 2414 τὸν
284 2360 451 2429 νοῦν,
493 2371 612 2422 ταῖς
644 2358 705 2413 δὲ
744 2355 838 2413 οὔ·
884 2353 918 2428 ἢ
959 2359 1092 2430 πρὶν
1133 2359 1235 2429 μέν
1265 2380 1332 2430 με
1363 2362 1485 2414 δεῖν
1514 2353 1769 2428 άποθνή-

159 2458 315 2498 σκειν
345 2443 522 2507 καλῶς
556 2443 788 2512 ἐλέγετο,
820 2443 928 2499 νῦν
960 2442 1022 2497 δὲ
1062 2440 1366 2513 κατάδηλος
1405 2439 1513 2515 ἄρα
1555 2442 1768 2512 ἐγένετο

159 2523 243 2582 ὅτι
282 2522 459 2590 ἄλλως
501 2528 663 2582 ἕνεκα
713 2523 881 2596 λόγου
923 2527 1166 2597 ἐλέγετο,
1217 2517 1287 2596 ἦν
1330 2526 1390 2582 δὲ
1439 2527 1633 2582 παιδιὰ
1676 2526 1768 2580 καὶ

159 2615 409 2684 φλυαρία
431 2605 502 2675 (ὃς
534 2605 772 2681 άληθῶς.
818 2612 867 2666 4.
896 2612 1152 2682 ἐπιθυμῶ
1177 2607 1230 2666 δ’
1267 2616 1439 2682 ἔγωγε
1471 2609 1772 2675 ἐπισκέψα-

97 2720 139 2752 30
162 2703 316 2766 σθαι,
349 2685 391 2748 ὦ
422 2701 664 2766 Κρίτων,
697 2696 854 2766 κοινῇ
886 2693 1023 2766 μετὰ
1055 2699 1176 2765 σοῦ,
1211 2703 1266 2750 εἴ
1288 2699 1345 2749 τί
1371 2717 1462 2766 μοι
1492 2690 1774 2749 ἀλλοιότε-

278 2888 301 2925 7
324 2875 378 2926 Ὦ
413 2886 524 2938 φίλε
555 2883 627 2940 -]
662 2885 797 2926 Plato
829 2885 1004 2927 Criton.
1037 2899 1080 2938 p.
1101 2886 1155 2926 46
1175 2886 1218 2926 b.

252 2966 484 2995 EUSEBms
520 2969 574 2995 11.
1456 2955 1521 3006 12
