2014 3146
283 108 386 161 358
963 108 1209 148 EUSEBn

285 224 411 296 ρὸν,
454 221 488 296 ἤ
527 247 579 280 τι
619 221 792 295 πυρὸς
833 219 924 294 ὃν,
965 220 1068 279 οὐκ
1100 225 1376 295 ἐπιτρέπει
1410 228 1528 296 φῶς
1560 225 1687 298 περὶ
1720 222 1893 282 αὐτὸν

284 308 550 380 ἀνῆφθαι.
613 312 660 363 2.
696 313 772 363 ἔτι
813 305 841 363 ὁ
873 307 1003 379 μὲν,
1044 303 1168 364 κατ’
1213 307 1359 374 εἶδος
1398 304 1724 381 ἀφθαρσίαν
1754 306 1893 366 ἀπο-

239 417 261 448 d
285 395 467 465 νέμων
496 406 608 458 τοῖς
640 390 758 448 κατ’
795 389 1037 464 οὐρανὸν
1066 389 1300 463 ἅπασιν,
1333 390 1708 465 ἀποχωρήσεις
1739 394 1892 460 τινάς

285 474 472 533 αὐτῶν
503 478 594 532 καὶ
626 475 1036 550 προσχωρήσεις
1068 478 1415 550 συμμέτρους
1444 479 1583 549 φησὶ
1605 483 1887 549 γίνεσθαι·

285 558 677 635 (ἀναγκάζουσι
720 562 780 617 δὲ
820 558 989 618 αὐτὸν
1029 563 1211 632 λέγειν
1251 566 1451 633 ταῦτα,
1496 560 1593 627 τὰς
1622 562 1725 634 μὲν
1755 559 1893 619 ἀπο-
1937 589 1955 620 5

284 654 511 719 κρίσεις,
544 650 605 702 αἵ
630 668 688 701 τε
718 643 936 712 ἀκτῖνες
966 651 1065 702 τοῦ
1095 641 1256 717 ἡλίου
1281 648 1372 702 καὶ
1390 643 1726 720 θερμότητες
1758 645 1892 703 κατὰ

284 727 595 802 ἀπόρρυσιν
638 728 811 787 αὐτοῦ
851 728 1161 802 γινόμεναι
1208 727 1304 796 τὰς
1345 731 1404 786 δὲ
1446 726 1891 804 προσκρίσεις,ἡ

286 825 377 886 ἴση
417 820 515 871 τοῦ
555 815 829 887 μεγέθους
871 811 1044 871 αὐτοῦ
1083 814 1276 916 φάσις·
1331 812 1397 872 οὐ
1436 816 1540 888 γὰρ
1579 839 1650 872 αν
1689 812 1894 887 ἤθελεν

286 907 379 955 ι”σα
410 905 714 971 φαίνεσθαι
754 900 929 972 μηδεν
971 895 1110 955 ἀνθ’
1146 899 1224 956 ὧν
1254 895 1451 971 ἀφίησι
1484 898 1836 972 λαμβάνοντα
1854 899 1890 972 )

283 987 330 1040 3.
365 978 393 1039 ὁ
427 983 488 1039 δὲ
516 980 886 1057 Ἀριστοτέλης
917 982 1097 1055 πάντη
1127 985 1316 1055 μένειν
1350 986 1436 1040 ἐπὶ
1467 987 1560 1057 τῆς
1592 982 1761 1056 αὐτῆς
1791 982 1889 1041 οὐ-
1916 1010 1955 1040 10

283 1073 406 1134 σιάς
452 1064 589 1124 αὐτὰ
621 1066 907 1139 βούλεται,
949 1067 1084 1139 μήτε
1123 1065 1271 1134 τινὸς
1313 1064 1500 1133 αὐτοῖς
1531 1065 1894 1142 ἀποχωροῦν-

283 1175 372 1216 τος
421 1150 555 1224 μήτε
595 1151 933 1222 προσιόντος.
1015 1156 1064 1208 4.
1110 1157 1188 1208 ἔτι
1238 1147 1265 1208 ὃ
1311 1152 1413 1224 μὲν
1454 1150 1588 1224 πρὸς
1628 1155 1693 1226 τῇ
1735 1156 1895 1226 κοινῇ

283 1236 498 1308 κινήσει
527 1239 639 1292 τῶν
669 1233 916 1309 ἄστρων,
949 1227 1080 1292 καθ’
1115 1233 1185 1307 ἣν
1211 1239 1270 1292 ἐν
1300 1249 1420 1301 ταῖς
1443 1243 1703 1310 σφαίραις
1737 1239 1893 1294 ἐνδε-

285 1322 503 1392 δεμένοι
542 1326 828 1377 κινοῦνται
872 1318 1074 1386 πάντες
1114 1326 1171 1377 οἱ
1206 1317 1427 1392 ἀστέρες
1459 1325 1516 1377 οἵ
1540 1345 1597 1378 τε
1627 1316 1892 1387 ἀπλανεῖς

174 1427 263 1468 (807)
283 1405 374 1460 καὶ
405 1408 463 1460 οἱ
489 1403 859 1477 πλανώμενοι,
892 1406 982 1460 καὶ
1015 1407 1207 1474 ἑτέραν
1234 1401 1420 1470 αὐτοῖς
1441 1411 1662 1478 κίνησιν
1692 1402 1887 1462 ἀποδί-
1915 1433 1954 1465 15

285 1493 493 1561 δωσιν,
526 1485 597 1560 ἣν
628 1486 696 1561 δὴ
728 1492 818 1546 καὶ
850 1487 1027 1556 ἄλλως
1057 1495 1356 1562 καλλίστην
1397 1488 1539 1547 εἶναι
1576 1491 1892 1562 συμβέβηκε

283 1574 375 1629 καὶ
397 1572 789 1647 προσήκουσαν
813 1570 998 1630 αὐτῶν
1019 1579 1084 1648 τῇ
1097 1572 1266 1647 φύσει
1287 1576 1385 1631 τοῦ
1405 1573 1651 1647 σώματος
1668 1591 1678 1602 ·
1704 1574 1890 1646 (σφαι-

283 1660 424 1729 ρικοὶ
464 1655 570 1730 γάρ
601 1653 757 1725 ὅντες
803 1656 1023 1725 εἰκότως
1055 1657 1358 1731 σφαιρικὴν
1396 1656 1466 1715 ἅν
1504 1683 1629 1716 τινα
1669 1665 1890 1730 κίνησιν

284 1744 507 1808 ἕκαστος
547 1756 753 1799 κινοῖτο
794 1741 1301 1815 περιδινούμενος)
1371 1741 1400 1799 ὅ
1443 1744 1505 1799 δὲ
1557 1745 1648 1799 καὶ
1689 1741 1889 1814 ταύτης

281 1822 597 1898 ἀφαιρεῖται
647 1829 741 1898 τῆς
793 1824 1062 1897 κινήσεως
1123 1824 1354 1897 αὐτούς,
1414 1822 1484 1898 ἣν
1534 1822 1606 1892 (ὃς
1657 1832 1888 1900 ἔμψυχοι
1912 1854 1952 1886 20

282 1910 595 1982 κινοῦνται,
636 1909 814 1983 μόνην
855 1911 915 1967 δὲ
956 1907 1242 1968 ἀπολείπει
1283 1911 1383 1983 τὴν
1422 1905 1518 1967 ὑπ’
1565 1908 1749 1968 ἄλλων
1777 1915 1889 1968 τῶν

281 1993 652 2067 περιεχόντων
700 1993 886 2066 ὥσπερ
927 1993 1161 2068 ἀψύχοις
1201 2001 1640 2067 συμβαίνουσαν.
1714 2002 1761 2051 5.
1797 1998 1889 2052 καὶ

284 2076 351 2150 δὴ
382 2085 480 2135 καί
505 2098 642 2151 φησι
673 2079 774 2152 τὴν
802 2082 1102 2151 γινομένην
1132 2086 1447 2150 φαντασίαν
1477 2078 1611 2152 ἡμῖν
1640 2078 1746 2136 ἀπὸ
1777 2083 1889 2137 τῶν

281 2160 531 2235 ἀστέρων
573 2159 647 2229 ὦς
690 2166 1035 2236 κινουμένων
1077 2163 1256 2230 πάθος
1309 2163 1451 2221 εἶναι
1489 2169 1584 2235 τῆς
1616 2160 1888 2237 ἡμετέρας

233 2266 255 2298 b
279 2245 458 2316 ὅψεως
478 2245 863 2321 ἀδυνατούσης
887 2251 981 2305 καὶ
1005 2244 1240 2323 ὡσπερεὶ
1271 2249 1555 2321 σειομένης
1570 2293 1583 2320 ,
1615 2246 1888 2321 ἀλήθειαν
1909 2274 1950 2307 25

283 2331 345 2386 δὲ
374 2330 477 2388 οὐκ
507 2332 674 2390 εἶναι·
723 2330 909 2405 ὥσπερ
924 2331 1225 2400 Πλάτωνος
1249 2330 1356 2390 ἀπὸ
1386 2331 1585 2406 ταύτης
1615 2338 1710 2404 τῆς
1742 2358 1887 2405 φαν-

280 2422 472 2482 τασίας
513 2415 614 2488 τὴν
643 2416 785 2487 ὑπὲρ
826 2421 920 2489 τῆς
962 2416 1233 2488 κινήσεως
1270 2425 1457 2474 πίστιν
1488 2417 1885 2490 λαμβάνοντος,

279 2496 402 2554 ἀλλ’
436 2497 542 2556 οὐκ
571 2498 678 2557 ἀπὸ
707 2505 806 2558 τοῦ
835 2501 1004 2573 λόγου
1035 2506 1134 2559 τοῦ
1171 2499 1529 2567 διδάσκοντος
1558 2499 1641 2558 ὅτι
1671 2499 1884 2609 ἀνάγκη

278 2582 492 2640 τούτων
540 2587 772 2643 ε’καστον
821 2590 960 2663 ζῷον
1008 2584 1142 2644 ὄντα
1190 2588 1283 2643 καὶ
1332 2584 1518 2659 ψυχὴν
1559 2592 1752 2659 ἔχοντα
1791 2587 1882 2641 καὶ

280 2687 437 2740 σωμα
467 2679 746 2726 κινεῖσθαι
785 2668 888 2742 τὴν
919 2675 1072 2727 ίδίαν
1111 2677 1358 2744 κίνησιν
1403 2671 1539 2743 (παν
1580 2667 1684 2742 γάρ
1726 2687 1884 2741 σωμα
1906 2696 1949 2729 30

280 2776 322 2807 ω
353 2776 456 2860 μεν
498 2755 707 2819 ἔξωθεν
742 2751 802 2810 τὸ
844 2765 1124 2813 κινεῖσθαι
1167 2753 1411 2828 ἄψυχον,
1458 2746 1503 2830 ᾦ
1545 2754 1606 2810 δε
1646 2758 1884 2811 ἔνδοθεν

279 2838 371 2892 καὶ
403 2839 455 2904 ἐξ
497 2839 696 2895 εαυτοῦ
736 2839 1033 2912 ἐΜμψυχον)
1091 2838 1422 2912 κινούμενον
1462 2839 1552 2910 δε,
1595 2860 1691 2894 ατε
1722 2848 1883 2895 θεῖον
