2014 3146
281 92 351 145 56
465 125 468 130 ·
501 92 525 111 ¹·
961 92 1207 133 EUSEBH

285 208 506 282 (φησὶν)
547 204 575 265 ὃ
625 207 783 278 θεὸς,
834 206 1152 280 ποιήσωμεν
1192 204 1498 279 ἄνθρωπον
1538 204 1657 264 κατ’
1704 205 1892 264 εἰκόνα

283 295 375 350 καὶ
405 289 669 366 ὁμοίωσιν
699 290 985 364 ἡμετέραν.
1034 292 1126 347 καὶ
1159 293 1414 363 ἐποίησεν
1445 289 1473 347 ὁ
1505 289 1635 356 θεὸς
1665 288 1762 348 τὸν
1791 288 1893 347 ἄν-

284 388 543 450 θρωπον,
583 372 702 432 κατ’
739 373 927 431 εἰκόνα
957 379 1096 431 θεοῦ
1129 377 1388 446 ἐποίησεν
1418 373 1640 432 αὐτόν.”
1718 379 1766 431 2.
1800 377 1893 431 καὶ

285 464 405 533 ἑξῆς
445 460 541 517 τὸν
582 458 858 517 σύνθετον
895 462 971 536 τῷ
1013 457 1157 535 λόγῳ
1201 461 1434 532 διαιρῶν
1474 469 1552 525 εἰς
1582 483 1640 516 τε
1669 457 1729 516 τὸ
1760 483 1894 531 φαι-

283 544 519 618 νόμενον
559 547 718 617 σῶμα
759 545 851 600 καὶ
897 549 975 610 εἰς
1024 541 1120 600 τόν
1169 540 1303 600 κατὰ
1355 542 1540 616 ψυχὴν
1586 541 1939 616 νοούμενονῑ)

286 630 523 701 ἐπιλέγει
555 623 682 684 “uoci
727 634 927 700 ἔλαβεν
965 625 993 684 ὁ
1034 626 1165 694 θεὸς
1206 630 1343 701 χοῦν
1372 626 1479 684 ἀπὸ
1510 632 1606 699 τῆς
1635 630 1763 699 γῆς,
1803 628 1895 684 καὶ

286 721 525 770 ἔπλασεν
554 712 651 770 τὸν
682 710 989 786 ἄνθρωπον
1020 713 1111 768 καὶ
1146 710 1493 785 ἐνεφύσησεν
1524 718 1602 778 εἰς
1632 709 1691 768 τὸ
1722 709 1898 785 πρόσ-

287 819 440 855 ωπον
480 795 664 855 αὐτοῦ
703 795 883 868 πνοὴν
922 799 1086 869 ζωῆς,
1139 798 1231 853 καὶ
1273 799 1488 868 ἐγένετο
1529 791 1557 853 ὁ
1597 793 1897 867 ἅνθρωπος

175 905 266 946 (551)
288 888 365 948 εἰς
397 878 582 955 ψυχὴν
606 878 841 950 ζῶσανῘ’
888 885 936 938 3.
970 878 1110 937 αλλὰ
1140 883 1233 937 καὶ
1262 876 1492 954 αρχικόν
1522 898 1697 981 φησιν
1728 876 1898 936 αὐτὸν

286 968 378 1023 καὶ
419 965 708 1038 βασιλικὸν
748 967 1012 1038 γενέσθαι
1053 988 1166 1021 των
1207 966 1297 1022 ε’πὶ
1328 969 1427 1038 γῆς
1459 986 1699 1022 παντων.
1748 965 1895 1036 λέγει
1920 988 1964 1019 10

289 1049 339 1107 δ’
386 1042 542 1108 οὖνε
547 1048 662 1108 ’καὶ
723 1050 877 1107 εἶπεν
926 1048 953 1106 ὅ
1005 1047 1165 1122 θεὸς,
1221 1054 1540 1122 ποίησωμεν
1591 1041 1898 1122 ανθρωπον

287 1131 409 1192 κατ’
445 1133 631 1192 εἰκόνα
671 1130 945 1208 ἡμετέραν
975 1135 1069 1190 καὶ
1109 1130 1242 1190 καθ’
1274 1132 1569 1206 ὁμοίωσιν,
1612 1134 1705 1190 καὶ
1735 1131 1899 1206 ἀρχέ-

287 1239 472 1276 τωσαν
501 1221 612 1276 τοῖν
646 1217 863 1292 ἰχθύων
893 1221 988 1291 τῆς
1019 1216 1334 1291 θαλάσσης,
1367 1220 1459 1274 καὶ
1489 1220 1602 1275 τῶν
1631 1219 1900 1275 πετεινῶν

287 1306 386 1361 τοῦ
426 1300 700 1377 οῦρανοῦ,
749 1305 841 1360 καὶ
881 1306 995 1359 τῶν
1035 1308 1254 1375 κτηνῶν
1293 1304 1386 1359 καὶ
1428 1301 1607 1375 πάσης
1645 1307 1740 1374 τῆς
1781 1303 1896 1375 γῆς.

289 1389 380 1444 καὶ
424 1391 682 1460 ἐποίησεν
722 1386 750 1444 ὁ
782 1386 913 1454 θεὸς
943 1385 1041 1444 τὸν
1071 1384 1376 1459 ἄνθρωπον
1407 1390 1467 1444 ἐν
1499 1384 1672 1443 εἰκόνι
1704 1382 1896 1457 αὐτοῦ,
1922 1406 1966 1440 15

180 1496 267 1538 [324]
289 1469 410 1529 κατ’
454 1471 642 1529 εἰκόνα
680 1474 821 1529 θεοῦ
863 1475 1123 1544 ἐποίησεν
1167 1467 1391 1528 αῦτόν.”
1481 1475 1529 1527 4.
1573 1474 1689 1536 πῶς
1733 1469 1785 1526 δ’
1830 1466 1900 1526 ἂν

288 1555 468 1622 ἄλλως
501 1555 666 1613 εἰκών
698 1560 971 1613 ἐπινοοῖτο
1003 1559 1142 1613 θεοῦ
1174 1557 1266 1612 καὶ
1297 1554 1544 1629 ὁμοίωμα
1575 1550 1608 1628 ἢ
1639 1552 1776 1611 κατὰ
1805 1551 1901 1620 τὰς

291 1645 351 1698 ἐν
381 1644 456 1716 τῷ
487 1643 608 1716 θεῷ
639 1638 901 1713 δυνάμεις
932 1641 1023 1696 καὶ
1063 1638 1199 1697 κατὰ
1237 1637 1339 1712 τὴν
1375 1643 1472 1712 τῆς
1512 1638 1707 1720 ἀρετῆς
1747 1634 1903 1712 ὁμοι-

288 1723 480 1796 ότητας
557 1733 761 1782 Μωσεϊ
827 1722 895 1796 δὴ
948 1726 1040 1781 καὶ
1101 1727 1161 1782 ἐν
1211 1723 1422 1791 τούτοις
1483 1721 1667 1798 ὥσπερ
1726 1746 1901 1796 μεμα-

290 1810 632 1881 θητευμένος
671 1805 972 1866 ὁΠλάτων
1015 1807 1325 1866 ἐπάκουσον
1368 1811 1427 1866 ἐν
1467 1813 1541 1885 τῷ
1577 1805 1898 1880 Ἀλκιβιάδῃ
1922 1830 1967 1863 20

290 1889 379 1950 οἷά
409 1911 584 1966 φησιν

246 2001 266 2033 b
418 1981 466 2035 5.
511 1973 788 2050 “”Εχομεν
839 1968 941 2034 οῦν
994 1982 1173 2034 εἰπεῖν
1224 1975 1254 2033 ὅ
1304 2001 1357 2034 τι
1408 1979 1502 2049 τῆς
1556 1979 1735 2050 ψυχῆς
1788 1979 1901 2033 ε’στι

292 2059 579 2135 θειότερον
619 2058 652 2133 ἢ
691 2065 851 2118 τοῦτο
891 2062 1018 2134 περὶ
1050 2058 1079 2117 ὃ
1110 2058 1169 2118 τὸ
1203 2062 1410 2118 εἰδέναι
1441 2083 1499 2118 τε
1537 2064 1629 2117 καὶ
1669 2074 1903 2134 φρονεῖν

293 2149 477 2216 §avem

424 2227 543 2287 Οῦκ
575 2237 783 2303 ἔχομεν.
1923 2250 1967 2282 25

429 2317 518 2389 Τῷ
559 2316 678 2388 θεῷ
720 2312 828 2387 ἄρα
869 2317 1029 2372 τοῦτο
1075 2321 1253 2372 ἔοικεν
1297 2311 1492 2385 αὐτῆς·
1557 2318 1654 2369 καί
1701 2336 1781 2378 τις
1825 2317 1903 2378 εἰς

293 2399 453 2453 τοῦτο
486 2399 733 2469 βλέπων,
768 2399 861 2454 καὶ
891 2402 1004 2454 πᾶν
1033 2397 1093 2455 τὸ
1123 2409 1286 2455 θεῖον
1315 2397 1511 2469 γνοὺς,
1551 2396 1690 2454 θεόν
1719 2420 1778 2454 τε
1811 2397 1903 2452 καὶ

293 2478 585 2553 φρόνησιν,
618 2477 760 2538 οὕτω
792 2483 882 2537 καὶ
915 2479 1112 2539 ἑαυτὸν
1141 2479 1211 2539 ἂν
1241 2489 1400 2553 γνοίη
1431 2479 1679 2554 μάλιστα.

425 2571 701 2622 Φαίνεται.

415 2639 529 2720 a’⁸'A9
571 2640 698 2719 οὖν,
752 2645 846 2705 όθ’
892 2645 1076 2722 ω’σπερ
1116 2646 1395 2721 κάτοπτρα
1437 2651 1550 2704 ε’στι
1591 2648 1901 2720 σαφέστερα
1924 2668 1966 2700 30

409 2843 463 2882 20
494 2834 544 2882 ἐν
576 2839 637 2895 τῷ
667 2833 951 2894 Ἀλκιβιάδῃ]
985 2855 1026 2894 p.
1053 2843 1144 2884 133.
