2014 3146
251 129 357 182 300
925 130 1172 171 EUSEBII

254 245 557 304 δάσκουσιν
590 242 663 312 ὦς
695 251 772 311 εἰς
801 243 969 302 οὐδὲν
1001 242 1186 302 αὐτῶν
1220 247 1446 304 δέοιντο.
1537 251 1584 304 6.
1636 248 1766 304 νυνὶ
1800 248 1863 305 δὲ

249 334 409 388 τοῦτο
440 331 532 386 καὶ
565 330 625 386 τὸ
655 327 1010 387 ἀτοπώτατόν
1041 333 1178 387 ἐστι·
1226 326 1531 404 ἀχρήστους
1572 330 1676 405 γὰρ
1722 330 1862 389 ἀπο-

250 420 544 487 φαίνοντες
587 412 755 480 αὐτὰς
798 417 876 490 τῷ
911 413 1068 491 ,λόγῳ
1129 428 1243 480 τοῖς
1292 420 1471 486 ἔργοις
1511 413 1578 472 τά
1626 414 1860 488 μάλιστα

249 497 522 571 χρώμενοι
554 502 904 556 διατελοῦσιν
935 496 1143 565 αὐταῖς.
1223 503 1268 556 7.
1316 495 1346 555 ὅ
1375 501 1442 571 γέ
1466 522 1550 556 τοι
1579 502 1861 569 Μέλισσος

250 585 464 679 ἐθέλων
505 581 884 641 ἐπιδεικνύναι
926 582 1067 640 διότι
1105 585 1218 640 τῶν
1258 585 1614 656 φαινομένων
1656 587 1748 641 καὶ
1800 589 1861 642 ἐν
1901 614 1928 646 5

144 665 374 735 [44213ψει
403 665 618 725 τούτων
648 665 819 725 οὐδὲν
849 677 934 740 εἴη
964 671 1040 744 τῷ
1071 665 1210 738 ὄντι,
1245 667 1335 724 διὰ
1365 670 1477 724 τῶν
1507 670 1863 741 φαινομένων

249 748 650 810 ἀποδείκνυσιν
681 750 895 809 αὐτῶν·
949 755 1087 825 φησὶ
1116 755 1275 825 γοῦν,
1310 758 1359 809 εἰ
1387 750 1491 827 γάρ
1525 756 1638 810 ἐστι
1668 756 1741 826 γῆ
1770 755 1863 810 καὶ

248 832 403 910 ὕδωρ
435 838 528 893 καὶ
559 834 664 910 ἀὴρ
696 839 788 894 καὶ
813 842 927 909 πῦρ
962 838 1054 893 καὶ
1096 841 1321 911 σίδηρος
1363 838 1456 894 καὶ
1497 836 1728 910 χρυσὸς,
1771 839 1863 894 καὶ

247 920 308 977 τὸ
338 920 606 993 μὲν’ζῶν,
648 919 708 978 τὸ
753 922 812 978 δὲ
851 919 1151 993 τεθνηκὸς,
1194 923 1285 978 καὶ
1324 923 1498 994 μέλαν
1538 924 1631 978 καὶ
1661 921 1863 979 λευκὸν

207 1033 224 1055 e
248 1007 340 1061 καὶ
369 1003 436 1062 τά
465 1003 604 1062 ἄλλα
628 1004 826 1077 πάντα,
850 1002 954 1063 ὅσα
978 1007 1151 1078 φασὶν
1175 1003 1464 1079 ἅνθρωποι
1491 1006 1632 1063 εἶναι
1655 1005 1859 1079 ἀληθῆ,
1885 1032 1932 1064 10·

249 1091 341 1145 καὶ
371 1087 529 1162 ἡμεῖς
571 1088 756 1161 ὀρθῶς
795 1088 1014 1163 ὁρῶμεν
1044 1093 1136 1147 καὶ
1167 1086 1470 1163 ἀκούομεν,
1515 1089 1657 1148 εἶναι
1699 1093 1863 1163 ἐχρῆν

248 1175 340 1229 καὶ
379 1172 439 1231 τὸ
479 1169 547 1231 ὂν
587 1178 840 1232 τοιοῦτον
879 1171 1000 1231 οἷον
1040 1178 1262 1246 πρῶτον
1302 1177 1492 1242 ἔδοξεν
1533 1173 1668 1246 ἡμῖν
1700 1175 1860 1250 εἶναι,

247 1260 339 1314 καὶ
369 1256 442 1330 μὴ
473 1266 854 1331 μεταπίπτειν,
881 1259 1021 1332 μηδὲ·
1043 1265 1305 1330 γίνεσθαι
1330 1261 1536 1333 ἕτερον,
1562 1257 1681 1316 ἀλλ’
1720 1259 1863 1316 εἶναι

243 1341 432 1414 ὅμοιον
472 1340 592 1400 οἶόν
631 1365 735 1418 περ
780 1345 931 1400 ἐστὶν
973 1346 1219 1401 ἕκαστον.
1295 1349 1404 1401 νῦν
1445 1344 1506 1400 δὲ
1545 1343 1728 1417 φαμὲν
1768 1342 1865 1417 ὀρ-

246 1429 365 1492 θῶς
405 1422 544 1501 ὁρᾶν
587 1429 680 1484 καὶ
723 1426 951 1484 ἀκούειν
993 1429 1086 1484 καὶ
1125 1429 1403 1484 συνιέναι·
1453 1433 1610 1485 δοκεῖ
1637 1428 1698 1485 δὲ
1728 1426 1863 1501 ἡμῖν
1885 1453 1933 1485 15·

246 1510 306 1567 τὸ
338 1511 552 1584 θερμὸν
583 1513 672 1569 καὶ
708 1511 924 1586 ψυχρὸν
954 1518 1234 1585 γίνεσθαι,
1267 1514 1358 1569 καὶ
1389 1511 1448 1569 τὸ
1480 1510 1697 1586 ψυχρὸν
1725 1523 1863 1586 θερ-

245 1594 371 1668 μὸν,
404 1598 496 1653 καὶ
527 1594 586 1653 τὸ
619 1596 860 1670 σκληρὸν
890 1594 1168 1670 μαλακὸν,
1201 1599 1294 1654 καὶ
1323 1596 1382 1654 τὸ
1414 1595 1661 1670 μαλακὸν
1691 1604 1863 1669 σκλη-

247 1680 361 1751 ρόν.
453 1686 500 1738 8.
546 1685 719 1739 ταῦτα
753 1681 814 1738 δὲ
844 1683 935 1738 καὶ
977 1679 1115 1738 ἄλλα
1146 1680 1322 1738 πολλὰ
1352 1685 1576 1739 τοιαῦτα
1607 1682 1862 1752 λέγοντος

200 1783 222 1814 d
249 1761 423 1821 αὐτοῦ
451 1767 544 1821 καὶ
574 1764 721 1837 μάλα
754 1763 975 1831 εἰκότως
1007 1763 1247 1822 ἐπύθετό
1277 1790 1357 1832 τις
1388 1761 1486 1837 ἀν,
1518 1757 1613 1838 ἆρ’
1646 1758 1749 1822 οὖν
1777 1762 1861 1822 ὅτι

251 1845 299 1921 [ὃ
329 1848 455 1921 νῦν]
499 1848 716 1922 θερμόν
759 1852 875 1906 ἐστι
916 1847 1147 1905 κᾶπειτα
1185 1853 1348 1906 τοῦτο
1391 1855 1605 1921 γίνεται
1644 1846 1859 1922 ψυχρὸν
1882 1874 1931 1906 2ο

246 1930 348 1989 οὐκ
380 1931 714 2006 αἰσθόμενος
746 1940 950 2006 ἐ’γνως;
1010 1929 1212 2006 ὁμοίως
1245 1934 1307 1990 δὲ
1338 1935 1430 1990 καὶ
1463 1936 1589 2005 περὶ
1620 1937 1731 1990 τῶν
1762 1931 1861 1989 ἅλ-

247 2023 375 2073 λων.
449 2015 585 2091 ὅπερ
616 2015 720 2092 γὰρ
753 2026 915 2090 ἔφην,
952 2015 1213 2090 εὑρεθείη
1243 2013 1314 2074 ἂν
1344 2016 1513 2075 οὐδὲν
1543 2014 1668 2074 ἀλλ’
1702 2014 1735 2090 ἢ
1765 2016 1860 2084 τὰς

248 2099 539 2173 αἰσθήσεις
571 2100 819 2178 ἀναιρῶν
850 2104 942 2159 καὶ
974 2103 1212 2175 ἐλέγχων
1257 2100 1349 2159 διὰ
1389 2102 1447 2159 τὸ
1489 2100 1723 2175 μάλιστα
1769 2125 1862 2158 πι-

247 2184 470 2242 στεύειν
509 2183 719 2253 αὐταῖς.
812 2191 858 2244 9.
908 2185 1047 2243 ἀλλὰ
1088 2185 1192 2261 γὰρ
1225 2192 1282 2244 οἱ
1306 2187 1410 2260 μὲν
1440 2189 1677 2244 τοιοῦτοι
1709 2184 1860 2258 λόγοι

247 2269 447 2342 σχεδὸν
480 2269 672 2339 ἱκανὰς
712 2269 819 2345 ἤδη
863 2270 1176 2328 δεδώκασιν
1207 2269 1481 2337 εὐθύνας·
1532 2274 1772 2342 ἐξίτηλοί
1796 2293 1859 2342 γε
1881 2293 1929 2326 25

244 2377 328 2410 τοι
379 2353 706 2428 γεγόνασιν,
761 2354 833 2422 ὥς
880 2361 931 2412 εἰ
958 2356 1098 2429 μηδὲ
1140 2357 1448 2428 ἐλέχθησαν
1487 2356 1547 2412 τὸ
1579 2353 1855 2428 παράπαν.

189 2487 192 2490 .
244 2435 354 2509 ἤδη
393 2440 581 2510 μέντοι
620 2444 968 2512 θαρροῦντες
1007 2442 1254 2512 λέγωμεν
1300 2438 1485 2513 ὀρθῶς
1527 2447 1859 2511 φιλοσοφεῖν

244 2520 374 2587 τοὺς
404 2524 497 2578 καὶ
526 2521 620 2589 τάς
652 2522 940 2597 αἰσθήσεις
964 2525 1056 2580 καὶ
1087 2523 1183 2581 τὸν
1206 2522 1372 2596 λόγον
1402 2526 1490 2580 ε’πὶ
1519 2521 1621 2596 τὴν
1650 2526 1858 2595 γνῶσιν

245 2605 348 2678 τὴν
379 2611 491 2663 τῶν
521 2606 861 2679 πραγμάτων
890 2605 1480 2681 παραλαμβάνοντας.”

374 2695 454 2747 10.
512 2696 729 2748 Τοιοίδε
759 2692 861 2764 μὲν
891 2685 995 2749 οὖν
1032 2697 1088 2748 οἱ
1115 2691 1257 2765 ἀμφὶ
1288 2690 1385 2749 τὸν
1415 2689 1763 2764 Ξενοφάνην,
1795 2687 1854 2755 ὃς
1876 2713 1923 2745 3ο

248 2773 315 2846 δὴ
354 2776 568 2846 λέγεται
608 2774 959 2848 συνακμάσαι
1010 2790 1123 2842 τοῖς
1176 2774 1318 2849 ἀμφὶ
1362 2773 1713 2849 Πυθαγόραν
1764 2776 1856 2830 καὶ

135 2873 224 2914 (758)
240 2854 626 2932 Ἀναξαγόραν.
688 2858 1048 2931 Ξενοφάνους
1081 2861 1141 2917 δὲ
1171 2858 1444 2931 ἀκουστὴς
1474 2861 1667 2931 γέγονε
1698 2867 1856 2930 Παρ-
