2014 3146
261 90 368 141 414
940 89 1190 132 EUSEBII

265 205 652 279 διαφράγματι.
743 208 856 264 τῶν
894 208 1182 278 νεωτέρων
1220 207 1364 272 τινὲς
1398 205 1612 279 διήκειν
1641 205 1749 265 ἀπὸ
1780 232 1872 266 κε-

262 293 439 363 φαλῆς
469 292 627 363 μέχρι
656 293 755 346 τοῦ
787 288 1217 362 διαφράγματος.

395 378 472 430 10.
522 372 866 448 Πυθαγόρας
913 372 972 430 τὸ
1011 398 1115 446 μεν
1155 374 1379 442 ζωτικὸν
1427 377 1554 445 περὶ
1593 373 1695 448 τὴν
1736 400 1870 450 καρ-

262 463 418 530 δίαν,
464 457 524 515 τὸ
558 459 618 515 δὲ
648 456 871 529 λογικὸν
912 459 1004 514 καὶ
1046 457 1242 532 νοερὸν
1286 460 1412 531 περὶ
1441 457 1542 530 τὴν
1573 457 1867 532 xstpastvjvf'

390 547 468 599 11.
526 545 779 601 Τοσαῦτα
808 566 910 615 μεν
943 539 1012 614 δή
1043 545 1135 598 καὶ
1165 567 1231 599 τα
1261 545 1388 616 περὶ
1410 548 1603 600 τῶνδε.
1651 534 1742 616 αρ’
1767 568 1869 602 ουν
1913 572 1934 605 5

259 623 365 682 οὐκ
408 629 468 683 ἐν
509 631 636 701 δίκῃ
678 644 764 683 σοι
809 630 1082 699 δοκοῦμεν
1123 632 1302 701 κρίσει
1343 629 1434 684 καὶ
1479 634 1722 704 λογισμῷ
1773 632 1870 700 τῆς

258 709 470 768 τούτων
510 709 771 768 ἁπάντων
820 708 1143 784 ἀνωφελοῦς
1187 713 1279 768 καὶ
1327 715 1717 778 πολυπλανοῦς
1765 736 1873 785 μα-

259 801 578 861 ταιοπονίας
608 791 1117 870 ἀνακεχωρηκέναι,
1160 797 1252 852 καὶ
1290 801 1402 852 τῶν
1430 796 1532 868 μὲν
1565 798 1871 869 εἰρημένων

212 901 233 933 d
258 880 434 952 μηδὲν
464 888 979 953 πολυπραγμονεῖν,
1014 876 1177 959 (μηδὲ
1207 877 1311 954 γὰρ
1342 875 1482 952 ὁρᾶν
1510 883 1562 948 ἐξ
1595 878 1781 937 αὐτῶν
1810 880 1871 937 τὸ

259 965 539 1030 λυσιτελὲς
578 966 669 1020 καὶ
710 962 952 1022 αὐτόθεν
984 978 1276 1022 συντεῖνον
1306 964 1440 1038 πρὸς
1472 962 1747 1037 ὠφέλειαν
1777 967 1869 1021 καὶ
1892 995 1934 1026 10

258 1046 478 1119 ἀγαθοῦ
519 1052 711 1122 κτῆσιν
751 1046 1096 1121 ἀνθρώποις)
1138 1046 1308 1120 μόνης
1351 1049 1412 1105 δὲ
1452 1052 1547 1121 τῆς
1589 1047 1732 1122 ἀμφὶ
1772 1049 1870 1107 τὸν

259 1132 486 1189 πάντων
517 1130 858 1206 δημιουργὸν
887 1132 1025 1190 θεὸν
1059 1129 1342 1204 εὐσεβείας
1374 1138 1621 1205 ἔχεσθαι,
1653 1134 1744 1189 καὶ
1779 1131 1870 1189 διὰ

258 1214 547 1289 σώφρονος
588 1222 717 1288 βίου
761 1219 857 1288 τῆς
888 1240 947 1274 τε
977 1215 1145 1290 ἅλλης
1176 1215 1296 1273 κατ’
1333 1215 1535 1289 ἀρετὴν
1564 1220 1869 1290 θεοφιλοῦς

258 1306 533 1367 πολιτείας
575 1299 919 1373 ἀρεσκόντως
962 1305 1072 1373 ζῆν’
1101 1299 1434 1370 σπουδάζειν
1477 1304 1553 1377 τῷ
1595 1303 1686 1358 ἐπὶ
1728 1300 1871 1358 πάν-

256 1408 368 1442 των
398 1389 544 1462 θεῷς
635 1390 715 1442 12.
765 1381 884 1441 ἀλλ’
934 1391 984 1443 εἰ
1013 1388 1104 1443 καὶ
1135 1383 1206 1442 σύ
1237 1391 1514 1461 βασκανία
1544 1386 1636 1442 καὶ
1666 1383 1866 1463 φθόνῳ
1890 1412 1931 1445 15

256 1468 357 1540 τὴν
388 1467 574 1542 ἀληθῆ
603 1476 914 1544 μαρτυρίαν
943 1468 1079 1543 ἡμῖν
1108 1471 1419 1542 προσέσθαι
1451 1467 1524 1526 δι’
1565 1466 1734 1527 ὄκνου
1765 1472 1869 1543 φέ-

257 1577 398 1626 ρεις,
441 1552 653 1630 φθάσει
684 1556 750 1625 γε’
776 1572 838 1611 σε
864 1553 1032 1610 πάλιν
1062 1550 1091 1611 ὁ
1123 1553 1349 1611 πάντων
1371 1552 1651 1626 Ἑλλήνων
1681 1552 1869 1627 σοφώ-

256 1661 414 1704 τατος
450 1637 752 1712 Σωκράτης
792 1637 887 1704 τὰς
926 1639 1069 1712 ὑπὲρ
1098 1634 1258 1711 ἡμῶν
1288 1637 1511 1711 ψήφους
1541 1636 1867 1711 φιλαλήθως

260 1724 692 1795 ἐξενηνεγμένος.
767 1722 895 1787 τοὺς
946 1727 1085 1794 γοῦν
1136 1725 1575 1796 μετεωρολέσχας
1623 1725 1867 1788 ἐκείνους

255 1812 635 1878 μωραίνοντας
661 1804 1030 1864 ἀπεδείκνυεν
1053 1809 1145 1863 καὶ
1178 1807 1354 1879 μηδὲν
1375 1808 1725 1879 μαινομένων
1750 1812 1864 1863 δια·
1888 1834 1930 1866 20

145 1910 234 1951 (853)
256 1891 449 1961 φέρειν
481 1896 698 1962 ἔλεγεν,
745 1887 1066 1963 ἄπελέγχων
1097 1887 1297 1957 αὐτοῦς
1330 1889 1639 1963 διαρρήδην
1669 1889 1735 1947 οὐ
1766 1890 1867 1963 μό-

255 1997 356 2030 νον
388 1973 459 2040 ιὸς
490 1970 806 2046 ἄνεφίκτων
836 1971 1220 2047 ὀρεγομένους,
1251 1973 1390 2030 ἀλλὰ
1421 1977 1514 2031 καὶ
1537 1975 1664 2047 περὶ
1696 1972 1867 2047 ἄχρη-

256 2076 357 2114 στα
397 2061 489 2114 καὶ
533 2056 795 2131 ἀνωφελῆ
837 2062 912 2134 τῷ
958 2064 1063 2135 βίω
1106 2060 1618 2131 κατατριβομένους.
1694 2062 1866 2116 ταῦτα

258 2144 322 2198 δέ
349 2160 437 2199 σοι
467 2144 559 2199 καὶ
590 2141 617 2199 ὁ
649 2141 901 2215 πρόσθεν
930 2141 1270 2216 μαρτυρήσει
1300 2146 1597 2243 Ξενοφων,
1630 2141 1868 2217 Σωκρα-

254 2249 382 2294 τους
408 2228 643 2299 ἑταίρων
665 2251 1105 2301 γνωριμωτατος,
1132 2228 1246 2284 ωδέ
1265 2250 1339 2299 πη
1363 2251 1597 2301 γραφων
1625 2230 1684 2284 ἐν
1703 2223 1864 2284 Ἀπο-
1885 2253 1926 2286 25

253 2309 706 2384 μνημονεύμασιν

145 2385 230 2460 {4⁹1¹
383 2406 524 2454 LXII.
557 2391 804 2461 “0136229
836 2396 897 2452 δὲ
926 2394 1146 2453 πώποτε
1176 2393 1511 2467 Σωκράτους
1534 2391 1704 2451 ουδὲν
1734 2414 1864 2452 ασε-

255 2478 376 2549 βὲς,
419 2476 547 2535 οὔτε
577 2477 832 2551 ἀνόσιον,
874 2477 1002 2536 οὔτε
1031 2478 1362 2552 πράττοντος
1395 2478 1544 2536 εἶδεν
1556 2523 1572 2551 ,
1617 2476 1744 2536 οὔτε
1774 2480 1866 2535 λέ-

253 2586 446 2633 γοντος
487 2560 742 2634 ἤκουσεν.
816 2560 949 2620 οὐδὲ
987 2562 1093 2638 γὰρ
1138 2566 1265 2636 περὶ
1307 2567 1400 2635 τῆς
1452 2566 1564 2620 τῶν
1600 2561 1863 2620 ἁπάντων

253 2645 475 2719 φύσεως
505 2644 539 2719 ἢ
570 2650 696 2719 περὶ
725 2650 836 2703 τῶν
866 2645 1067 2721 ἄλλων,
1102 2644 1174 2715 ὡς
1197 2651 1255 2705 οἷ
1273 2655 1538 2719 πλεῖστοι,
1566 2649 1859 2718 διελέγετο,
1883 2674 1924 2706 30

367 2842 419 2880 27
453 2832 630 2888 Οὐδεὶς
662 2836 716 2882 δὲ
747 2839 818 2894 —]
857 2841 1064 2894 Xenoph.
1096 2841 1281 2882 Memor.
1312 2841 1348 2883 I.
1384 2842 1421 2888 1,
1454 2840 1520 2884 11.
