2014 3146
600 121 810 165 PRAEP.
841 119 1062 166 EVANG.
1093 122 1197 162 XII.
1231 123 1296 163 10.
1700 121 1767 174 93

157 239 372 294 λευτῶν
420 234 600 293 πάντα
651 235 792 293 κακὰ
843 235 1047 293 παθὼν
1098 234 1766 309 ἀνασκινδυλευθήσεται,

159 324 252 378 καὶ
281 318 552 393 γνώσεται
582 317 664 378 ὅτι
694 319 797 378 οὐκ
829 319 973 378 εἶναι
1006 325 1251 394 δίκαιον,
1291 319 1429 378 ἀλλὰ
1461 326 1650 379 δοκεῖν
1682 326 1771 379 δεῖ

162 401 439 463 ἐθέλειν.”

282 493 329 546 5.
372 492 557 547 Ταῦτα
581 486 761 561 λόγοις
785 487 813 545 ὁ
839 487 1108 546 Πλάτων·
1135 496 1313 562 ἔργοις
1339 490 1398 546 δὲ
1411 488 1553 546 πολύ
1576 488 1766 563 πρότε-

110 603 134 635 5
157 596 257 646 ρον
280 577 338 630 οἱ
355 569 488 646 παρ’
515 569 790 645 Ἑβραίοις
816 578 1019 630 δίκαιοι
1041 575 1132 630 καὶ
1157 576 1435 646 προφῆται
1458 573 1768 647 μνημονεύ-

157 681 313 714 ονται
324 655 390 714 τὰ
405 659 665 730 εἰρημένα
682 655 860 714 πάντα
881 660 1245 728 πεπονθέναι,
1272 662 1329 714 οἳ
1345 682 1407 730 γε
1434 657 1766 715 δικαιότατοι

153 739 310 807 ὄντες
342 737 414 808 ὥς
446 740 772 798 ἀδικώτατοι
794 736 1250 813 “ἐλιθάσθησαν,
1298 744 1674 815 ἐπρίσθησαν,
1708 746 1768 800 ἐν

155 823 314 902 φόνῳ
335 831 603 899 μαχαίρας
626 824 933 897 ἀπέθανον,
957 827 1267 897 περιῆλθον
1293 827 1352 882 ἐν
1376 833 1652 898 μηλωταῖς
1676 829 1765 882 καὶ

91 943 95 947 -
157 915 384 981 αἰγείοις
418 913 710 982 δέρμασιν,
741 905 1156 982 ὑστερούμενοι,
1191 907 1536 982 θλιβόμενοι,
1569 934 1765 967 κακου-

92 1023 134 1054 ιο
157 991 432 1067 χούμενοι,
466 996 525 1050 ἐν
557 997 805 1096 ἐρημίαις
835 991 1185 1066 πλανώμενοι
1216 996 1308 1050 καὶ
1337 1011 1512 1072 ορεσι
1514 996 1605 1050 καὶ
1624 1013 1767 1094 σπη-

155 1083 330 1144 λαίοις
354 1080 446 1135 καὶ
475 1092 595 1144 ταῖς
626 1076 788 1144 ὀπαῖς
817 1081 913 1149 τῆς
943 1081 1062 1150 γῆς,
1096 1101 1176 1134 ων
1205 1075 1307 1135 οὐκ
1335 1078 1407 1149 ἠν
1437 1074 1637 1146 ἄξιος
1613 1102 1642 1135 ο
1673 1079 1769 1135 κό-

155 1160 324 1234 σμος.’
395 1163 448 1220 6.
480 1164 573 1219 καὶ
595 1167 653 1219 οι
678 1159 971 1219 ἀπόστολοι
996 1163 1057 1219 δε
1082 1166 1183 1218 τοῦ
1208 1166 1452 1235 σωτῆρος
1480 1158 1638 1235 ἡμῶν
1666 1187 1769 1234 την

156 1243 419 1302 ἀνωτάτω
435 1245 798 1318 δικαιοσύνην
810 1271 868 1303 τε
881 1248 972 1303 καὶ
991 1243 1280 1318 εὐσέβειαν
1290 1245 1588 1319 μετιόντες,
1604 1245 1770 1315 δόξαν

159 1330 219 1386 δὲ
249 1326 467 1397 ἀδικίας
497 1329 646 1403 παρὰ
675 1345 790 1397 τοῖς
820 1338 1042 1397 πολλοῖς
1083 1328 1572 1403 περιβαλλόμενοι,
1603 1327 1767 1388 ὁποῖα

93 1440 134 1473 15
158 1420 399 1487 ἔπασχον
431 1414 616 1471 αὐτῶν
646 1413 912 1487 πάρεστιν
956 1417 1259 1471 ἐπακοῦσαι
1292 1413 1570 1486 λεγόντων
1592 1410 1768 1472 “θέα-

156 1522 289 1570 τρον
329 1497 679 1571 ἐγενήθημεν
728 1502 803 1575 τῷ
856 1498 1043 1575 κόσμῳ
1095 1501 1187 1554 καὶ
1229 1498 1481 1570 ἀγγέλοις
1531 1501 1622 1556 καὶ
1667 1497 1768 1556 ἀν-

156 1580 458 1656 θρώποις.”
523 1584 613 1639 καὶ
639 1578 836 1656 “με’χρι
874 1587 970 1655 τῆς
1010 1580 1132 1656 ἄρτι
1174 1579 1319 1656 ὥρας
1358 1585 1450 1639 καὶ
1493 1586 1768 1656 πεινῶμεν

157 1668 250 1723 καὶ
303 1669 553 1740 διψῶμεν
602 1669 691 1724 καὶ
744 1665 1164 1740 γυμνητεύομεν
1215 1668 1307 1723 καὶ
1358 1666 1768 1740 κολαφιζόμεθα

158 1752 249 1807 καὶ
289 1747 658 1824 ἀστατοῦμεν·
708 1750 1125 1825 λοιδορούμενοι
1165 1749 1531 1824 εὐλογοῦμεν,
1577 1751 1767 1808 διωκό-

93 1862 136 1895 20
157 1858 313 1908 μενοι
343 1833 686 1909 ἀνεχόμεθα,
720 1835 1177 1908 δυσφημούμενοι
1206 1840 1660 1908 παρακαλοῦμεν·
1696 1834 1768 1902 ὥς

158 1918 618 1993 περικαθάρματα
639 1925 737 1977 τοῦ
760 1918 969 1993 κόσμου
995 1918 1393 1993 ἐγενήθημεν.”
1444 1925 1487 1977 7.
1522 1917 1659 1976 ἀλλὰ
1677 1922 1768 1976 καὶ

159 2005 324 2060 εἰσέτι
358 2007 524 2077 δεῦρο
554 2008 612 2061 οἱ
636 2018 885 2077 γενναῖοι
915 2007 1015 2062 τοῦ
1037 2007 1285 2078 σωτῆρος
1306 2002 1464 2077 ἡμῶν
1494 2003 1768 2078 μάρτυρες
1810 2039 1816 2056 .

158 2086 288 2144 καθ’
335 2086 464 2161 ὅλης
504 2092 601 2161 τῆς
640 2086 961 2162 ἀνθρώπων
1002 2091 1331 2160 οἰκουμένης
1361 2085 1427 2145 οῦ
1467 2086 1526 2144 τὸ
1561 2093 1767 2157 δοκεῖν,

156 2169 296 2228 ἀλλὰ
325 2171 384 2228 τὸ
417 2172 559 2229 εἶναι
591 2178 802 2229 δίκαιοί
825 2196 884 2229 τε
926 2175 1015 2228 καὶ
1050 2169 1296 2241 εὐσεβεῖς
1336 2167 1637 2236 ἀσκοῦντες
1667 2169 1769 2228 ὅσα

93 2278 136 2311 25
162 2254 231 2328 δὴ
262 2259 548 2323 κατέλεξεν
586 2252 615 2312 ὁ
647 2255 886 2314 Πλάτων
916 2254 1291 2312 πεπόνθασιν·
1341 2257 1460 2312 ἐπεὶ
1500 2257 1592 2311 καὶ
1636 2258 1769 2329 ἐμα-

160 2338 545 2410 στιγσόθησαν,
580 2339 755 2412 δεσμά
785 2363 842 2396 τε
873 2341 964 2395 καὶ
996 2345 1260 2411 στρέβλας
1299 2335 1633 2412 ὑπέμειναν,
1675 2342 1767 2396 καὶ

159 2420 271 2495 μὴν
306 2425 398 2478 καὶ
440 2421 776 2495 ἐξεκόπησαν
816 2447 889 2479 τω
933 2419 1238 2495 όφθαλμω,
1282 2426 1375 2480 καὶ
1404 2425 1557 2490 τέλος
1588 2422 1768 2481 πάντα

160 2530 226 2563 τα
267 2503 425 2564 δεινα
464 2505 740 2574 παθόντες
782 2503 1390 2580 ἀνεσκινδυλεύθησαν.
1455 2532 1533 2565 ων
1563 2506 1767 2564 οὐδένα

162 2589 293 2664 παρ’
316 2589 578 2663 Ἐλλησιν
610 2589 929 2663 ἐπιζητήσας
959 2588 1149 2664 όμοιον
1178 2616 1248 2648 αν
1281 2591 1492 2664 εὕροις,
1526 2616 1598 2659 ως
1624 2590 1768 2649 εἰκό-

98 2697 140 2729 3ο
162 2699 266 2741 τως
295 2674 420 2732 τινὰ
450 2673 623 2747 φάναι
653 2675 748 2732 τὸν
777 2675 1086 2748 φιλόσοφον
1102 2673 1271 2733 οὐδὲν
1296 2671 1539 2749 ἔτερονῆ
1570 2682 1767 2733 θεσπί-

165 2776 256 2814 σαι
289 2758 377 2814 διά
406 2757 619 2816 τούτων
649 2761 775 2832 περὶ
804 2763 917 2817 τῶν
936 2756 1070 2831 παρ’
1102 2758 1236 2832 ἡμῖν
1258 2758 1678 2833 διαπρεπόντων
1709 2763 1768 2816 ἐν

166 2842 423 2918 εὐσεβείᾳ
453 2845 544 2899 καὶ
575 2842 781 2916 ἀληθεῖ
809 2842 1148 2916 δικαιοσύνῃ.

1787 1240 1880 1283 [343]

1791 1285 1879 1324 (584)

1792 2791 1807 2812 C
