2014 3146
292 124 357 175 7ss
973 122 1219 164 EUSEBII

294 239 462 311 λευκὴ
494 237 678 311 γύψου
709 239 799 293 καὶ
830 235 1010 309 χιόνος
1042 239 1401 310 λευκοτέραν,
1443 239 1534 294 καὶ
1567 241 1626 295 ἐκ
1657 240 1769 294 τῶν
1798 234 1897 292 ἅλ-

293 332 406 381 λων
437 321 739 396 χρωμάτων
769 322 1138 393 συγκειμένην
1171 317 1459 393 ὡσαύτως,
1500 323 1594 378 καὶ
1633 327 1712 378 ἔτι
1742 329 1898 377 πλει-

292 406 440 465 όνων
470 407 562 462 καὶ
591 403 901 461 καλλιόνων
924 401 957 477 ἢ
979 403 1082 461 ὅσα
1107 403 1260 477 ἡμεῖς
1285 403 1617 478 ἑωράκαμεν.
1691 410 1771 462 11.
1805 405 1896 461 καὶ

292 491 397 563 γὰρ
429 488 568 546 αὐτὰ
597 492 767 546 ταῦτα
796 486 863 544 τὰ
893 496 1051 546 κοῖλα
1082 486 1268 561 αὐτῆς,
1298 487 1499 555 ὕδατός
1529 513 1587 546 τε
1617 490 1708 545 καὶ
1739 485 1897 560 άέρος

294 581 500 647 ἔμπλεα
541 571 703 643 ὄντα,
751 570 1031 645 χρώματός
1071 596 1121 629 τι
1176 572 1321 639 εἶδος
1363 575 1706 645 παρέχεσθαι
1746 578 1899 629 στίλ-
1943 594 1967 627 5

293 665 464 731 βοντα
498 660 557 715 ἐν
585 660 655 730 τῇ
683 660 795 715 τῶν
825 654 1010 714 ἄλλων
1040 655 1343 731 χρωμάτων
1373 662 1636 731 ποικιλίᾳ,
1670 654 1810 712 ὥστε
1839 659 1901 712 ἕν

293 768 344 800 τι
386 741 555 815 αὐτῆς
601 742 748 807 εἶδος
790 742 1010 814 ξυνεχὲς
1063 743 1155 797 καὶ
1207 747 1459 798 ποικίλον
1508 739 1899 814 φαντάζεσθαι.

247 851 269 882 d
298 831 376 883 12.
428 829 495 883 ἐν’
529 826 591 882 δὲ
629 823 802 898 ταύτῃ
843 823 982 898 οὔσῃ
1014 823 1239 898 τοιαύτῃ
1282 822 1557 897 ἀνάλογον
1586 821 1643 880 τὸ
1675 829 1902 881 τοιαῦτα

293 908 541 984 φύεσθαι
573 912 779 982 δένδρα
808 931 867 965 τε
897 915 990 965 καὶ
1019 907 1196 981 ἄνθη,
1239 915 1432 981 ἔχοντα
1471 907 1600 974 τοὺς
1631 905 1902 982 καρπούς·

296 997 387 1052 καὶ
419 987 491 1051 αὖ
521 1018 586 1050 τα
617 991 718 1093 ὄρη
751 990 1010 1060 ωσαύτως
1051 995 1143 1049 καὶ
1185 992 1311 1060 τούς
1351 998 1547 1060 λίθους
1591 997 1736 1065 ἔχειν
1767 1015 1902 1048 κατα
1926 1014 1969 1046 10

294 1078 391 1136 τὸν
415 1076 587 1135 αὐτὸν
617 1076 783 1149 λόγον
811 1076 914 1148 τήν
943 1100 1002 1133 τε
1033 1075 1281 1150 λειότητα
1313 1079 1404 1134 καὶ
1436 1075 1539 1150 τὴν
1573 1074 1903 1149 διαφάνειαν

296 1165 388 1220 καὶ
419 1160 484 1218 τὰ
514 1160 770 1235 χρώματα
801 1167 1031 1218 καλλίω·
1082 1185 1161 1218 ων
1200 1163 1291 1218 καὶ
1333 1185 1399 1217 τα
1441 1159 1646 1218 ἐνθάδε
1689 1165 1905 1217 λιθίδια

299 1247 441 1304 εἶναι
472 1270 642 1303 ταυτα
672 1270 736 1301 τα
768 1241 1105 1318 άγαπωμενα
1136 1244 1330 1318 μόρια,
1376 1243 1578 1318 σάρδια
1608 1267 1666 1301 τε
1695 1246 1788 1301 καὶ
1821 1242 1908 1300 ἰά-

298 1335 500 1396 σπιδας
541 1331 632 1386 καὶ
666 1327 1021 1403 σμαράγδους
1066 1332 1158 1386 καὶ
1188 1328 1368 1386 πάντα
1398 1327 1465 1385 τὰ
1494 1332 1744 1386 τοιαῦτα·
1795 1331 1910 1385 ἐκεῖ·

299 1416 360 1472 δὲ
401 1413 567 1471 οὐδὲν
608 1412 797 1470 ὁτιοῦν
838 1418 1089 1471 τοιοῦτον
1119 1411 1221 1471 οὐκ
1263 1413 1405 1471 εἶναι
1444 1415 1535 1470 καὶ
1577 1419 1655 1470 ἔτι
1693 1411 1905 1469 τούτων
1928 1433 1970 1468 15

298 1505 519 1556 καλλίω.
599 1502 678 1554 13.
726 1496 786 1554 τὸ
829 1496 879 1554 δ’
928 1506 1106 1554 αἴτιον
1146 1497 1345 1555 τούτου
1390 1497 1533 1554 εἶναι
1581 1493 1664 1553 ὅτι
1706 1500 1906 1553 ἐκεῖνοι

191 1607 280 1648 [333]
299 1588 356 1640 οἱ
394 1590 546 1639 λίθοι
586 1587 829 1655 καθαροί
865 1588 971 1638 εἰσι
1021 1583 1113 1638 καὶ
1154 1580 1221 1639 οὐ
1273 1583 1736 1654 κατεδηδεσμένοι
1776 1579 1907 1638 οὐδὲ

300 1669 736 1739 διεφθαρμένοι,
770 1662 954 1738 ὥσπερ
986 1671 1043 1722 οἱ
1071 1664 1306 1738 ἐνθάδε,
1339 1662 1448 1723 ὑπὸ
1480 1663 1783 1738 σηπεδόνος
1814 1666 1906 1721 καὶ

298 1748 472 1823 ἅλμης
515 1752 607 1806 καὶ
646 1753 758 1806 τῶν
803 1754 968 1824 δεῦρο
1010 1749 1494 1824 ξυνερρυηκότων,
1539 1747 1572 1806 ἃ
1603 1752 1694 1806 καὶ
1726 1755 1906 1815 λίθοις

298 1837 391 1891 καὶ
429 1840 499 1908 γῇ
539 1835 631 1890 καὶ
663 1847 776 1899 τοῖς
807 1832 992 1899 ἄλλοις
1035 1834 1186 1911 ζῴοις
1217 1858 1275 1891 τε
1305 1837 1396 1891 καὶ
1428 1849 1623 1935 φυτοῖς
1654 1842 1816 1907 αἴσχη
1846 1857 1904 1890 τε
1926 1856 1968 1889 20

186 1943 263 1983 (567
269 1921 390 1983 )καὶ
422 1917 621 1983 νόσους
651 1920 890 1991 παρέχει.
961 1918 1062 1990 τὴν
1095 1919 1156 1975 δε
1186 1923 1293 1990 γῆν
1323 1943 1498 2027 αυτην
1529 1923 1907 1992 κεκοσμῆσθαι

299 2001 512 2069 τούτοις
527 2025 585 2059 τε
610 2001 782 2058 ἅπασι
806 2005 897 2058 καὶ
921 2027 998 2059 ετι
1022 2019 1208 2078 χρυσω
1232 2026 1290 2059 τε
1314 2004 1404 2059 καὶ
1428 1999 1654 2078 ἀργύρῳ
1678 2005 1771 2059 καὶ
1793 2015 1907 2068 τοῖς

298 2085 483 2154 ἄλλοις
515 2078 589 2142 αὐ
616 2099 728 2151 τοῖς
758 2084 1038 2152 τοιούτοις.
1112 2090 1323 2159 ἐκφανῆ
1355 2110 1458 2158 γαρ
1491 2084 1631 2142 αὐτὰ
1661 2087 1908 2158 πεφυκέ-

300 2196 420 2243 ναι,
466 2195 544 2228 ων
582 2195 647 2227 τα
688 2170 862 2228 πολλὰ
903 2169 1091 2243 πλήθη
1134 2173 1224 2227 καὶ
1265 2169 1473 2243 μεγάλα
1504 2171 1596 2226 καὶ
1627 2173 1905 2242 πολλαχοῦ

297 2259 392 2326 τῆς
432 2259 560 2327 γῆς,
605 2253 742 2312 ω’στε
783 2252 958 2327 αὐτὴν
1001 2260 1120 2312 δειν
1163 2254 1304 2312 εἶναι
1345 2258 1526 2327 θέαμα
1559 2250 1904 2327 ευδαιμόνων
1928 2275 1969 2308 25

300 2335 579 2395 &eachvf'

253 2445 273 2476 b
426 2432 679 2481 XXXVIII.
735 2426 842 2493 Τῆς
886 2420 1017 2495 παρ’
1054 2419 1325 2495 Εβραίοις
1373 2427 1589 2496 γραφῆς
1637 2425 1778 2480 θεοῦ
1826 2428 1905 2478 δι-

301 2503 633 2577 καιωτήριον
678 2507 769 2561 καὶ
800 2513 984 2577 κρίσιν
1016 2510 1210 2578 ψυχων
1240 2529 1374 2578 μετα
1403 2507 1504 2579 τὴν
1536 2508 1768 2564 ἐνθένδε
1797 2504 1907 2561 ἀπ-

303 2587 549 2660 αλλαγὴν
581 2594 809 2646 ἔσεσθαι
841 2589 1325 2662 προαγορευούσης
1359 2589 1449 2646 διά
1477 2614 1536 2647 τε
1566 2595 1782 2662 μυρίων
1812 2587 1904 2644 άλ-

302 2681 416 2729 λων
446 2675 536 2728 καὶ
581 2669 660 2729 δι’
695 2697 774 2729 ων
814 2691 950 2744 φησι
1021 2697 1300 2772 κριτηριον
1343 2672 1567 2730 ἐκάθισε
1598 2674 1689 2728 καὶ
1719 2678 1903 2744 βίβλοι
1926 2694 1967 2726 30

301 2755 669 2833 ἠνεῴχθησαν
700 2758 790 2812 καὶ
821 2752 849 2813 ὁ
881 2755 1110 2823 παλαιὸς
1149 2753 1370 2829 ἡμερων
1411 2756 1663 2829 ἐκάθητο.
1735 2779 1904 2814 ποτα-

301 2838 399 2913 μὸς
430 2840 602 2912 πυρὸς
635 2837 818 2898 εἷλκεν
849 2846 1166 2915 ἔμπροσθεν
1196 2839 1392 2897 αὐτοῦ·
1425 2839 1616 2916 μύριαι
1638 2839 1904 2914 μυριάδες
