2014 3146
589 116 799 159 PRAEP.
830 115 1051 159 EVANG.
1081 116 1209 159 xm.
1243 119 1281 155 1.
1646 113 1745 166 163

138 255 319 306 μενος,
353 237 403 289 εἰ
426 230 497 304 δή
527 255 608 297 τις
638 227 773 305 ἡμῖν
795 234 1072 289 ἐπικαλῶν
1101 237 1259 304 φαίη,
1291 238 1348 288 τί
1378 229 1448 303 δή
1478 228 1589 288 ποτ’
1626 223 1747 304 οὖν,

138 319 389 383 ΑΜωσέως
419 318 511 374 καὶ
542 314 842 383 Πλάτωνος
865 315 929 373 τὰ
951 314 1179 393 συνῳδὰ
1199 313 1747 389 πεφιλοσοφηκότων,

137 399 259 475 οὐχὶ
290 399 356 458 τὰ
386 399 715 473 Πλάτωνος,
751 398 888 457 ἀλλὰ
919 398 984 458 τὰ
1016 403 1266 466 Μωσέως
1295 402 1548 474 μέτιμεν,
1579 397 1748 473 τοῦμ-

138 493 307 543 παλιν
338 487 484 558 δέον,
517 483 598 543 ὅτι
631 485 698 558 δὴ
730 483 862 559 πρὸς
892 499 1006 550 τοῖς
1028 494 1166 550 ἴσοις
1188 484 1422 558 δόγμασι
1449 483 1748 559 προσήκων

95 593 114 625 5
139 568 272 643 ἡμῖν
303 567 504 643 γένοιτ’
549 565 897 642 ἆνἝλλησιν
935 561 1095 627 οὖσιν
1134 565 1499 642 ὁἙλληνικὸς
1537 573 1747 642 μᾶλλον

135 651 168 726 ἢ
200 653 228 712 ὁ
261 653 554 729 βάρβαρος.
598 651 782 712 ὀκνῶν
816 655 874 711 δὲ
906 652 1218 726 ἀπαντῆσαι
1241 653 1375 727 πρὸς
1406 655 1565 711 τοῦτο
1598 658 1749 711 αἰδοῖ

134 741 200 813 τῇ
230 736 365 813 πρὸς
396 737 492 796 τὸν
523 737 858 812 φιλόσοφον,
890 742 1085 796 τοῦτον
1114 738 1217 810 μὲν
1242 744 1320 804 εἰς
1349 733 1584 811 ὕστερόν
1614 762 1744 795 ανα-

133 829 356 897 τίθεμαι
396 822 491 880 τὸν
532 821 725 896 λόγον,
776 822 842 879 τὰ
897 825 963 879 δέ
995 846 1057 894 γε
1098 821 1286 895 πρῶτα
1334 847 1425 895 μοι
1474 825 1745 925 λεχθέντα

133 912 324 982 πρῶτα
370 909 747 980 διασκέψομαι.
827 906 1016 979 λαβὼν
1058 906 1161 964 οὐν
1210 905 1501 978 ανάγνωθι
1542 906 1743 964 ὁποίαν
1774 938 1792 960 0

71 1016 110 1047 ιο
135 991 365 1066 ἐπήγετο
410 990 576 1060 δόξαν
614 988 643 1048 ὁ
673 990 914 1049 Πλατων
943 993 1069 1065 περὶ
1111 994 1224 1049 τῶν
1247 987 1581 1064 Ἑλληνικῶν
1610 1002 1744 1050 θεο-

132 1075 314 1149 λόγων
345 1099 404 1134 τε
434 1079 526 1134 καὶ
557 1080 827 1149 ποιητῶν,
873 1075 1021 1142 ὅπως
1052 1099 1113 1132 τε
1144 1075 1323 1143 πάσας
1354 1073 1447 1143 τὰς
1479 1081 1743 1150 πατρίους

132 1163 259 1234 περὶ
289 1165 400 1218 τῶν
430 1163 583 1219 θεῶν
611 1159 917 1235 ὑπολήψεις
958 1157 1148 1233 ήθέτει
1188 1163 1280 1218 καὶ
1319 1158 1421 1234 τὴν
1464 1164 1524 1218 ἐν
1554 1159 1741 1227 αὐτοῖς

132 1245 366 1303 ἀτοπίαν
400 1244 704 1319 διήλεγχεν.

259 1342 294 1391 Ι.
336 1326 514 1404 “Περὶ
555 1330 617 1387 δὲ
656 1333 765 1388 τῶν
807 1327 992 1387 ἄλλων
1034 1327 1314 1401 δαιμόνων
1356 1335 1533 1387 εἰπεῖν
1561 1353 1620 1386 τε
1650 1331 1742 1386 καὶ
1769 1351 1790 1383 <1

69 1437 109 1469 15
134 1418 344 1487 γνῶναι
374 1415 478 1486 τὴν
509 1416 728 1487 γένεσιν
757 1423 942 1487 μεῖζον
971 1409 1004 1487 ἢ
1036 1410 1170 1471 καθ’
1205 1412 1373 1487 ἡμᾶς,
1416 1419 1740 1472 πιστευτέον

134 1499 195 1556 δὲ
225 1514 338 1565 τοῖς
371 1498 650 1573 εἰρηκόσιν
682 1505 1032 1572 ἔμπροσθεν,
1068 1497 1312 1571 ἐκγόνοις
1334 1499 1436 1571 μὲν
1459 1502 1612 1556 θεῶν
1643 1490 1742 1556 οὗ-

133 1602 251 1656 σιν,
286 1582 359 1650 ῶς
391 1589 633 1656 ἔφασαν,
666 1587 858 1657 σαφῶς
890 1586 956 1640 δέ
983 1606 1090 1640 που
1131 1582 1258 1649 τοὺς
1293 1585 1508 1640 ἑαυτῶν
1541 1582 1742 1658 προγό-

131 1692 262 1734 νους
295 1667 522 1726 εἰδόσιν.
594 1666 876 1726 ἀδύνατον
918 1661 1021 1725 οὖν
1050 1672 1204 1725 θεῶν
1243 1670 1437 1725 παισὶν
1467 1667 1739 1740 ἀπιστεῖν,

131 1758 328 1826 καίπερ
359 1751 498 1810 ἄνευ
539 1752 767 1810 εἰκότων
798 1755 890 1810 καὶ
921 1751 1242 1824 ἀναγκαίων
1272 1750 1615 1821 ἀποδείξεων
1656 1755 1740 1809 λε’-

66 1860 107 1892 20
129 1856 355 1909 γουσιν,
398 1834 520 1895 ἀλλ’
556 1836 628 1904 ῶς
661 1844 837 1895 οἰκεῖα
860 1836 1191 1911 φασκόντων
1214 1836 1581 1910 ἀπαγγέλλειν
1611 1839 1741 1894 ἑπο-

128 1923 327 1995 μένους
357 1925 436 1999 τῷ
464 1920 615 1998 νόμῳ
646 1925 982 1980 πιστευτέον.
1032 1930 1078 1978 2.
1113 1920 1288 1988 οὕτως
1311 1914 1413 1979 οὖν
1437 1919 1563 1979 κατ’
1598 1924 1741 1979 ἐκεί-

131 2030 261 2074 νους
292 2005 425 2080 ἡμῖν
456 2005 489 2079 ἡ
522 2010 734 2079 γένεσις
759 2009 884 2080 περὶ
908 2006 1121 2065 τούτων
1143 2009 1256 2064 τῶν
1279 2012 1434 2064 θεῶν
1459 2009 1621 2080 ἐχέτω
1646 2010 1738 2063 καὶ

129 2093 393 2162 λεγέσθω.
466 2095 578 2164 Γῆς
616 2116 674 2150 τε
715 2094 806 2148 καὶ
851 2088 1112 2165 Οὐρανοῦ
1150 2095 1345 2156 παῖδες
1377 2089 1637 2157 Ὠκεανός
1679 2114 1736 2147 τε
1761 2112 1850 2154 (640)

129 2177 221 2232 καὶ
261 2174 449 2248 Τηθὺς
483 2178 805 2248 ἐγενέσθην,
838 2174 1050 2232 τούτων
1091 2176 1151 2232 δὲ
1185 2174 1404 2248 Φόρκυς
1436 2173 1649 2247 Κρόνος
1680 2198 1738 2232 τε

65 2279 106 2312 25
131 2260 221 2314 καὶ
247 2255 360 2315 Ῥέα
406 2257 566 2332 [καὶ’
546 2256 667 2316 όσοι
711 2283 845 2332 μετα
875 2258 1134 2331 τούτων,]
1180 2262 1240 2315 ἐκ
1283 2259 1343 2315 δε
1382 2257 1607 2332 Κρόνου
1646 2262 1738 2316 καὶ

123 2338 267 2408 Ρέας
299 2342 436 2409 Ζεύς
452 2341 599 2416 Ἡρα
629 2366 687 2400 τε
718 2345 806 2399 καὶ
840 2343 1040 2409 πάντες
1070 2339 1234 2409 όσους
1270 2353 1430 2417 ἴσμεν
1459 2340 1737 2416 αδελφούς

129 2429 459 2500 λεγομένους
490 2423 702 2499 αὐτῶν,
737 2433 814 2484 ἔτι
845 2450 903 2484 τε
934 2425 1146 2485 τούτων
1186 2425 1385 2494 αλλους
1418 2426 1714 2500 ἐκγόνουςῖ

256 2517 303 2568 3.
339 2511 448 2569 Διὰ
479 2510 692 2569 τούτων
722 2511 1004 2570 πιστεύειν
1033 2526 1145 2578 τοῖς
1186 2514 1311 2586 περὶ
1352 2515 1506 2570 θεῶν
1535 2511 1736 2585 μύθοις

133 2597 223 2652 καὶ
256 2592 442 2662 αυτοῖς
478 2598 537 2653 δε
568 2609 679 2663 τοῖς
720 2600 832 2653 τῶν
861 2596 1061 2670 μύθων
1091 2611 1340 2670 ποιηταῖς
1379 2595 1451 2664 ῶς
1485 2596 1552 2669 δὴ
1583 2599 1737 2655 θεῶν

66 2701 107 2734 30
132 2678 372 2752 ἐκγόνοις
403 2673 528 2738 οὖσι
558 2680 1135 2755 παρακελευσαμενος,
1168 2686 1356 2754 πρῶτα
1387 2705 1488 2755 μεν
1515 2680 1605 2737 δια
1634 2685 1733 2738 τοῦ

246 2874 298 2913 14
329 2872 446 2926 Περὶ
471 2869 521 2916 δὲ
544 2871 618 2928 -]
652 2874 786 2916 Plato
809 2875 922 2914 Tim.
945 2888 988 2928 p.
1008 2876 1077 2918 40.

1399 2943 1459 2992 11
1478 2941 1505 2971 ²⁵⁴
