2014 3146
624 91 834 135 PRAEP.
864 90 1086 135 EVANG.
1118 91 1214 132 XV.
1247 93 1316 131 22.
1675 89 1774 141 391

176 205 440 279 πρότερον
480 204 586 277 ἄρα
629 208 720 263 καὶ
750 210 882 272 νοῦς
922 208 1013 263 καὶ
1054 204 1201 279 ψυχὴ
1242 204 1479 279 φύσεως.
1541 203 1645 263 οὐκ
1675 204 1782 276 ἄρα

175 289 345 358 οὕτως
376 291 524 364 ψυχὴ
555 287 627 357 ὦς
658 293 894 364 πνεῦμα,
926 287 1050 348 οὐδ’
1085 289 1158 356 ὡς
1182 294 1354 363 σῶμα.
1411 286 1532 347 ἀλλ’
1566 287 1649 347 ὅτι
1679 291 1781 364 μὲν

177 373 243 431 οὐ
280 380 436 447 σῶμα
479 372 684 446 λέγοιτ’
727 371 797 432 ἂν
840 378 931 432 καὶ
983 384 1192 448 εἴρηται
1232 378 1322 431 καὶ
1370 372 1554 441 ἄλλοις
1601 377 1778 448 ἕτερα,

178 457 338 516 ἱῗκανά
369 459 430 515 δε
460 461 550 515 καὶ
582 463 768 517 ταῦτα.
779 456 809 476 ”

111 567 131 600 5
303 547 384 600 64.
412 539 602 600 “Ἐπεὶ
644 543 703 600 δε
744 545 835 600 καὶ
875 541 1042 614 ἄλλης
1073 542 1323 616 φύσεως,
1374 548 1463 599 δεῖ
1490 551 1667 615 ζητεῖν
1697 549 1779 610 τίς
1804 556 1825 588 d

175 624 329 699 αὕτη.
391 620 476 700 ἆρ’
514 619 615 684 οὖν
645 629 833 700 ἕτερον
872 651 982 729 μεν
1006 626 1281 700 σώματος,
1327 626 1575 699 σώματος
1620 630 1684 684 δέ
1711 651 1780 698 τι,

174 708 293 768 οἷον
324 709 587 784 ἁρμονία,
629 715 789 768 τοῦτο
820 711 924 782 γὰρ
955 709 1228 783 ἁρμονίαν
1268 714 1380 767 τῶν
1409 708 1548 784 ἀμφὶ
1583 720 1781 769 Πυθα-

175 794 349 869 γόραν
390 794 663 867 λεγόντων
703 798 893 867 ἕτερον
932 793 1168 867 τρόπον,
1204 792 1474 871 ᾠήθησαν
1504 792 1639 852 αὐτὸ
1670 819 1782 852 τοι-

174 878 340 936 οῦτόν
371 903 421 936 τι
447 879 588 936 εἶναι
611 876 731 936 οἷον
754 880 844 935 καὶ
869 877 902 951 ἡ
927 881 1055 951 περὶ
1077 879 1276 952 χορδας
1300 877 1550 952 ἁρμονία.
1596 884 1678 935 65.
1711 903 1782 946 ως

112 990 153 1020 10
175 964 280 1035 γὰρ
314 966 560 1021 ἐνταῦθα
603 964 978 1036 ἐντεταμένων
1007 967 1118 1020 τῶν
1148 965 1367 1036 χορδῶν
1399 966 1707 1035 ἐπιγίνεταί
1732 987 1782 1020 τι

173 1044 292 1105 οἷον
323 1046 555 1121 πάθημα
580 1044 668 1104 ἐπ’
703 1044 922 1119 αὐταῖς,
954 1044 983 1103 ὃ
1008 1049 1220 1119 λέγεται
1244 1042 1508 1119 αρμονία,
1554 1046 1651 1104 τὸν
1682 1046 1785 1103 αὐ-

174 1132 269 1189 τὸν
321 1130 527 1204 τρόπον
579 1134 670 1188 καὶ
712 1155 808 1188 του
848 1130 1116 1233 ἡμετέρου
1158 1130 1433 1204 σώματος,
1489 1135 1550 1188 ἐν
1590 1130 1782 1203 κράσει
1808 1145 1894 1185 (835)

171 1214 451 1288 ανομοίων
480 1218 808 1289 γινομένων,
838 1214 940 1288 τὴν
964 1213 1129 1272 ποιὰν
1152 1219 1348 1289 κρᾶσιν
1372 1213 1516 1289 ζωήν
1537 1239 1598 1272 τε
1622 1214 1785 1288 ἐργά-

175 1307 368 1400 Ξεσθαι
406 1302 499 1357 καὶ
541 1298 754 1374 ψυχὴν,
797 1300 971 1357 οὖσαν
1001 1298 1059 1356 τὸ
1093 1302 1181 1357 ἐπὶ
1212 1306 1278 1375 τῆ
1309 1317 1501 1373 κρασει
1531 1298 1779 1372 παθημα

109 1409 151 1442 15
174 1381 256 1441 ότι
290 1384 352 1441 δὲ
381 1380 688 1456 ἀδύνατον,
730 1382 904 1441 πολλα
943 1381 1051 1486 ἤδη
1082 1384 1218 1458 πρὸς
1247 1383 1456 1457 ταύτην
1485 1381 1585 1457 τὴν
1618 1382 1785 1452 δόξαν

175 1476 401 1571 εἴρηται.
463 1473 545 1525 66.
580 1471 672 1525 καὶ
701 1493 806 1541 γαρ
836 1467 919 1525 ὅτι
949 1468 1008 1525 τὸ
1042 1493 1143 1542 μεν
1173 1467 1442 1540 πρότερον
1471 1466 1506 1540 ἡ
1539 1465 1715 1541 ψυχη,
1748 1492 1781 1540 η

176 1551 227 1609 δ’
265 1551 503 1625 αρμονία
540 1550 803 1625 ὕστερον,
862 1555 955 1609 καὶ
996 1577 1068 1620 ως
1107 1554 1167 1610 τὸ
1207 1578 1310 1626 μεν
1349 1550 1501 1626 ἄρχει
1542 1555 1633 1609 καὶ
1666 1555 1784 1609 ἐπι-

175 1651 364 1694 στατεῖ
389 1643 464 1694 τῶ
496 1635 705 1710 σώματι
735 1639 826 1693 καὶ
871 1659 1099 1710 μαχεται
1139 1639 1411 1710 πολλαχῆ,
1454 1636 1691 1710 αρμονία
1724 1638 1783 1693 δὲ

173 1718 274 1778 οὐκ
306 1745 375 1777 αν
405 1713 544 1778 οὖσα
575 1725 746 1778 ταῦτα
777 1734 950 1778 ποιοῖ
998 1725 1091 1778 καὶ
1115 1720 1188 1788 ὡς
1210 1721 1270 1778 τὸ
1301 1746 1404 1794 μεν
1433 1718 1624 1792 οὐσία,
1656 1719 1688 1794 ἡ
1723 1721 1783 1777 δε

107 1830 153 1862 20
175 1803 412 1878 ἁρμονία
443 1803 546 1862 οὐκ
584 1804 774 1863 οὐσία·
822 1807 914 1881 καὶ
945 1803 1028 1863 ὅτι
1059 1802 1093 1878 ἡ
1126 1809 1317 1877 κρᾶσις
1348 1830 1461 1862 των
1493 1824 1783 1878 σωματων,

175 1892 228 1957 ἐξ
262 1890 341 1945 ὠν
371 1891 743 1963 συνέσταμεν,
776 1893 837 1947 ἐν
868 1889 1014 1967 λόγῳ
1045 1891 1203 1963 οὐσα,
1234 1887 1417 1962 υγίεια
1447 1886 1517 1948 ἂν
1549 1899 1658 1963 εἰη·
1693 1891 1784 1946 καὶ
1811 1903 1829 1934 b

174 1972 256 2030 ὅτι
288 1970 422 2031 καθ’
458 1976 689 2032 ἕκαστον
729 1977 891 2047 μέρος
921 1973 1100 2042 ἄλλως
1143 1976 1355 2048 κραθεν
1399 1983 1486 2047 εἰή
1526 1999 1597 2031 αν
1636 1973 1783 2074 ψυχὴ

178 2058 364 2158 ἑτέρα,
413 2054 551 2114 ὥστε
595 2057 802 2123 πολλὰς
849 2058 1016 2115 εἶναι
1074 2060 1166 2115 καὶ
1205 2057 1333 2116 τόδε
1371 2060 1655 2131 μέγιστον,
1713 2056 1785 2124 ὡς

175 2164 387 2212 αναγκη
419 2138 523 2212 πρὸ
546 2165 639 2213 της
664 2145 844 2214 ψυχῆς
866 2141 1068 2215 ταύτης
1091 2141 1265 2214 αλλην
1295 2141 1480 2250 ψυχην
1511 2141 1654 2199 εἶναι
1685 2141 1785 2214 τὴν

109 2248 155 2281 25
179 2230 450 2282 ποιοῦσαν
479 2225 582 2296 τὴν
612 2223 884 2299 ἁρμονίαν
913 2225 1149 2298 ταύτην,
1193 2223 1313 2283 οἷον
1354 2228 1442 2283 ἐπὶ
1473 2230 1585 2283 τῶν
1616 2223 1780 2298 ὀργα-

178 2333 321 2381 νων,
363 2309 459 2366 τὸν
488 2308 788 2381 μουσικὸν,
831 2310 928 2366 τὸν
960 2312 1246 2367 ἐντιθέντα
1277 2323 1396 2377 ταῖς
1428 2315 1652 2383 χορδαῖς
1684 2309 1784 2382 τὴν

178 2389 478 2466 ἁρμονίαν,
522 2391 685 2465 λόγον
727 2399 918 2466 ἔχοντα
961 2390 1093 2468 παρ’
1128 2391 1310 2471 αὐτῷ,
1351 2391 1484 2452 καθ’
1518 2391 1583 2451 ὃν
1613 2390 1783 2468 ἁρμό-

180 2494 278 2533 σει.
341 2482 407 2533 67
459 2474 590 2534 οὔτε
633 2475 737 2550 γὰρ
781 2479 896 2535 ἐκεῖ
934 2483 997 2535 αἱ
1033 2480 1227 2552 χορδαὶ
1266 2475 1398 2550 παρ’
1434 2475 1620 2536 αὑτων
1662 2475 1780 2536 οὔτ’

181 2563 425 2618 ἐνταῦθα
454 2561 520 2618 τὰ
552 2559 774 2634 σώματα
806 2562 973 2620 ἑαυτὰ
1005 2569 1080 2629 εἰς
1122 2559 1396 2636 ἁρμονίαν
1425 2561 1581 2636 ἄγειν
1613 2562 1787 2635 δυνή-

114 2667 156 2700 30
181 2663 346 2702 σεται.
408 2644 547 2711 ὅλως
582 2646 643 2702 δὲ
673 2647 765 2702 καὶ
795 2638 946 2704 οὗτοι
979 2650 1032 2715 ἐξ
1055 2646 1272 2720 ἀψύχου
1298 2654 1514 2721 ἔμψυχα
1544 2650 1783 2719 ποιοῦσι,

180 2731 271 2785 καὶ
301 2728 367 2786 τὰ
400 2733 453 2798 ἐξ
485 2727 733 2788 ἀτάκτων
757 2731 893 2787 κατὰ
909 2739 1213 2806 συντυχίαν
1235 2735 1538 2806 τεταγμένα
1561 2732 1652 2787 καὶ
1685 2730 1785 2802 τὴν
1810 2758 1825 2779 c

180 2812 333 2880 τάξιν
363 2810 464 2871 οὐκ
498 2817 554 2870 ἐκ
584 2818 679 2886 τῆς
710 2819 914 2888 ψυχῆς,
957 2812 1079 2872 ἀλλ’
1125 2813 1300 2889 αὐτὴν
1331 2820 1390 2874 ἐκ
1419 2820 1514 2889 τῆς
1546 2813 1786 2888 αὐτομά-
