2014 3146
215 126 318 178 140
901 124 1151 167 EUSEBII

213 245 416 301 τοῦντα
447 247 542 314 ζῆν
571 243 683 298 τῶν
722 237 933 312 ἄλλων,
975 242 1066 297 καὶ
1105 238 1180 313 μὴ
1225 239 1562 298 δουλεύοντα
1593 243 1825 315 ἑτέροισι

215 325 350 384 κατὰ
381 324 566 399 νόμον.

347 407 483 467 Οἶον
514 407 871 481 διελήλυθας,
904 402 946 464 ὦ
978 409 1117 479 ξένε,
1149 406 1332 482 λόγον,
1361 410 1452 465 καὶ
1474 407 1612 482 ὅσην
1636 408 1825 482 λω’βην

215 493 537 566 ἀνθρώπων
576 494 720 551 νέων
766 498 1003 569 δημοσίᾳ
1055 491 1251 549 πόλεσί
1301 516 1360 550 τε
1414 495 1506 550 καὶ
1547 498 1707 560 ἰδίοις
1748 503 1824 551 οῖ’-

219 576 367 644 κοις.’
1869 599 1896 632 ⁵

347 667 391 719 7.
442 663 551 720 Καὶ
582 658 714 734 μεθ’
747 659 907 735 ἕτερά
937 682 1110 735 φησιν

336 742 366 765 “
384 744 546 817 Ἀλλά
586 769 648 818 γε
692 746 760 818 δὴ
801 744 969 803 πάλιν
1000 748 1124 818 λέγε
1165 770 1290 819 μοι,
1323 752 1576 818 Κλεινία,
1609 747 1700 802 καὶ
1731 744 1827 803 σύ’

219 828 490 888 κοινωνὸν
530 830 634 903 γὰρ
679 835 768 888 δεῖ
802 848 864 886 σε
908 829 1051 888 εἶναι
1095 833 1208 887 τῶν
1251 828 1461 903 λόγων·
1511 829 1830 888 κινδυνεύει

218 914 322 989 γὰρ
352 913 381 971 ὁ
413 917 591 987 λέγων
631 918 802 971 ταῦτα
842 918 955 988 πῦρ
996 915 1086 971 καὶ
1127 913 1282 988 ὕδωρ
1314 917 1405 971 καὶ
1435 919 1541 988 γῆν
1570 916 1662 971 καὶ
1694 913 1831 985 ἀέρα

218 1001 408 1073 πρῶτα
447 1002 560 1056 τῶν
601 996 827 1056 πάντων
867 994 1128 1071 ἡγεῖσθαι
1170 999 1339 1070 εἶναι,
1382 1001 1473 1056 καὶ
1513 997 1615 1072 τὴν
1655 997 1902 1071 φύσινεοω

219 1079 507 1156 ὀνομάζειν
537 1086 708 1140 ταῦτα
739 1080 896 1154 αὐτοὶ,
930 1082 1117 1156 ψυχὴν
1151 1081 1202 1139 δ’
1248 1087 1307 1141 ἐκ
1337 1082 1549 1141 τούτων
1578 1082 1826 1158 ὕστερον.

220 1174 365 1226 ἔοικε
398 1168 459 1225 δε
489 1166 556 1225 οὐ
588 1166 964 1240 κινδυνεύειν,
997 1165 1116 1224 ἀλλ’
1146 1165 1319 1234 ὅντως
1344 1173 1638 1241 σημαίνειν
1661 1171 1831 1225 ταῦτα

218 1254 352 1326 ἧμιν
381 1255 459 1329 τῷ
482 1251 643 1328 λόγῳ.

346 1334 513 1394 Πάνυ
543 1361 645 1408 μεν
674 1361 791 1394 ουν.

347 1426 393 1477 8.
430 1413 548 1494 'Ap'
582 1414 686 1478 οὖν
716 1421 851 1495 πρὸς
882 1421 1018 1486 Διὸς
1056 1416 1176 1477 οἷον
1216 1419 1399 1493 πηγήν
1436 1444 1560 1477 τινα
1590 1416 1830 1492 άνοήτου
1853 1442 1901 1475 15·

224 1503 383 1578 δόξης
424 1502 812 1579 ἀνευρήκαμεν
852 1502 1175 1579 ἀνθρώπων
1223 1495 1416 1562 ὅπόσοι
1464 1502 1684 1562 πώποτε
1721 1507 1834 1561 τῶν

221 1591 348 1662 περὶ
390 1588 612 1662 φύσεως
655 1588 938 1662 ἐφήψαντο
989 1587 1334 1662 ζητημάτων;
1409 1587 1604 1646 σκόπει
1654 1586 1834 1645 πάντα

223 1673 388 1745 λόγον
421 1671 705 1742 ἐξετάζων·
754 1670 819 1731 οὗ
850 1674 955 1746 γὰρ
989 1673 1057 1747 δὴ
1088 1672 1321 1746 σμικρόν
1359 1697 1423 1746 γε
1451 1674 1512 1730 τὸ
1534 1675 1831 1747 διαφέρον,

225 1763 274 1814 εἰ
324 1770 558 1829 φανεῖεν
608 1763 666 1814 οἱ
712 1757 894 1829 λόγων
945 1756 1242 1830 ἁπτόμενοι
1293 1756 1514 1827 ἀσεβῶν
1552 1755 1737 1823 ἄλλοις
1775 1780 1834 1813 τε

225 1839 538 1913 ἐξάρχοντες
577 1843 718 1914 μηδὲ
751 1834 812 1898 εὖ
841 1853 954 1906 τοῖς
994 1839 1193 1914 λόγοις,
1225 1837 1348 1897 ἀλλ’
1383 1843 1832 1914 ἐξημαρτημένως
1855 1859 1904 1893 20·

224 1923 510 1999 χρεόμενοι.
590 1929 746 1982 δοκεῖ
770 1930 964 1981 τοίνυν
994 1949 1085 1997 μοι
1115 1928 1286 1981 ταῦτα
1315 1923 1490 1990 οὕτως
1523 1929 1680 1997 ἔχειν.

351 2000 437 2066 Ευ
466 2011 667 2081 λέγεις·
714 2006 834 2066 ἀλλ’
870 2007 977 2080 ὅπη
1012 2009 1099 2081 δὴ,
1131 2011 1302 2081 πειρῶ
1335 2007 1577 2081 φράζειν.

338 2091 520 2150 ’Έοικε
550 2099 745 2151 τοίνυν
775 2092 1133 2166 ἀηθεστέρων
1171 2091 1373 2150 ἁπτέον
1414 2092 1556 2150 εἶναι
1596 2088 1831 2164 λόγων.”

352 2182 398 2234 9.
447 2179 557 2234 Καὶ
588 2200 722 2250 μετα
750 2181 958 2251 βραχέα
990 2179 1228 2250 ἐπιλέγει

345 2257 614 2334 “Ψ“υχὴν,
648 2264 689 2319 ὠ
721 2264 921 2335 ἐταιρε,
951 2260 1283 2335 ἠγνοηκέναι
1314 2258 1710 2318 κινδυνεύουσι
1732 2284 1834 2333 μεν
1855 2284 1903 2317 25

225 2341 417 2416 ὀλίγου
450 2344 758 2418 ξύμπαντες
799 2343 918 2404 οἷόν
958 2370 1017 2403 τε
1056 2343 1122 2403 ὂν
1160 2343 1420 2418 τυγχάνει
1460 2347 1552 2401 καὶ
1593 2342 1836 2417 δύναμιν

116 2444 205 2483 (623)
227 2425 297 2501 ἣν
328 2435 464 2501 ἔχει,
503 2433 614 2486 τῶν
654 2454 712 2487 τε
753 2428 937 2487 ἄλλων
977 2426 1144 2503 αὐτῆς
1183 2431 1307 2502 πέρι
1338 2430 1430 2486 καὶ
1464 2429 1532 2501 δὴ
1562 2430 1654 2485 καὶ
1683 2430 1833 2502 γενέ-

227 2529 385 2583 σεως,
419 2536 491 2579 ως
525 2516 586 2570 ἐν
615 2511 850 2585 πρώτοις
894 2516 1005 2571 ἐστὶ
1047 2512 1315 2586 σωμάτων
1349 2519 1666 2586 ἔμπροσθεν
1697 2509 1832 2569 πάν-

227 2619 340 2652 των
379 2597 677 2669 γενομένη,
719 2600 811 2654 καὶ
851 2603 1157 2670 μεταβολῆς
1195 2620 1253 2654 τε
1305 2595 1492 2653 αὐτων
1541 2597 1632 2652 καὶ
1672 2618 1832 2667 μετα-

229 2678 544 2752 κοσμήσεως
575 2676 789 2753 ἁπάσης
819 2679 972 2754 ἄρχει
1003 2681 1207 2747 παντὸς
1237 2683 1461 2753 μᾶλλον.
1537 2684 1589 2735 εἰ
1625 2675 1680 2735 δ’
1717 2680 1831 2735 ἐστὶ
1854 2702 1899 2734 30

342 2876 365 2915 7
394 2865 519 2914 'And
550 2885 602 2926 γε
631 2876 702 2921 -]
736 2873 870 2913 Plato
901 2875 1015 2927 Leg.
1048 2876 1112 2915 10.
1145 2886 1186 2926 p.
1209 2873 1304 2914 891.
1338 2874 1436 2915 892.
