<?xml version="1.0" encoding="UTF-8"?>
<!DOCTYPE html PUBLIC "-//W3C//DTD XHTML 1.0 Transitional//EN"
    "http://www.w3.org/TR/xhtml1/DTD/xhtml1-transitional.dtd">
<html xmlns="http://www.w3.org/1999/xhtml" xml:lang="en" lang="en">
 <head>
  <title>
</title>
<meta http-equiv="Content-Type" content="text/html;charset=utf-8" />
  <meta name='ocr-system' content='tesseract 3.04.00' />
  <meta name='ocr-capabilities' content='ocr_page ocr_carea ocr_par ocr_line ocrx_word'/>
</head>
<body>
  <div class='ocr_page' id='page_1' title='image "./operaeusebius02euseuoft_0460.png"; bbox 0 0 2014 3146; ppageno 0'>
   <div class='ocr_carea' id='block_1_1' title="bbox 240 151 1268 203">
    <p class='ocr_par' dir='ltr' id='par_1_1' title="bbox 240 151 1268 203">
     <span class='ocr_line' id='line_1_1' title="bbox 240 151 1268 203; baseline -0.011 0"><span class='ocrx_word' id='word_1_1' title='bbox 240 151 348 203; x_wconf 71' lang='lat'><strong>454</strong></span> <span class='ocrx_word' id='word_1_2' title='bbox 828 151 1023 193; x_wconf 84' lang='lat' dir='ltr'><strong>INDEX</strong></span> <span class='ocrx_word' id='word_1_3' title='bbox 1053 151 1268 193; x_wconf 82' lang='lat' dir='ltr'><strong>RERUM</strong></span> 
     </span>
    </p>
   </div>
   <div class='ocr_carea' id='block_1_2' title="bbox 220 263 995 1498">
    <p class='ocr_par' dir='ltr' id='par_1_2' title="bbox 220 263 995 1498">
     <span class='ocr_line' id='line_1_2' title="bbox 289 263 994 316; baseline -0.001 -11"><span class='ocrx_word' id='word_1_4' title='bbox 289 268 446 305; x_wconf 85' lang='lat' dir='ltr'><strong>creata</strong></span> <span class='ocrx_word' id='word_1_5' title='bbox 493 277 593 316; x_wconf 85' lang='lat' dir='ltr'><strong>quae</strong></span> <span class='ocrx_word' id='word_1_6' title='bbox 650 264 732 304; x_wconf 83' lang='grc'><strong>545</strong></span> <span class='ocrx_word' id='word_1_7' title='bbox 751 263 792 304; x_wconf 92' lang='grc'><strong>(1.</strong></span> <span class='ocrx_word' id='word_1_8' title='bbox 851 265 932 305; x_wconf 89' lang='grc'><strong>547</strong></span> <span class='ocrx_word' id='word_1_9' title='bbox 951 263 994 304; x_wconf 97' lang='grc'><strong>(1.</strong></span> 
     </span>
     <span class='ocr_line' id='line_1_3' title="bbox 288 322 425 362; baseline -0.022 0"><span class='ocrx_word' id='word_1_10' title='bbox 288 322 370 362; x_wconf 85' lang='grc'><strong>548</strong></span> <span class='ocrx_word' id='word_1_11' title='bbox 385 335 425 359; x_wconf 86' lang='lat' dir='ltr'><strong>a.</strong></span> 
     </span>
     <span class='ocr_line' id='line_1_4' title="bbox 230 375 995 430; baseline 0.003 -15"><span class='ocrx_word' id='word_1_12' title='bbox 230 377 352 426; x_wconf 81' lang='lat' dir='ltr'><strong>Lux,</strong></span> <span class='ocrx_word' id='word_1_13' title='bbox 404 390 431 415; x_wconf 90' lang='lat' dir='ltr'><strong>a</strong></span> <span class='ocrx_word' id='word_1_14' title='bbox 472 375 653 417; x_wconf 83' lang='lat' dir='ltr'><strong>Genere</strong></span> <span class='ocrx_word' id='word_1_15' title='bbox 698 379 822 427; x_wconf 85' lang='lat' dir='ltr'><strong>sata,</strong></span> <span class='ocrx_word' id='word_1_16' title='bbox 874 376 995 430; x_wconf 86' lang='lat' dir='ltr'><strong>apud</strong></span> 
     </span>
     <span class='ocr_line' id='line_1_5' title="bbox 286 432 683 474; baseline 0.005 -2"><span class='ocrx_word' id='word_1_17' title='bbox 286 433 550 472; x_wconf 86' lang='lat' dir='ltr'><strong>Phoenicios</strong></span> <span class='ocrx_word' id='word_1_18' title='bbox 574 435 629 473; x_wconf 88' lang='grc'><strong>34</strong></span> <span class='ocrx_word' id='word_1_19' title='bbox 642 432 683 474; x_wconf 86' lang='grc'><strong>(1.</strong></span> 
     </span>
     <span class='ocr_line' id='line_1_6' title="bbox 227 488 871 541; baseline 0 -13"><span class='ocrx_word' id='word_1_20' title='bbox 227 490 354 541; x_wconf 87' lang='lat' dir='ltr'><strong>Lyco</strong></span> <span class='ocrx_word' id='word_1_21' title='bbox 378 488 713 540; x_wconf 77' lang='lat' dir='ltr'><strong>Pythagoricus</strong></span> <span class='ocrx_word' id='word_1_22' title='bbox 735 490 816 530; x_wconf 90' lang='grc'><strong>792</strong></span> <span class='ocrx_word' id='word_1_23' title='bbox 831 502 871 529; x_wconf 84' lang='grc'><strong>3.</strong></span> 
     </span>
     <span class='ocr_line' id='line_1_7' title="bbox 228 544 660 597; baseline 0 -13"><span class='ocrx_word' id='word_1_24' title='bbox 228 544 504 597; x_wconf 84' lang='lat' dir='ltr'><strong>Lycophron</strong></span> <span class='ocrx_word' id='word_1_25' title='bbox 524 545 660 586; x_wconf 83' lang='grc'><strong>4671).</strong></span> 
     </span>
     <span class='ocr_line' id='line_1_8' title="bbox 224 593 995 654; baseline 0.003 -14"><span class='ocrx_word' id='word_1_26' title='bbox 224 601 383 652; x_wconf 84' lang='lat' dir='ltr'><strong>Lyctii</strong></span> <span class='ocrx_word' id='word_1_27' title='bbox 404 600 649 642; x_wconf 81' lang='lat' dir='ltr'><strong>Cretenses</strong></span> <span class='ocrx_word' id='word_1_28' title='bbox 671 593 995 654; x_wconf 77' lang='grc' dir='ltr'><em>ἄνθρωποθύ-</em></span> 
     </span>
     <span class='ocr_line' id='line_1_9' title="bbox 283 658 519 698; baseline 0 -1"><span class='ocrx_word' id='word_1_29' title='bbox 283 671 360 698; x_wconf 79' lang='grc' dir='ltr'><strong>ται</strong></span> <span class='ocrx_word' id='word_1_30' title='bbox 384 658 463 698; x_wconf 98' lang='grc'><strong>157</strong></span> <span class='ocrx_word' id='word_1_31' title='bbox 484 671 519 697; x_wconf 89' lang='lat' dir='ltr'><strong>c.</strong></span> 
     </span>
     <span class='ocr_line' id='line_1_10' title="bbox 225 714 993 765; baseline 0.001 -12"><span class='ocrx_word' id='word_1_32' title='bbox 225 715 466 765; x_wconf 87' lang='lat' dir='ltr'><strong>Lycurgus</strong></span> <span class='ocrx_word' id='word_1_33' title='bbox 494 715 577 755; x_wconf 88' lang='grc'><strong>500</strong></span> <span class='ocrx_word' id='word_1_34' title='bbox 587 727 627 755; x_wconf 88' lang='grc'><strong>3.</strong></span> <span class='ocrx_word' id='word_1_35' title='bbox 669 715 750 756; x_wconf 89' lang='grc'><strong>509</strong></span> <span class='ocrx_word' id='word_1_36' title='bbox 771 714 810 754; x_wconf 90' lang='grc'><strong>(1.</strong></span> <span class='ocrx_word' id='word_1_37' title='bbox 855 715 993 755; x_wconf 85' lang='grc'><strong>5903.</strong></span> 
     </span>
     <span class='ocr_line' id='line_1_11' title="bbox 255 825 736 878; baseline 0.006 -13"><span class='ocrx_word' id='word_1_38' title='bbox 255 852 309 857; x_wconf 83' lang='grc'><strong>-</strong></span> <span class='ocrx_word' id='word_1_39' title='bbox 335 825 574 878; x_wconf 81' lang='lat' dir='ltr'><strong>Spartiata</strong></span> <span class='ocrx_word' id='word_1_40' title='bbox 595 826 736 868; x_wconf 88' lang='grc'><strong>4801).</strong></span> 
     </span>
     <span class='ocr_line' id='line_1_12' title="bbox 252 882 988 935; baseline 0.005 -13"><span class='ocrx_word' id='word_1_41' title='bbox 252 906 305 911; x_wconf 90' lang='grc'>-</span> <span class='ocrx_word' id='word_1_42' title='bbox 330 882 932 935; x_wconf 81' lang='lat' dir='ltr'><strong>exAEgyptiisprofecit482</strong></span> <span class='ocrx_word' id='word_1_43' title='bbox 947 897 988 926; x_wconf 85' lang='lat' dir='ltr'><strong>a.</strong></span> 
     </span>
     <span class='ocr_line' id='line_1_13' title="bbox 251 937 991 991; baseline 0.001 -12"><span class='ocrx_word' id='word_1_44' title='bbox 251 962 304 968; x_wconf 88' lang='lat'>—</span> <span class='ocrx_word' id='word_1_45' title='bbox 349 937 446 990; x_wconf 85' lang='lat' dir='ltr'><strong>ejus</strong></span> <span class='ocrx_word' id='word_1_46' title='bbox 491 938 620 991; x_wconf 88' lang='lat' dir='ltr'><strong>leges</strong></span> <span class='ocrx_word' id='word_1_47' title='bbox 669 941 750 979; x_wconf 89' lang='grc'><strong>221</strong></span> <span class='ocrx_word' id='word_1_48' title='bbox 764 952 802 983; x_wconf 83' lang='lat' dir='ltr'><strong>c.</strong></span> <span class='ocrx_word' id='word_1_49' title='bbox 852 941 933 980; x_wconf 89' lang='lat'><strong>369</strong></span> <span class='ocrx_word' id='word_1_50' title='bbox 948 939 991 980; x_wconf 85' lang='lat' dir='ltr'><strong>d.</strong></span> 
     </span>
     <span class='ocr_line' id='line_1_14' title="bbox 279 996 414 1035; baseline -0.007 0"><span class='ocrx_word' id='word_1_51' title='bbox 279 996 362 1035; x_wconf 82' lang='lat'><strong>496</strong></span> <span class='ocrx_word' id='word_1_52' title='bbox 374 1008 414 1035; x_wconf 97' lang='grc'><strong>3.</strong></span> 
     </span>
     <span class='ocr_line' id='line_1_15' title="bbox 253 1051 989 1103; baseline 0.003 -13"><span class='ocrx_word' id='word_1_53' title='bbox 253 1075 303 1080; x_wconf 90' lang='lat'>—</span> <span class='ocrx_word' id='word_1_54' title='bbox 327 1052 416 1103; x_wconf 91' lang='lat' dir='ltr'><strong>ipsi</strong></span> <span class='ocrx_word' id='word_1_55' title='bbox 429 1051 663 1092; x_wconf 90' lang='lat' dir='ltr'><strong>oraculum</strong></span> <span class='ocrx_word' id='word_1_56' title='bbox 685 1051 839 1092; x_wconf 89' lang='lat' dir='ltr'><strong>datum</strong></span> <span class='ocrx_word' id='word_1_57' title='bbox 851 1053 933 1091; x_wconf 90' lang='grc'><strong>224</strong></span> <span class='ocrx_word' id='word_1_58' title='bbox 945 1052 989 1092; x_wconf 89' lang='lat' dir='ltr'><strong>b.</strong></span> 
     </span>
     <span class='ocr_line' id='line_1_16' title="bbox 283 1107 420 1150; baseline 0.015 -2"><span class='ocrx_word' id='word_1_59' title='bbox 283 1110 366 1148; x_wconf 83' lang='grc'><strong>260</strong></span> <span class='ocrx_word' id='word_1_60' title='bbox 379 1107 420 1150; x_wconf 84' lang='grc'><strong>(1.</strong></span> 
     </span>
     <span class='ocr_line' id='line_1_17' title="bbox 248 1163 942 1215; baseline 0.001 -12"><span class='ocrx_word' id='word_1_61' title='bbox 248 1186 304 1192; x_wconf 89' lang='grc'><strong>-</strong></span> <span class='ocrx_word' id='word_1_62' title='bbox 329 1177 356 1203; x_wconf 86' lang='grc'><strong>3</strong></span> <span class='ocrx_word' id='word_1_63' title='bbox 378 1164 547 1215; x_wconf 81' lang='lat' dir='ltr'><strong>Pythia</strong></span> <span class='ocrx_word' id='word_1_64' title='bbox 569 1163 783 1204; x_wconf 85' lang='lat' dir='ltr'><strong>laudatus</strong></span> <span class='ocrx_word' id='word_1_65' title='bbox 806 1165 887 1203; x_wconf 90' lang='grc'><strong>222</strong></span> <span class='ocrx_word' id='word_1_66' title='bbox 902 1177 942 1204; x_wconf 92' lang='lat' dir='ltr'><strong>c.</strong></span> 
     </span>
     <span class='ocr_line' id='line_1_18' title="bbox 248 1220 990 1274; baseline 0 -15"><span class='ocrx_word' id='word_1_67' title='bbox 248 1243 307 1249; x_wconf 91' lang='lat'><strong>—-</strong></span> <span class='ocrx_word' id='word_1_68' title='bbox 340 1221 395 1260; x_wconf 90' lang='lat' dir='ltr'><strong>ab</strong></span> <span class='ocrx_word' id='word_1_69' title='bbox 439 1220 599 1260; x_wconf 88' lang='lat' dir='ltr'><strong>eadem</strong></span> <span class='ocrx_word' id='word_1_70' title='bbox 641 1220 772 1274; x_wconf 86' lang='lat' dir='ltr'><strong>leges</strong></span> <span class='ocrx_word' id='word_1_71' title='bbox 814 1221 990 1273; x_wconf 89' lang='lat' dir='ltr'><strong>accipit</strong></span> 
     </span>
     <span class='ocr_line' id='line_1_19' title="bbox 279 1276 476 1316; baseline -0.005 0"><span class='ocrx_word' id='word_1_72' title='bbox 279 1279 359 1316; x_wconf 77' lang='lat'><strong>223</strong></span> <span class='ocrx_word' id='word_1_73' title='bbox 374 1277 415 1316; x_wconf 88' lang='lat' dir='ltr'><strong>b.</strong></span> <span class='ocrx_word' id='word_1_74' title='bbox 433 1276 476 1316; x_wconf 88' lang='lat' dir='ltr'><strong>d.</strong></span> 
     </span>
     <span class='ocr_line' id='line_1_20' title="bbox 221 1332 850 1385; baseline 0.003 -14"><span class='ocrx_word' id='word_1_75' title='bbox 221 1333 361 1385; x_wconf 75' lang='lat' dir='ltr'><strong>Lydi,</strong></span> <span class='ocrx_word' id='word_1_76' title='bbox 384 1332 493 1371; x_wconf 82' lang='lat' dir='ltr'><strong>olim</strong></span> <span class='ocrx_word' id='word_1_77' title='bbox 514 1334 719 1373; x_wconf 88' lang='lat' dir='ltr'><strong>Maeones</strong></span> <span class='ocrx_word' id='word_1_78' title='bbox 742 1333 795 1373; x_wconf 85' lang='lat'><strong>55</strong></span> <span class='ocrx_word' id='word_1_79' title='bbox 809 1332 850 1374; x_wconf 88' lang='lat' dir='ltr'><strong>d.</strong></span> 
     </span>
     <span class='ocr_line' id='line_1_21' title="bbox 221 1389 543 1440; baseline 0 -12"><span class='ocrx_word' id='word_1_80' title='bbox 221 1389 389 1440; x_wconf 80' lang='lat' dir='ltr'><strong>Lysias</strong></span> <span class='ocrx_word' id='word_1_81' title='bbox 410 1390 493 1430; x_wconf 88' lang='grc'><strong>462</strong></span> <span class='ocrx_word' id='word_1_82' title='bbox 506 1403 543 1429; x_wconf 87' lang='lat' dir='ltr'><strong>c.</strong></span> 
     </span>
     <span class='ocr_line' id='line_1_22' title="bbox 220 1445 989 1498; baseline 0 -13"><span class='ocrx_word' id='word_1_83' title='bbox 220 1445 526 1496; x_wconf 88' lang='lat' dir='ltr'><strong>Lysimachus</strong></span> <span class='ocrx_word' id='word_1_84' title='bbox 559 1445 614 1486; x_wconf 91' lang='lat' dir='ltr'><strong>de</strong></span> <span class='ocrx_word' id='word_1_85' title='bbox 646 1446 781 1486; x_wconf 85' lang='lat' dir='ltr'><strong>furtis</strong></span> <span class='ocrx_word' id='word_1_86' title='bbox 813 1445 989 1498; x_wconf 87' lang='lat' dir='ltr'>Ephori</span> 
     </span>
    </p>
   </div>
   <div class='ocr_carea' id='block_1_3' title="bbox 219 1667 992 2958">
    <p class='ocr_par' dir='ltr' id='par_1_3' title="bbox 219 1667 991 2442">
     <span class='ocr_line' id='line_1_23' title="bbox 220 1667 988 1722; baseline 0.005 -15"><span class='ocrx_word' id='word_1_87' title='bbox 220 1669 413 1708; x_wconf 78' lang='lat' dir='ltr'>Macedo</span> <span class='ocrx_word' id='word_1_88' title='bbox 434 1667 555 1709; x_wconf 91' lang='lat' dir='ltr'><strong>filius</strong></span> <span class='ocrx_word' id='word_1_89' title='bbox 583 1668 805 1722; x_wconf 83' lang='lat' dir='ltr'><strong>Osiridis,</strong></span> <span class='ocrx_word' id='word_1_90' title='bbox 836 1670 988 1711; x_wconf 80' lang='lat' dir='ltr'><strong>Mace-</strong></span> 
     </span>
     <span class='ocr_line' id='line_1_24' title="bbox 279 1724 655 1766; baseline 0.005 -2"><span class='ocrx_word' id='word_1_91' title='bbox 279 1724 426 1765; x_wconf 87' lang='lat' dir='ltr'><strong>doniae</strong></span> <span class='ocrx_word' id='word_1_92' title='bbox 450 1738 528 1766; x_wconf 84' lang='lat' dir='ltr'><strong>rex</strong></span> <span class='ocrx_word' id='word_1_93' title='bbox 547 1727 604 1766; x_wconf 88' lang='lat'><strong>46</strong></span> <span class='ocrx_word' id='word_1_94' title='bbox 617 1739 655 1766; x_wconf 84' lang='lat' dir='ltr'><strong>e.</strong></span> 
     </span>
     <span class='ocr_line' id='line_1_25' title="bbox 219 1781 911 1825; baseline 0.006 -5"><span class='ocrx_word' id='word_1_95' title='bbox 219 1781 392 1822; x_wconf 90' lang='lat' dir='ltr'><strong>Macris</strong></span> <span class='ocrx_word' id='word_1_96' title='bbox 414 1783 567 1821; x_wconf 81' lang='lat' dir='ltr'><strong>nutrix</strong></span> <span class='ocrx_word' id='word_1_97' title='bbox 586 1782 782 1822; x_wconf 86' lang='lat' dir='ltr'><strong>Junonis</strong></span> <span class='ocrx_word' id='word_1_98' title='bbox 804 1782 911 1825; x_wconf 83' lang='grc'><strong>841).</strong></span> 
     </span>
     <span class='ocr_line' id='line_1_26' title="bbox 219 1837 913 1890; baseline 0.004 -14"><span class='ocrx_word' id='word_1_99' title='bbox 219 1837 447 1885; x_wconf 78' lang='lat' dir='ltr'><strong>Maeones,</strong></span> <span class='ocrx_word' id='word_1_100' title='bbox 479 1842 642 1890; x_wconf 90' lang='lat' dir='ltr'><strong>postea</strong></span> <span class='ocrx_word' id='word_1_101' title='bbox 664 1838 784 1890; x_wconf 84' lang='lat' dir='ltr'><strong>Lydi</strong></span> <span class='ocrx_word' id='word_1_102' title='bbox 805 1839 859 1879; x_wconf 88' lang='lat'><strong>55</strong></span> <span class='ocrx_word' id='word_1_103' title='bbox 871 1839 913 1881; x_wconf 91' lang='lat' dir='ltr'><strong>d.</strong></span> 
     </span>
     <span class='ocr_line' id='line_1_27' title="bbox 220 1893 988 1946; baseline 0.005 -16"><span class='ocrx_word' id='word_1_104' title='bbox 220 1893 362 1946; x_wconf 83' lang='lat' dir='ltr'><strong>Magi.</strong></span> <span class='ocrx_word' id='word_1_105' title='bbox 406 1894 457 1935; x_wconf 93' lang='lat' dir='ltr'><strong>V.</strong></span> <span class='ocrx_word' id='word_1_106' title='bbox 482 1894 573 1934; x_wconf 88' lang='lat' dir='ltr'><strong>Dii.</strong></span> <span class='ocrx_word' id='word_1_107' title='bbox 620 1894 747 1934; x_wconf 85' lang='lat' dir='ltr'><strong>Deos</strong></span> <span class='ocrx_word' id='word_1_108' title='bbox 777 1898 988 1946; x_wconf 88' lang='lat' dir='ltr'><strong>evocant,</strong></span> 
     </span>
     <span class='ocr_line' id='line_1_28' title="bbox 275 1949 919 2002; baseline 0.008 -13"><span class='ocrx_word' id='word_1_109' title='bbox 275 1949 448 2002; x_wconf 86' lang='lat' dir='ltr'><strong>ligant,</strong></span> <span class='ocrx_word' id='word_1_110' title='bbox 475 1949 660 1991; x_wconf 87' lang='lat' dir='ltr'><strong>solvunt</strong></span> <span class='ocrx_word' id='word_1_111' title='bbox 683 1952 919 1994; x_wconf 82' lang='lat'>193—195.</span> 
     </span>
     <span class='ocr_line' id='line_1_29' title="bbox 251 2007 758 2047; baseline 0 -1"><span class='ocrx_word' id='word_1_112' title='bbox 251 2027 302 2033; x_wconf 86' lang='lat'>—</span> <span class='ocrx_word' id='word_1_113' title='bbox 327 2019 403 2046; x_wconf 91' lang='lat' dir='ltr'><strong>eos</strong></span> <span class='ocrx_word' id='word_1_114' title='bbox 427 2009 603 2047; x_wconf 83' lang='lat' dir='ltr'><strong>terrent</strong></span> <span class='ocrx_word' id='word_1_115' title='bbox 626 2007 704 2047; x_wconf 88' lang='grc'><strong>198</strong></span> <span class='ocrx_word' id='word_1_116' title='bbox 718 2021 758 2047; x_wconf 84' lang='grc'><strong>3.</strong></span> 
     </span>
     <span class='ocr_line' id='line_1_30' title="bbox 247 2063 989 2104; baseline 0.003 -3"><span class='ocrx_word' id='word_1_117' title='bbox 247 2083 302 2090; x_wconf 86' lang='grc'><strong>-</strong></span> <span class='ocrx_word' id='word_1_118' title='bbox 352 2063 612 2104; x_wconf 88' lang='lat' dir='ltr'><strong>nominibus</strong></span> <span class='ocrx_word' id='word_1_119' title='bbox 670 2063 882 2103; x_wconf 87' lang='lat' dir='ltr'><strong>barbaris</strong></span> <span class='ocrx_word' id='word_1_120' title='bbox 943 2067 989 2104; x_wconf 89' lang='lat' dir='ltr'><strong>et</strong></span> 
     </span>
     <span class='ocr_line' id='line_1_31' title="bbox 277 2110 725 2170; baseline 0.007 -12"><span class='ocrx_word' id='word_1_121' title='bbox 277 2110 479 2170; x_wconf 75' lang='grc' dir='ltr'><em>οἷσήαοις</em></span> <span class='ocrx_word' id='word_1_122' title='bbox 501 2120 573 2159; x_wconf 87' lang='lat' dir='ltr'><strong>usi</strong></span> <span class='ocrx_word' id='word_1_123' title='bbox 592 2121 671 2160; x_wconf 86' lang='lat'>198</span> <span class='ocrx_word' id='word_1_124' title='bbox 684 2119 725 2162; x_wconf 79' lang='lat' dir='ltr'><strong>d,</strong></span> 
     </span>
     <span class='ocr_line' id='line_1_32' title="bbox 252 2175 730 2218; baseline 0.006 -4"><span class='ocrx_word' id='word_1_125' title='bbox 252 2197 301 2202; x_wconf 74' lang='lat'>—</span> <span class='ocrx_word' id='word_1_126' title='bbox 326 2175 572 2215; x_wconf 87' lang='lat' dir='ltr'><strong>Persarum</strong></span> <span class='ocrx_word' id='word_1_127' title='bbox 595 2177 676 2216; x_wconf 84' lang='lat'>471</span> <span class='ocrx_word' id='word_1_128' title='bbox 689 2189 730 2218; x_wconf 82' lang='lat' dir='ltr'><strong>a.</strong></span> 
     </span>
     <span class='ocr_line' id='line_1_33' title="bbox 220 2230 989 2283; baseline 0.003 -14"><span class='ocrx_word' id='word_1_129' title='bbox 220 2230 521 2283; x_wconf 79' lang='lat' dir='ltr'><strong>Magistratus</strong></span> <span class='ocrx_word' id='word_1_130' title='bbox 582 2231 740 2283; x_wconf 84' lang='lat' dir='ltr'><strong>quales</strong></span> <span class='ocrx_word' id='word_1_131' title='bbox 798 2231 989 2273; x_wconf 89' lang='lat' dir='ltr'><strong>Platoni</strong></span> 
     </span>
     <span class='ocr_line' id='line_1_34' title="bbox 277 2288 845 2338; baseline 0.002 -12"><span class='ocrx_word' id='word_1_132' title='bbox 277 2288 529 2338; x_wconf 77' lang='lat' dir='ltr'><strong>probentur</strong></span> <span class='ocrx_word' id='word_1_133' title='bbox 550 2289 631 2329; x_wconf 89' lang='lat'><strong>581</strong></span> <span class='ocrx_word' id='word_1_134' title='bbox 645 2301 684 2330; x_wconf 88' lang='lat' dir='ltr'><strong>c.</strong></span> <span class='ocrx_word' id='word_1_135' title='bbox 711 2289 794 2329; x_wconf 84' lang='lat'><strong>589</strong></span> <span class='ocrx_word' id='word_1_136' title='bbox 805 2288 845 2328; x_wconf 90' lang='lat' dir='ltr'><strong>d.</strong></span> 
     </span>
     <span class='ocr_line' id='line_1_35' title="bbox 248 2344 991 2397; baseline 0.003 -15"><span class='ocrx_word' id='word_1_137' title='bbox 248 2365 302 2370; x_wconf 93' lang='grc'><strong>-</strong></span> <span class='ocrx_word' id='word_1_138' title='bbox 325 2344 483 2396; x_wconf 85' lang='lat' dir='ltr'><strong>defugi</strong></span> <span class='ocrx_word' id='word_1_139' title='bbox 506 2350 721 2397; x_wconf 86' lang='lat' dir='ltr'><strong>possunt,</strong></span> <span class='ocrx_word' id='word_1_140' title='bbox 757 2357 811 2384; x_wconf 85' lang='lat' dir='ltr'><strong>ex</strong></span> <span class='ocrx_word' id='word_1_141' title='bbox 833 2345 991 2386; x_wconf 90' lang='lat' dir='ltr'><strong>eodem</strong></span> 
     </span>
     <span class='ocr_line' id='line_1_36' title="bbox 277 2400 412 2442; baseline 0.015 -3"><span class='ocrx_word' id='word_1_142' title='bbox 277 2400 358 2440; x_wconf 84' lang='grc'><strong>582</strong></span> <span class='ocrx_word' id='word_1_143' title='bbox 372 2400 412 2442; x_wconf 89' lang='lat' dir='ltr'><strong>d.</strong></span> 
     </span>
    </p>

    <p class='ocr_par' dir='ltr' id='par_1_4' title="bbox 249 2455 992 2619">
     <span class='ocr_line' id='line_1_37' title="bbox 249 2455 992 2508; baseline 0.004 -14"><span class='ocrx_word' id='word_1_144' title='bbox 249 2478 298 2483; x_wconf 87' lang='lat'>—</span> <span class='ocrx_word' id='word_1_145' title='bbox 331 2455 663 2508; x_wconf 81' lang='lat' dir='ltr'><strong>rempublicam</strong></span> <span class='ocrx_word' id='word_1_146' title='bbox 700 2457 903 2498; x_wconf 88' lang='lat' dir='ltr'><strong>divinum</strong></span> <span class='ocrx_word' id='word_1_147' title='bbox 934 2457 992 2497; x_wconf 87' lang='lat' dir='ltr'><strong>ad</strong></span> 
     </span>
     <span class='ocr_line' id='line_1_38' title="bbox 278 2512 935 2564; baseline 0.008 -14"><span class='ocrx_word' id='word_1_148' title='bbox 278 2512 509 2564; x_wconf 78' lang='lat' dir='ltr'><strong>exemplar</strong></span> <span class='ocrx_word' id='word_1_149' title='bbox 529 2513 816 2553; x_wconf 80' lang='lat' dir='ltr'><strong>conformant</strong></span> <span class='ocrx_word' id='word_1_150' title='bbox 837 2515 935 2556; x_wconf 87' lang='lat'>593.</span> 
     </span>
     <span class='ocr_line' id='line_1_39' title="bbox 251 2568 992 2619; baseline 0.005 -13"><span class='ocrx_word' id='word_1_151' title='bbox 251 2590 301 2595; x_wconf 84' lang='lat'>—</span> <span class='ocrx_word' id='word_1_152' title='bbox 326 2568 456 2608; x_wconf 87' lang='lat' dir='ltr'><strong>aurei</strong></span> <span class='ocrx_word' id='word_1_153' title='bbox 506 2574 632 2619; x_wconf 88' lang='lat' dir='ltr'><strong>sunt,</strong></span> <span class='ocrx_word' id='word_1_154' title='bbox 694 2583 748 2609; x_wconf 81' lang='lat' dir='ltr'><strong>ex</strong></span> <span class='ocrx_word' id='word_1_155' title='bbox 795 2569 992 2610; x_wconf 87' lang='lat' dir='ltr'><strong>Platone</strong></span> 
     </span>
    </p>

    <p class='ocr_par' dir='ltr' id='par_1_5' title="bbox 220 2625 992 2958">
     <span class='ocr_line' id='line_1_40' title="bbox 278 2625 412 2665; baseline 0.015 -2"><span class='ocrx_word' id='word_1_156' title='bbox 278 2625 359 2664; x_wconf 81' lang='lat'><strong>613</strong></span> <span class='ocrx_word' id='word_1_157' title='bbox 374 2638 412 2665; x_wconf 86' lang='lat' dir='ltr'><strong>c,</strong></span> 
     </span>
     <span class='ocr_line' id='line_1_41' title="bbox 221 2680 520 2732; baseline 0.01 -13"><span class='ocrx_word' id='word_1_158' title='bbox 221 2682 388 2732; x_wconf 85' lang='lat' dir='ltr'><strong>Magus</strong></span> <span class='ocrx_word' id='word_1_159' title='bbox 411 2683 464 2721; x_wconf 87' lang='lat'><strong>35</strong></span> <span class='ocrx_word' id='word_1_160' title='bbox 480 2680 520 2722; x_wconf 91' lang='lat' dir='ltr'><strong>d.</strong></span> 
     </span>
     <span class='ocr_line' id='line_1_42' title="bbox 221 2736 780 2787; baseline 0.002 -11"><span class='ocrx_word' id='word_1_161' title='bbox 221 2736 449 2787; x_wconf 79' lang='lat' dir='ltr'><strong>Magusaei</strong></span> <span class='ocrx_word' id='word_1_162' title='bbox 468 2736 623 2776; x_wconf 83' lang='lat' dir='ltr'><strong>Persae</strong></span> <span class='ocrx_word' id='word_1_163' title='bbox 647 2737 780 2777; x_wconf 80' lang='lat'>2750.</span> 
     </span>
     <span class='ocr_line' id='line_1_43' title="bbox 240 2791 988 2834; baseline 0.004 -3"><span class='ocrx_word' id='word_1_164' title='bbox 240 2813 292 2819; x_wconf 88' lang='lat'><strong>—</strong></span> <span class='ocrx_word' id='word_1_165' title='bbox 303 2791 426 2833; x_wconf 88' lang='lat' dir='ltr'><strong>filias</strong></span> <span class='ocrx_word' id='word_1_166' title='bbox 438 2805 599 2833; x_wconf 82' lang='lat' dir='ltr'><strong>uxores</strong></span> <span class='ocrx_word' id='word_1_167' title='bbox 610 2791 843 2833; x_wconf 86' lang='lat' dir='ltr'><strong>ducebant</strong></span> <span class='ocrx_word' id='word_1_168' title='bbox 853 2795 934 2834; x_wconf 83' lang='lat'><strong>279</strong></span> <span class='ocrx_word' id='word_1_169' title='bbox 948 2807 988 2834; x_wconf 84' lang='lat' dir='ltr'><strong>a.</strong></span> 
     </span>
     <span class='ocr_line' id='line_1_44' title="bbox 220 2848 992 2901; baseline 0.004 -14"><span class='ocrx_word' id='word_1_170' title='bbox 220 2850 372 2888; x_wconf 82' lang='lat' dir='ltr'><strong>Ma&#39;ior</strong></span> <span class='ocrx_word' id='word_1_171' title='bbox 400 2848 609 2901; x_wconf 84' lang='lat' dir='ltr'><strong>sophista</strong></span> <span class='ocrx_word' id='word_1_172' title='bbox 631 2849 715 2890; x_wconf 84' lang='lat'><strong>404</strong></span> <span class='ocrx_word' id='word_1_173' title='bbox 727 2862 766 2888; x_wconf 89' lang='lat' dir='ltr'><strong>a.</strong></span> <span class='ocrx_word' id='word_1_174' title='bbox 805 2850 858 2890; x_wconf 90' lang='lat' dir='ltr'><strong>V.</strong></span> <span class='ocrx_word' id='word_1_175' title='bbox 881 2850 992 2891; x_wconf 83' lang='lat' dir='ltr'><strong>Rei-</strong></span> 
     </span>
     <span class='ocr_line' id='line_1_45' title="bbox 277 2905 848 2958; baseline 0.004 -15"><span class='ocrx_word' id='word_1_176' title='bbox 277 2917 375 2944; x_wconf 88' lang='lat' dir='ltr'><strong>nes.</strong></span> <span class='ocrx_word' id='word_1_177' title='bbox 398 2905 507 2947; x_wconf 89' lang='lat' dir='ltr'><strong>Var.</strong></span> <span class='ocrx_word' id='word_1_178' title='bbox 530 2906 660 2946; x_wconf 85' lang='lat' dir='ltr'><strong>Lect.</strong></span> <span class='ocrx_word' id='word_1_179' title='bbox 683 2919 726 2958; x_wconf 92' lang='lat' dir='ltr'><strong>p.</strong></span> <span class='ocrx_word' id='word_1_180' title='bbox 750 2907 848 2946; x_wconf 86' lang='lat'>344.</span> 
     </span>
    </p>
   </div>
   <div class='ocr_carea' id='block_1_4' title="bbox 1078 262 1852 1047">
    <p class='ocr_par' dir='ltr' id='par_1_6' title="bbox 1078 262 1852 1047">
     <span class='ocr_line' id='line_1_46' title="bbox 1081 262 1845 316; baseline 0.003 -12"><span class='ocrx_word' id='word_1_181' title='bbox 1081 262 1309 314; x_wconf 84' lang='lat' dir='ltr'><strong>Malchas,</strong></span> <span class='ocrx_word' id='word_1_182' title='bbox 1334 265 1409 316; x_wconf 90' lang='lat' dir='ltr'><strong>qui</strong></span> <span class='ocrx_word' id='word_1_183' title='bbox 1425 267 1471 304; x_wconf 90' lang='lat' dir='ltr'><strong>et</strong></span> <span class='ocrx_word' id='word_1_184' title='bbox 1482 264 1766 316; x_wconf 86' lang='lat' dir='ltr'><strong>Cleodemus,</strong></span> <span class='ocrx_word' id='word_1_185' title='bbox 1791 263 1845 306; x_wconf 90' lang='lat' dir='ltr'><strong>de</strong></span> 
     </span>
     <span class='ocr_line' id='line_1_47' title="bbox 1137 317 1676 372; baseline 0.004 -11"><span class='ocrx_word' id='word_1_186' title='bbox 1137 317 1175 361; x_wconf 86' lang='lat' dir='ltr'><strong>J</strong></span> <span class='ocrx_word' id='word_1_187' title='bbox 1170 319 1314 361; x_wconf 84' lang='lat' dir='ltr'><strong>udaeis</strong></span> <span class='ocrx_word' id='word_1_188' title='bbox 1337 320 1522 372; x_wconf 83' lang='lat' dir='ltr'><strong>scripsit</strong></span> <span class='ocrx_word' id='word_1_189' title='bbox 1541 322 1624 361; x_wconf 87' lang='grc'><strong>422</strong></span> <span class='ocrx_word' id='word_1_190' title='bbox 1637 334 1676 364; x_wconf 89' lang='lat' dir='ltr'><strong>a.</strong></span> 
     </span>
     <span class='ocr_line' id='line_1_48' title="bbox 1080 375 1852 420; baseline 0.003 -6"><span class='ocrx_word' id='word_1_191' title='bbox 1080 375 1254 416; x_wconf 88' lang='lat' dir='ltr'><strong>Malum</strong></span> <span class='ocrx_word' id='word_1_192' title='bbox 1275 389 1365 417; x_wconf 90' lang='lat' dir='ltr'><strong>non</strong></span> <span class='ocrx_word' id='word_1_193' title='bbox 1389 389 1415 416; x_wconf 90' lang='lat' dir='ltr'><strong>a</strong></span> <span class='ocrx_word' id='word_1_194' title='bbox 1447 379 1642 416; x_wconf 82' lang='lat' dir='ltr'><strong>materia</strong></span> <span class='ocrx_word' id='word_1_195' title='bbox 1663 379 1759 420; x_wconf 88' lang='grc'><strong>337.</strong></span> <span class='ocrx_word' id='word_1_196' title='bbox 1805 379 1852 418; x_wconf 90' lang='lat' dir='ltr'><strong>et</strong></span> 
     </span>
     <span class='ocr_line' id='line_1_49' title="bbox 1139 445 1234 484; baseline -0.021 -11"><span class='ocrx_word' id='word_1_197' title='bbox 1139 445 1234 484; x_wconf 88' lang='lat' dir='ltr'><strong>seq.</strong></span> 
     </span>
     <span class='ocr_line' id='line_1_50' title="bbox 1080 487 1849 542; baseline 0 -14"><span class='ocrx_word' id='word_1_198' title='bbox 1080 487 1324 528; x_wconf 87' lang='lat' dir='ltr'><strong>Manethos</strong></span> <span class='ocrx_word' id='word_1_199' title='bbox 1334 489 1581 542; x_wconf 87' lang='lat' dir='ltr'><strong>AEgyptius</strong></span> <span class='ocrx_word' id='word_1_200' title='bbox 1601 487 1849 529; x_wconf 89' lang='lat' dir='ltr'><strong>historicus</strong></span> 
     </span>
     <span class='ocr_line' id='line_1_51' title="bbox 1136 544 1848 586; baseline 0 -2"><span class='ocrx_word' id='word_1_201' title='bbox 1136 546 1242 584; x_wconf 77' lang='lat'>440.</span> <span class='ocrx_word' id='word_1_202' title='bbox 1266 545 1318 585; x_wconf 84' lang='lat'><strong>88</strong></span> <span class='ocrx_word' id='word_1_203' title='bbox 1331 557 1370 584; x_wconf 88' lang='lat' dir='ltr'><strong>a.</strong></span> <span class='ocrx_word' id='word_1_204' title='bbox 1396 546 1475 586; x_wconf 85' lang='lat'><strong>155</strong></span> <span class='ocrx_word' id='word_1_205' title='bbox 1488 545 1528 586; x_wconf 93' lang='grc'><strong>(1.</strong></span> <span class='ocrx_word' id='word_1_206' title='bbox 1558 545 1640 584; x_wconf 88' lang='grc'><strong>415</strong></span> <span class='ocrx_word' id='word_1_207' title='bbox 1653 544 1694 584; x_wconf 87' lang='grc'><strong>(1.</strong></span> <span class='ocrx_word' id='word_1_208' title='bbox 1716 546 1798 586; x_wconf 88' lang='grc'><strong>500</strong></span> <span class='ocrx_word' id='word_1_209' title='bbox 1810 557 1848 585; x_wconf 88' lang='lat' dir='ltr'><strong>c.</strong></span> 
     </span>
     <span class='ocr_line' id='line_1_52' title="bbox 1086 600 1713 653; baseline 0.002 -14"><span class='ocrx_word' id='word_1_210' title='bbox 1086 601 1250 642; x_wconf 87' lang='lat' dir='ltr'><strong>Manus</strong></span> <span class='ocrx_word' id='word_1_211' title='bbox 1274 600 1383 653; x_wconf 92' lang='lat' dir='ltr'><strong>quid</strong></span> <span class='ocrx_word' id='word_1_212' title='bbox 1403 601 1451 640; x_wconf 92' lang='lat' dir='ltr'><strong>in</strong></span> <span class='ocrx_word' id='word_1_213' title='bbox 1473 600 1557 642; x_wconf 90' lang='lat' dir='ltr'><strong>deo</strong></span> <span class='ocrx_word' id='word_1_214' title='bbox 1580 602 1662 642; x_wconf 85' lang='lat'><strong>376</strong></span> <span class='ocrx_word' id='word_1_215' title='bbox 1673 600 1713 640; x_wconf 90' lang='lat' dir='ltr'><strong>d.</strong></span> 
     </span>
     <span class='ocr_line' id='line_1_53' title="bbox 1081 656 1850 709; baseline 0 -13"><span class='ocrx_word' id='word_1_216' title='bbox 1081 656 1209 698; x_wconf 89' lang='lat' dir='ltr'><strong>Mare</strong></span> <span class='ocrx_word' id='word_1_217' title='bbox 1252 657 1473 709; x_wconf 89' lang='lat' dir='ltr'><strong>quomodo</strong></span> <span class='ocrx_word' id='word_1_218' title='bbox 1515 656 1761 704; x_wconf 86' lang='lat' dir='ltr'><strong>coaluerit,</strong></span> <span class='ocrx_word' id='word_1_219' title='bbox 1803 660 1850 697; x_wconf 88' lang='lat' dir='ltr'><strong>et</strong></span> 
     </span>
     <span class='ocr_line' id='line_1_54' title="bbox 1140 713 1688 754; baseline 0.002 -2"><span class='ocrx_word' id='word_1_220' title='bbox 1140 726 1220 753; x_wconf 90' lang='lat' dir='ltr'><strong>cur</strong></span> <span class='ocrx_word' id='word_1_221' title='bbox 1242 726 1445 753; x_wconf 88' lang='lat' dir='ltr'><strong>amarum</strong></span> <span class='ocrx_word' id='word_1_222' title='bbox 1467 713 1529 754; x_wconf 87' lang='lat' dir='ltr'><strong>sit</strong></span> <span class='ocrx_word' id='word_1_223' title='bbox 1549 714 1629 754; x_wconf 86' lang='lat'>851</span> <span class='ocrx_word' id='word_1_224' title='bbox 1641 726 1688 753; x_wconf 89' lang='lat' dir='ltr'><strong>a.</strong></span> 
     </span>
     <span class='ocr_line' id='line_1_55' title="bbox 1080 768 1848 810; baseline -0.001 -1"><span class='ocrx_word' id='word_1_225' title='bbox 1080 769 1254 810; x_wconf 85' lang='lat' dir='ltr'><strong>Marius</strong></span> <span class='ocrx_word' id='word_1_226' title='bbox 1283 770 1562 810; x_wconf 88' lang='lat' dir='ltr'><strong>Averruncis</strong></span> <span class='ocrx_word' id='word_1_227' title='bbox 1594 768 1737 810; x_wconf 87' lang='lat' dir='ltr'><strong>filiam</strong></span> <span class='ocrx_word' id='word_1_228' title='bbox 1766 769 1848 808; x_wconf 91' lang='lat' dir='ltr'><strong>im-</strong></span> 
     </span>
     <span class='ocr_line' id='line_1_56' title="bbox 1136 825 1488 868; baseline 0.009 -3"><span class='ocrx_word' id='word_1_229' title='bbox 1136 825 1330 867; x_wconf 84' lang='lat' dir='ltr'><strong>molavit</strong></span> <span class='ocrx_word' id='word_1_230' title='bbox 1354 827 1432 867; x_wconf 85' lang='lat'>157</span> <span class='ocrx_word' id='word_1_231' title='bbox 1446 826 1488 868; x_wconf 93' lang='lat' dir='ltr'><strong>d.</strong></span> 
     </span>
     <span class='ocr_line' id='line_1_57' title="bbox 1078 873 1789 934; baseline 0.004 -15"><span class='ocrx_word' id='word_1_232' title='bbox 1078 880 1199 922; x_wconf 84' lang='lat' dir='ltr'><strong>Mars</strong></span> <span class='ocrx_word' id='word_1_233' title='bbox 1212 873 1347 934; x_wconf 84' lang='grc' dir='ltr'><strong><em>’Ἁρης</em></strong></span> <span class='ocrx_word' id='word_1_234' title='bbox 1368 882 1487 922; x_wconf 89' lang='lat' dir='ltr'><strong>unde</strong></span> <span class='ocrx_word' id='word_1_235' title='bbox 1509 881 1658 922; x_wconf 87' lang='lat' dir='ltr'><strong>dictus</strong></span> <span class='ocrx_word' id='word_1_236' title='bbox 1679 881 1733 922; x_wconf 84' lang='lat'><strong>85</strong></span> <span class='ocrx_word' id='word_1_237' title='bbox 1745 894 1789 923; x_wconf 84' lang='lat' dir='ltr'><strong>a.</strong></span> 
     </span>
     <span class='ocr_line' id='line_1_58' title="bbox 1107 939 1573 991; baseline 0 -13"><span class='ocrx_word' id='word_1_238' title='bbox 1107 959 1160 966; x_wconf 91' lang='lat'><strong>-—</strong></span> <span class='ocrx_word' id='word_1_239' title='bbox 1182 939 1253 978; x_wconf 89' lang='lat' dir='ltr'><strong>vis</strong></span> <span class='ocrx_word' id='word_1_240' title='bbox 1275 939 1414 991; x_wconf 88' lang='lat' dir='ltr'><strong>ignea</strong></span> <span class='ocrx_word' id='word_1_241' title='bbox 1437 939 1573 979; x_wconf 86' lang='lat' dir='ltr'>114b.</span> 
     </span>
     <span class='ocr_line' id='line_1_59' title="bbox 1106 987 1800 1047; baseline -0.001 -13"><span class='ocrx_word' id='word_1_242' title='bbox 1106 1016 1161 1022; x_wconf 89' lang='lat'><strong>—</strong></span> <span class='ocrx_word' id='word_1_243' title='bbox 1200 987 1586 1047; x_wconf 76' lang='grc' dir='ltr'><strong><em>οἷνθρωποθυσίᾳ</em></strong></span> <span class='ocrx_word' id='word_1_244' title='bbox 1653 993 1800 1034; x_wconf 87' lang='lat' dir='ltr'><strong>cultus</strong></span> 
     </span>
    </p>
   </div>
   <div class='ocr_carea' id='block_1_5' title="bbox 1037 1106 1565 1156">
    <p class='ocr_par' dir='ltr' id='par_1_7' title="bbox 1037 1106 1565 1156">
     <span class='ocr_line' id='line_1_60' title="bbox 1037 1106 1565 1156; baseline 0.002 -12"><span class='ocrx_word' id='word_1_245' title='bbox 1037 1153 1043 1156; x_wconf 19' lang='grc' dir='ltr'><strong>ῃ</strong></span> <span class='ocrx_word' id='word_1_246' title='bbox 1076 1106 1242 1146; x_wconf 87' lang='lat' dir='ltr'><strong>Martis</strong></span> <span class='ocrx_word' id='word_1_247' title='bbox 1266 1106 1407 1147; x_wconf 88' lang='lat' dir='ltr'><strong>stella</strong></span> <span class='ocrx_word' id='word_1_248' title='bbox 1429 1108 1511 1147; x_wconf 90' lang='grc'><strong>275</strong></span> <span class='ocrx_word' id='word_1_249' title='bbox 1525 1119 1565 1145; x_wconf 85' lang='grc'><strong>3.</strong></span> 
     </span>
    </p>
   </div>
   <div class='ocr_carea' id='block_1_6' title="bbox 1073 1161 1848 2958">
    <p class='ocr_par' dir='ltr' id='par_1_8' title="bbox 1077 1161 1846 1260">
     <span class='ocr_line' id='line_1_61' title="bbox 1077 1161 1846 1216; baseline -0.001 -14"><span class='ocrx_word' id='word_1_250' title='bbox 1077 1162 1307 1215; x_wconf 85' lang='lat' dir='ltr'><strong>Martyres</strong></span> <span class='ocrx_word' id='word_1_251' title='bbox 1332 1175 1466 1216; x_wconf 79' lang='lat' dir='ltr'><strong>quam</strong></span> <span class='ocrx_word' id='word_1_252' title='bbox 1488 1162 1705 1215; x_wconf 88' lang='lat' dir='ltr'><strong>religiose</strong></span> <span class='ocrx_word' id='word_1_253' title='bbox 1731 1161 1846 1202; x_wconf 88' lang='lat' dir='ltr'><strong>culti</strong></span> 
     </span>
     <span class='ocr_line' id='line_1_62' title="bbox 1135 1220 1268 1260; baseline 0 -1"><span class='ocrx_word' id='word_1_254' title='bbox 1135 1220 1215 1260; x_wconf 89' lang='lat'><strong>663</strong></span> <span class='ocrx_word' id='word_1_255' title='bbox 1230 1232 1268 1259; x_wconf 90' lang='lat' dir='ltr'><strong>c.</strong></span> 
     </span>
    </p>

    <p class='ocr_par' dir='ltr' id='par_1_9' title="bbox 1076 1274 1848 1438">
     <span class='ocr_line' id='line_1_63' title="bbox 1077 1274 1848 1328; baseline 0.001 -14"><span class='ocrx_word' id='word_1_256' title='bbox 1077 1275 1356 1328; x_wconf 59' lang='lat' dir='ltr'><strong>Massagetae</strong></span> <span class='ocrx_word' id='word_1_257' title='bbox 1388 1288 1522 1316; x_wconf 91' lang='lat' dir='ltr'><strong>senes</strong></span> <span class='ocrx_word' id='word_1_258' title='bbox 1553 1274 1660 1315; x_wconf 90' lang='lat' dir='ltr'><strong>olim</strong></span> <span class='ocrx_word' id='word_1_259' title='bbox 1688 1275 1848 1315; x_wconf 89' lang='lat' dir='ltr'><strong>immo-</strong></span> 
     </span>
     <span class='ocr_line' id='line_1_64' title="bbox 1132 1330 1772 1373; baseline -0.002 -2"><span class='ocrx_word' id='word_1_260' title='bbox 1132 1331 1231 1372; x_wconf 90' lang='lat' dir='ltr'><strong>lare</strong></span> <span class='ocrx_word' id='word_1_261' title='bbox 1256 1345 1312 1372; x_wconf 88' lang='lat' dir='ltr'><strong>ac</strong></span> <span class='ocrx_word' id='word_1_262' title='bbox 1334 1345 1497 1373; x_wconf 90' lang='lat' dir='ltr'><strong>vorare</strong></span> <span class='ocrx_word' id='word_1_263' title='bbox 1521 1331 1646 1371; x_wconf 90' lang='lat' dir='ltr'><strong>soliti</strong></span> <span class='ocrx_word' id='word_1_264' title='bbox 1669 1331 1716 1370; x_wconf 89' lang='lat'>11</span> <span class='ocrx_word' id='word_1_265' title='bbox 1731 1330 1772 1370; x_wconf 92' lang='lat' dir='ltr'><strong>d.</strong></span> 
     </span>
     <span class='ocr_line' id='line_1_65' title="bbox 1076 1385 1846 1438; baseline -0.004 -9"><span class='ocrx_word' id='word_1_266' title='bbox 1076 1389 1230 1429; x_wconf 90' lang='lat' dir='ltr'><strong>Mater</strong></span> <span class='ocrx_word' id='word_1_267' title='bbox 1272 1388 1419 1430; x_wconf 88' lang='lat' dir='ltr'><strong>deum.</strong></span> <span class='ocrx_word' id='word_1_268' title='bbox 1479 1385 1593 1438; x_wconf 88' lang='lat' dir='ltr'><strong>Ejus</strong></span> <span class='ocrx_word' id='word_1_269' title='bbox 1623 1387 1846 1438; x_wconf 87' lang='lat' dir='ltr'><strong>mysteria</strong></span> 
     </span>
    </p>

    <p class='ocr_par' dir='ltr' id='par_1_10' title="bbox 1073 1447 1847 2958">
     <span class='ocr_line' id='line_1_66' title="bbox 1135 1447 1563 1497; baseline -0.005 -12"><span class='ocrx_word' id='word_1_270' title='bbox 1135 1458 1221 1497; x_wconf 92' lang='lat' dir='ltr'><strong>quo</strong></span> <span class='ocrx_word' id='word_1_271' title='bbox 1246 1447 1432 1485; x_wconf 85' lang='lat' dir='ltr'><strong>auctore</strong></span> <span class='ocrx_word' id='word_1_272' title='bbox 1455 1447 1509 1486; x_wconf 87' lang='lat'><strong>63</strong></span> <span class='ocrx_word' id='word_1_273' title='bbox 1523 1458 1563 1484; x_wconf 89' lang='lat' dir='ltr'><strong>a.</strong></span> 
     </span>
     <span class='ocr_line' id='line_1_67' title="bbox 1107 1498 1846 1559; baseline -0.003 -18"><span class='ocrx_word' id='word_1_274' title='bbox 1107 1522 1153 1528; x_wconf 95' lang='lat'>—</span> <span class='ocrx_word' id='word_1_275' title='bbox 1180 1514 1208 1541; x_wconf 90' lang='lat' dir='ltr'><strong>a</strong></span> <span class='ocrx_word' id='word_1_276' title='bbox 1231 1501 1448 1559; x_wconf 81' lang='lat' dir='ltr'><strong>Romanis</strong></span> <span class='ocrx_word' id='word_1_277' title='bbox 1471 1503 1696 1553; x_wconf 86' lang='lat' dir='ltr'><strong>quatenus</strong></span> <span class='ocrx_word' id='word_1_278' title='bbox 1719 1498 1846 1540; x_wconf 83' lang='lat' dir='ltr'><strong>culta</strong></span> 
     </span>
     <span class='ocr_line' id='line_1_68' title="bbox 1075 1613 1847 1654; baseline -0.001 -1"><span class='ocrx_word' id='word_1_279' title='bbox 1075 1613 1288 1653; x_wconf 85' lang='lat' dir='ltr'><strong>Materiae</strong></span> <span class='ocrx_word' id='word_1_280' title='bbox 1350 1613 1633 1654; x_wconf 85' lang='lat' dir='ltr'><strong>creationem</strong></span> <span class='ocrx_word' id='word_1_281' title='bbox 1691 1615 1847 1652; x_wconf 87' lang='lat' dir='ltr'><strong>tuetur</strong></span> 
     </span>
     <span class='ocr_line' id='line_1_69' title="bbox 1132 1669 1845 1721; baseline 0.001 -12"><span class='ocrx_word' id='word_1_282' title='bbox 1132 1669 1383 1721; x_wconf 85' lang='lat' dir='ltr'><strong>Dionysius</strong></span> <span class='ocrx_word' id='word_1_283' title='bbox 1403 1669 1741 1710; x_wconf 85' lang='lat' dir='ltr'><strong>Alexandrinus</strong></span> <span class='ocrx_word' id='word_1_284' title='bbox 1762 1671 1845 1710; x_wconf 84' lang='lat'><strong>333</strong></span> 
     </span>
     <span class='ocr_line' id='line_1_70' title="bbox 1135 1726 1364 1778; baseline -0.004 -13"><span class='ocrx_word' id='word_1_285' title='bbox 1135 1726 1176 1768; x_wconf 90' lang='lat' dir='ltr'><strong>d.</strong></span> <span class='ocrx_word' id='word_1_286' title='bbox 1202 1730 1246 1766; x_wconf 89' lang='lat' dir='ltr'><strong>et</strong></span> <span class='ocrx_word' id='word_1_287' title='bbox 1268 1738 1364 1778; x_wconf 90' lang='lat' dir='ltr'><strong>seq.</strong></span> 
     </span>
     <span class='ocr_line' id='line_1_71' title="bbox 1106 1781 1758 1835; baseline -0.002 -14"><span class='ocrx_word' id='word_1_288' title='bbox 1106 1804 1158 1810; x_wconf 81' lang='lat'><strong>——</strong></span> <span class='ocrx_word' id='word_1_289' title='bbox 1184 1782 1409 1835; x_wconf 87' lang='lat' dir='ltr'><strong>Origenes</strong></span> <span class='ocrx_word' id='word_1_290' title='bbox 1431 1783 1514 1822; x_wconf 86' lang='lat'><strong>334</strong></span> <span class='ocrx_word' id='word_1_291' title='bbox 1527 1781 1568 1823; x_wconf 91' lang='lat' dir='ltr'><strong>d.</strong></span> <span class='ocrx_word' id='word_1_292' title='bbox 1593 1784 1640 1820; x_wconf 88' lang='lat' dir='ltr'><strong>et</strong></span> <span class='ocrx_word' id='word_1_293' title='bbox 1662 1793 1758 1833; x_wconf 90' lang='lat' dir='ltr'><strong>seq.</strong></span> 
     </span>
     <span class='ocr_line' id='line_1_72' title="bbox 1105 1835 1842 1890; baseline -0.003 -12"><span class='ocrx_word' id='word_1_294' title='bbox 1105 1860 1158 1866; x_wconf 91' lang='lat'><strong>—-</strong></span> <span class='ocrx_word' id='word_1_295' title='bbox 1180 1842 1394 1878; x_wconf 88' lang='lat' dir='ltr'><strong>naturam</strong></span> <span class='ocrx_word' id='word_1_296' title='bbox 1417 1838 1544 1877; x_wconf 89' lang='lat' dir='ltr'><strong>varie</strong></span> <span class='ocrx_word' id='word_1_297' title='bbox 1556 1837 1675 1877; x_wconf 89' lang='lat' dir='ltr'><strong>varii</strong></span> <span class='ocrx_word' id='word_1_298' title='bbox 1698 1835 1842 1890; x_wconf 88' lang='lat' dir='ltr'><strong>expli-</strong></span> 
     </span>
     <span class='ocr_line' id='line_1_73' title="bbox 1135 1893 1399 1934; baseline -0.008 0"><span class='ocrx_word' id='word_1_299' title='bbox 1135 1898 1244 1934; x_wconf 88' lang='lat' dir='ltr'><strong>cant</strong></span> <span class='ocrx_word' id='word_1_300' title='bbox 1264 1894 1346 1934; x_wconf 89' lang='grc'><strong>845</strong></span> <span class='ocrx_word' id='word_1_301' title='bbox 1358 1893 1399 1932; x_wconf 87' lang='grc'><strong>(1.</strong></span> 
     </span>
     <span class='ocr_line' id='line_1_74' title="bbox 1102 1948 1845 1990; baseline 0 -1"><span class='ocrx_word' id='word_1_302' title='bbox 1102 1973 1157 1979; x_wconf 93' lang='grc'><strong>-</strong></span> <span class='ocrx_word' id='word_1_303' title='bbox 1187 1949 1407 1990; x_wconf 84' lang='lat' dir='ltr'><strong>malorum</strong></span> <span class='ocrx_word' id='word_1_304' title='bbox 1450 1962 1591 1989; x_wconf 88' lang='lat' dir='ltr'><strong>causa</strong></span> <span class='ocrx_word' id='word_1_305' title='bbox 1631 1948 1712 1990; x_wconf 88' lang='lat' dir='ltr'><strong>illa</strong></span> <span class='ocrx_word' id='word_1_306' title='bbox 1754 1961 1845 1990; x_wconf 91' lang='lat' dir='ltr'><strong>non</strong></span> 
     </span>
     <span class='ocr_line' id='line_1_75' title="bbox 1135 2007 1464 2048; baseline -0.003 -1"><span class='ocrx_word' id='word_1_307' title='bbox 1135 2012 1205 2047; x_wconf 88' lang='lat' dir='ltr'><strong>est</strong></span> <span class='ocrx_word' id='word_1_308' title='bbox 1226 2007 1464 2048; x_wconf 80' lang='lat'><strong>337-346.</strong></span> 
     </span>
     <span class='ocr_line' id='line_1_76' title="bbox 1073 2062 1843 2115; baseline -0.003 -12"><span class='ocrx_word' id='word_1_309' title='bbox 1073 2063 1510 2103; x_wconf 82' lang='lat' dir='ltr'><strong>Mathematicarum</strong></span> <span class='ocrx_word' id='word_1_310' title='bbox 1531 2062 1843 2115; x_wconf 84' lang='lat' dir='ltr'><strong>cognitionem</strong></span> 
     </span>
     <span class='ocr_line' id='line_1_77' title="bbox 1134 2117 1842 2172; baseline -0.001 -13"><span class='ocrx_word' id='word_1_311' title='bbox 1134 2123 1361 2171; x_wconf 88' lang='lat' dir='ltr'><strong>quatenus</strong></span> <span class='ocrx_word' id='word_1_312' title='bbox 1383 2119 1601 2172; x_wconf 88' lang='lat' dir='ltr'><strong>probaret</strong></span> <span class='ocrx_word' id='word_1_313' title='bbox 1622 2117 1842 2159; x_wconf 85' lang='lat' dir='ltr'><strong>Socrates</strong></span> 
     </span>
     <span class='ocr_line' id='line_1_78' title="bbox 1074 2230 1844 2275; baseline 0.001 -3"><span class='ocrx_word' id='word_1_314' title='bbox 1074 2231 1488 2272; x_wconf 78' lang='lat' dir='ltr'><strong>Mathematici846</strong></span> <span class='ocrx_word' id='word_1_315' title='bbox 1500 2230 1543 2272; x_wconf 91' lang='lat' dir='ltr'><strong>d.</strong></span> <span class='ocrx_word' id='word_1_316' title='bbox 1553 2230 1635 2272; x_wconf 91' lang='grc'><strong>847</strong></span> <span class='ocrx_word' id='word_1_317' title='bbox 1646 2241 1692 2275; x_wconf 84' lang='lat' dir='ltr'><strong>a.</strong></span> <span class='ocrx_word' id='word_1_318' title='bbox 1702 2231 1785 2272; x_wconf 87' lang='grc'><strong>849</strong></span> <span class='ocrx_word' id='word_1_319' title='bbox 1801 2231 1844 2273; x_wconf 89' lang='grc'><strong>1).</strong></span> 
     </span>
     <span class='ocr_line' id='line_1_79' title="bbox 1075 2286 1543 2328; baseline 0 0"><span class='ocrx_word' id='word_1_320' title='bbox 1075 2287 1388 2328; x_wconf 87' lang='lat' dir='ltr'><strong>Mathusalam</strong></span> <span class='ocrx_word' id='word_1_321' title='bbox 1408 2289 1491 2328; x_wconf 82' lang='lat'>419</span> <span class='ocrx_word' id='word_1_322' title='bbox 1501 2286 1543 2328; x_wconf 89' lang='grc'><strong>(1.</strong></span> 
     </span>
     <span class='ocr_line' id='line_1_80' title="bbox 1077 2344 1384 2385; baseline 0 -1"><span class='ocrx_word' id='word_1_323' title='bbox 1077 2344 1228 2384; x_wconf 90' lang='lat' dir='ltr'><strong>Mauri</strong></span> <span class='ocrx_word' id='word_1_324' title='bbox 1249 2346 1330 2384; x_wconf 89' lang='grc'><strong>277</strong></span> <span class='ocrx_word' id='word_1_325' title='bbox 1345 2357 1384 2385; x_wconf 87' lang='lat' dir='ltr'><strong>c.</strong></span> 
     </span>
     <span class='ocr_line' id='line_1_81' title="bbox 1078 2400 1468 2442; baseline 0 0"><span class='ocrx_word' id='word_1_326' title='bbox 1078 2400 1316 2442; x_wconf 87' lang='lat' dir='ltr'><strong>Mausolus</strong></span> <span class='ocrx_word' id='word_1_327' title='bbox 1335 2400 1420 2440; x_wconf 83' lang='lat'><strong>464</strong></span> <span class='ocrx_word' id='word_1_328' title='bbox 1432 2412 1468 2442; x_wconf 87' lang='lat' dir='ltr'><strong>c.</strong></span> 
     </span>
     <span class='ocr_line' id='line_1_82' title="bbox 1077 2456 1465 2497; baseline -0.005 0"><span class='ocrx_word' id='word_1_329' title='bbox 1077 2457 1307 2497; x_wconf 77' lang='lat' dir='ltr'><strong>Maximus</strong></span> <span class='ocrx_word' id='word_1_330' title='bbox 1329 2456 1465 2496; x_wconf 82' lang='grc'><strong>4641).</strong></span> 
     </span>
     <span class='ocr_line' id='line_1_83' title="bbox 1078 2511 1844 2553; baseline 0 0"><span class='ocrx_word' id='word_1_331' title='bbox 1078 2513 1205 2553; x_wconf 87' lang='lat' dir='ltr'><strong>Medi</strong></span> <span class='ocrx_word' id='word_1_332' title='bbox 1228 2513 1420 2553; x_wconf 88' lang='lat' dir='ltr'><strong>canibus</strong></span> <span class='ocrx_word' id='word_1_333' title='bbox 1447 2511 1742 2552; x_wconf 89' lang='lat' dir='ltr'><strong>moribundos</strong></span> <span class='ocrx_word' id='word_1_334' title='bbox 1764 2512 1844 2553; x_wconf 94' lang='lat' dir='ltr'><strong>ob-</strong></span> 
     </span>
     <span class='ocr_line' id='line_1_84' title="bbox 1132 2567 1455 2620; baseline 0 -11"><span class='ocrx_word' id='word_1_335' title='bbox 1132 2567 1303 2620; x_wconf 88' lang='lat' dir='ltr'><strong>jiciunt</strong></span> <span class='ocrx_word' id='word_1_336' title='bbox 1323 2569 1455 2610; x_wconf 81' lang='lat' dir='ltr'><strong>277d.</strong></span> 
     </span>
     <span class='ocr_line' id='line_1_85' title="bbox 1075 2624 1842 2666; baseline -0.003 -1"><span class='ocrx_word' id='word_1_337' title='bbox 1075 2625 1418 2666; x_wconf 86' lang='lat' dir='ltr'><strong>Medicamenta</strong></span> <span class='ocrx_word' id='word_1_338' title='bbox 1461 2638 1515 2665; x_wconf 82' lang='lat' dir='ltr'><strong>ex</strong></span> <span class='ocrx_word' id='word_1_339' title='bbox 1543 2624 1679 2665; x_wconf 87' lang='lat' dir='ltr'><strong>rebus</strong></span> <span class='ocrx_word' id='word_1_340' title='bbox 1708 2626 1842 2664; x_wconf 84' lang='lat' dir='ltr'><strong>natu-</strong></span> 
     </span>
     <span class='ocr_line' id='line_1_86' title="bbox 1133 2682 1615 2732; baseline -0.004 -11"><span class='ocrx_word' id='word_1_341' title='bbox 1133 2682 1309 2721; x_wconf 87' lang='lat' dir='ltr'><strong>ralibus</strong></span> <span class='ocrx_word' id='word_1_342' title='bbox 1332 2683 1427 2723; x_wconf 89' lang='lat'>131.</span> <span class='ocrx_word' id='word_1_343' title='bbox 1452 2684 1498 2722; x_wconf 90' lang='lat' dir='ltr'><strong>et</strong></span> <span class='ocrx_word' id='word_1_344' title='bbox 1518 2692 1615 2732; x_wconf 86' lang='lat' dir='ltr'><strong>seq.</strong></span> 
     </span>
     <span class='ocr_line' id='line_1_87' title="bbox 1076 2735 1842 2790; baseline -0.004 -12"><span class='ocrx_word' id='word_1_345' title='bbox 1076 2738 1314 2779; x_wconf 88' lang='lat' dir='ltr'><strong>Medicina</strong></span> <span class='ocrx_word' id='word_1_346' title='bbox 1338 2737 1395 2777; x_wconf 80' lang='lat' dir='ltr'><strong>ab</strong></span> <span class='ocrx_word' id='word_1_347' title='bbox 1424 2737 1513 2790; x_wconf 88' lang='lat' dir='ltr'><strong>Api</strong></span> <span class='ocrx_word' id='word_1_348' title='bbox 1533 2735 1751 2790; x_wconf 85' lang='lat' dir='ltr'><strong>AEgyptio</strong></span> <span class='ocrx_word' id='word_1_349' title='bbox 1774 2736 1842 2775; x_wconf 90' lang='lat' dir='ltr'><strong>in-</strong></span> 
     </span>
     <span class='ocr_line' id='line_1_88' title="bbox 1134 2795 1435 2835; baseline -0.003 0"><span class='ocrx_word' id='word_1_350' title='bbox 1134 2797 1276 2835; x_wconf 88' lang='lat' dir='ltr'><strong>venta</strong></span> <span class='ocrx_word' id='word_1_351' title='bbox 1296 2795 1435 2834; x_wconf 83' lang='grc'><strong>4751).</strong></span> 
     </span>
     <span class='ocr_line' id='line_1_89' title="bbox 1107 2848 1840 2902; baseline -0.001 -12"><span class='ocrx_word' id='word_1_352' title='bbox 1107 2871 1159 2879; x_wconf 91' lang='grc'>-</span> <span class='ocrx_word' id='word_1_353' title='bbox 1183 2850 1239 2890; x_wconf 87' lang='grc'><strong>31)</strong></span> <span class='ocrx_word' id='word_1_354' title='bbox 1257 2849 1523 2902; x_wconf 89' lang='lat' dir='ltr'><strong>AEsculapio</strong></span> <span class='ocrx_word' id='word_1_355' title='bbox 1548 2852 1684 2888; x_wconf 88' lang='lat' dir='ltr'><strong>aucta</strong></span> <span class='ocrx_word' id='word_1_356' title='bbox 1705 2848 1840 2889; x_wconf 82' lang='lat' dir='ltr'>475b.</span> 
     </span>
     <span class='ocr_line' id='line_1_90' title="bbox 1077 2905 1842 2958; baseline -0.003 -12"><span class='ocrx_word' id='word_1_357' title='bbox 1077 2905 1285 2946; x_wconf 87' lang='lat' dir='ltr'><strong>Medicus</strong></span> <span class='ocrx_word' id='word_1_358' title='bbox 1316 2906 1513 2946; x_wconf 89' lang='lat' dir='ltr'><strong>virorum</strong></span> <span class='ocrx_word' id='word_1_359' title='bbox 1551 2906 1692 2945; x_wconf 90' lang='lat' dir='ltr'><strong>etiam</strong></span> <span class='ocrx_word' id='word_1_360' title='bbox 1718 2905 1842 2958; x_wconf 87' lang='lat' dir='ltr'><strong>prin-</strong></span> 
     </span>
    </p>
   </div>
   <div class='ocr_carea' id='block_1_7' title="bbox 1974 898 2014 2482">
    <p class='ocr_par' dir='ltr' id='par_1_11' title="bbox 1974 898 2014 2482">
     <span class='ocr_line' id='line_1_91' title="bbox 1974 898 2014 2482; baseline 0 0"><span class='ocrx_word' id='word_1_361' title='bbox 1974 898 2014 2482; x_wconf 95' lang='lat' dir='ltr'><strong> </strong></span> 
     </span>
    </p>
   </div>
   <div class='ocr_carea' id='block_1_8' title="bbox 1980 2347 1997 2565">
    <p class='ocr_par' dir='ltr' id='par_1_12' title="bbox 1980 2347 1997 2565">
     <span class='ocr_line' id='line_1_92' title="bbox 1980 2347 1997 2565; textangle 90"><span class='ocrx_word' id='word_1_362' title='bbox 1980 2491 1997 2565; x_wconf 33' lang='lat' dir='ltr'><strong>Q—</strong></span> <span class='ocrx_word' id='word_1_363' title='bbox 1980 2347 1982 2349; x_wconf 77' lang='grc'>,</span> 
     </span>
    </p>
   </div>
  </div>
 </body>
</html>
