2014 3146
655 123 870 165 PRAEP.
903 122 1122 165 EVANG.
1164 125 1259 163 xv.
1301 125 1367 163 22.
1710 119 1813 172 383

207 237 367 312 όγκος
398 237 556 311 ἡμων
593 237 652 295 τὸ
692 240 794 312 μέν
835 263 886 296 τι
917 236 1316 313 ἀπορρεύσεται
1347 235 1639 311 αὐτοῦ,τὸ
1674 240 1739 295 δέ
1764 262 1813 295 τι
1838 266 1860 298 b

207 322 666 431 προσελεύσεταί,
719 321 890 380 οὐδὲν
931 325 993 380 δὲ
1036 329 1186 380 ἔσται
1227 323 1286 380 τὸ
1328 322 1493 393 αὐτό;
1561 326 1643 380 25.
1698 327 1814 389 πῶς

209 409 311 465 οὐν
341 406 475 480 ἡμῖν
506 412 567 463 αἱ
593 411 827 479 μνῆμαι;
860 412 974 474 πῶς
1009 409 1067 464 δὲ
1099 403 1131 481 ἡ
1155 412 1374 482 γνῶσις
1382 414 1624 479 οἰκείων,
1651 405 1816 465 οὐδέ-

209 515 340 549 ποτε
370 495 438 565 τῇ
468 489 607 565 αὐτῇ
639 495 789 564 ψυχῇ
819 495 1144 566 χρωμένων;
1178 494 1267 549 καὶ
1292 492 1403 565 μὴν
1427 499 1479 549 εί
1499 491 1654 565 σῶμά
1681 497 1812 564 ἐστι,

165 575 377 648 ὅφύσις
421 577 480 632 δὲ
520 575 767 677 σώματος
808 575 1161 651 μεριζόμενον
1205 583 1281 644 εἰς
1331 583 1529 648 πλείω,
1585 581 1815 634 ἕκαστον

209 660 282 733 μὴ
314 660 373 717 τὸ
406 659 539 717 αὐτὸ
574 661 716 718 εἶναι
746 665 857 718 τῶν
887 666 1074 734 μερῶν
1105 664 1182 737 τῷ
1212 659 1350 737 ὅλῳ
1386 667 1435 718 εί
1464 660 1693 718 τοσόνδε
1723 663 1813 734 μέ-

209 755 375 817 γεθος
406 744 573 818 ψυχὴ,
605 740 635 801 ὃ
665 739 735 802 ἂν
767 751 991 802 ἔλαττον
1022 747 1074 818 ᾗ,
1107 745 1256 817 ψυχὴ
1289 742 1392 801 οὐκ
1423 751 1593 817 ἔσται,
1629 744 1813 820 ὥσπερ

209 833 319 886 πᾶν
350 829 524 886 ποσὸν
553 828 843 901 ἀφαιρέσει
871 833 969 886 τοῦ
1002 828 1142 886 εἶναι
1165 829 1224 885 τὸ
1251 828 1502 903 πρόσθεν
1525 828 1811 901 ἠλλάξατο.

207 917 290 970 26.
342 920 391 970 εἰ
431 915 496 969 δέ
532 937 583 969 τι
624 917 738 970 τῶν
779 915 1014 985 μέγεθος
1058 911 1297 986 ἐχόντων
1338 911 1433 970 τὸν
1463 911 1631 985 ὄγκον
1664 918 1813 970 ε’λατ-

143 1022 183 1053 10
208 998 391 1054 τωθεν
432 1001 499 1071 τῇ
539 995 785 1069 ποιότητι
825 996 1025 1054 ταυτὸν
1056 1002 1240 1070 μένοι,
1285 989 1321 1072 ᾗ
1349 1022 1451 1070 μεν
1482 1003 1665 1070 σῶμα,
1700 1001 1814 1054 ε’τε-
1843 1032 1861 1054 c

208 1080 307 1153 ρόν
355 1085 495 1153 ἐστι,
549 1084 640 1138 καὶ
687 1082 721 1155 ᾐ
767 1080 970 1153 ποσὸν,
1022 1086 1089 1155 τῇ
1132 1082 1193 1138 δὲ
1233 1081 1478 1155 ποιότητι
1522 1084 1680 1158 ἑτέρᾳ
1720 1085 1814 1154 τῆς

206 1164 502 1238 ποσότητος
545 1164 682 1240 οὔσῃ
724 1165 783 1223 τὸ
823 1166 1026 1224 ταυτὸν
1055 1164 1359 1235 ἀποσώζειν
1401 1166 1650 1223 δύναται.
1727 1172 1810 1223 27.

205 1258 261 1307 τί
287 1258 480 1308 τοίνυν
518 1249 796 1323 φήσουσιν
827 1255 883 1307 οἱ
909 1250 1008 1323 τὴν
1040 1250 1226 1324 ψυχὴν
1256 1255 1412 1324 σῶμα
1455 1251 1596 1308 εἶναι
1627 1253 1814 1323 λέγον-

206 1358 320 1404 τες,
354 1339 573 1408 πρῶτον
603 1336 704 1407 μὲν
735 1337 861 1407 περὶ
894 1333 1124 1392 ἑκάστου
1155 1338 1354 1408 μέρους
1386 1339 1479 1408 τῆς
1511 1339 1689 1408 ψυχῆς
1720 1338 1815 1407 τῆς

142 1442 183 1474 15
211 1422 268 1476 ἐν
298 1423 373 1495 τῷ
406 1416 556 1495 αὐτῷ
585 1417 812 1492 στόματι,
846 1419 1079 1492 πότερον
1112 1422 1340 1477 ἕκαστον
1371 1417 1547 1493 ψυχὴ,
1579 1425 1670 1476 οἵα
1702 1422 1818 1477 ἐστὶ

207 1507 295 1560 καὶ
329 1502 362 1575 ἡ
394 1501 522 1576 ὅλη;
563 1506 655 1560 καὶ
685 1503 854 1561 πάλιν
885 1507 984 1561 τοῦ
1012 1507 1212 1578 μέρους
1243 1504 1302 1561 τὸ
1333 1507 1523 1578 μέρος;
1590 1509 1674 1562 28.
1719 1502 1817 1562 οὖ-

211 1589 307 1644 δὲν
347 1586 454 1659 ἄρα
493 1586 553 1644 τὸ
600 1590 835 1661 μέγεθος
885 1587 1255 1661 συνεβάλλετο
1308 1595 1374 1662 τῇ
1415 1585 1580 1663 οὐσία
1620 1587 1817 1661 αὐτῆς·

209 1673 410 1745 (καίτοι
456 1677 569 1728 ε”ὃει
608 1697 699 1745 γε,
743 1677 919 1730 ποσοῦ
962 1698 1110 1739 τινος
1151 1671 1334 1745 ὄντος)
1378 1675 1469 1729 καὶ
1509 1672 1640 1730 ὅλον
1680 1681 1816 1729 πολ-

208 1760 374 1830 λαχῆ,
406 1753 540 1831 ὅπερ
574 1755 782 1830 σώματι
813 1772 1075 1831 παρεῖναι
1105 1756 1404 1829 ἀδύνατον,
1433 1762 1492 1814 ἐν
1516 1765 1732 1814 πλειόσι
1754 1755 1814 1814 τό

143 1862 183 1894 20
209 1839 341 1898 αὐτὸ
372 1839 502 1898 ὅλον
534 1841 695 1913 εἶναι,
727 1845 819 1899 καὶ
849 1842 909 1898 τὸ
939 1844 1101 1916 μέρος
1133 1839 1267 1916 ὅπερ
1292 1842 1349 1899 τὸ
1374 1840 1505 1899 ὅλον
1527 1841 1810 1917 υπάρχειν.

206 1930 288 1982 29
325 1931 374 1982 εί
405 1926 465 1983 δε
497 1928 727 1983 ε’καστον
757 1929 867 1983 τῶν
897 1929 1083 1999 μερῶν
1112 1951 1178 1983 ου
1210 1925 1396 2000 ψυχὴν
1426 1925 1725 1999 φήσουσιν,
1761 1929 1813 1994 ἐξ
1840 1947 1862 1979 d

207 2006 438 2082 ἀψύχων
468 2010 618 2083 ψυχὴ
650 2007 838 2076 αυτοῖς
867 2009 1114 2083 ὑπάρξει.
1163 2013 1255 2067 καὶ
1287 2013 1529 2082 προσέτι,
1565 2018 1614 2067 εί
1636 2015 1814 2083 ψυχῆς

211 2092 440 2166 ἑκάστης
471 2092 534 2150 τὸ
564 2097 798 2166 μέγεθος
831 2093 1139 2168 ωρισμένον
1181 2101 1330 2151 ἔσται
1364 2092 1450 2166 ἐφ’
1490 2093 1748 2168 εκάτερα,
1780 2120 1814 2167 η

210 2180 297 2233 ἐπὶ
328 2175 388 2234 τὸ
421 2176 645 2234 ἔλαττόν
675 2202 764 2250 γε,
807 2174 841 2250 ἢ
875 2180 962 2234 ἐπὶ
992 2176 1052 2235 τὸ
1082 2185 1291 2251 μεῖζον,
1334 2176 1482 2251 ψυχὴ
1512 2177 1615 2235 οὐκ
1645 2185 1811 2236 ἔ.σται

143 2284 184 2316 25
208 2267 289 2318 30.
337 2259 470 2318 ὅταν
500 2268 695 2319 τοίνυν
736 2266 795 2319 ἐκ
833 2260 1077 2320 συνόδου
1116 2266 1242 2336 μιᾶς
1283 2265 1376 2319 καὶ
1417 2261 1538 2329 ἑνὸς
1569 2264 1813 2338 σπέρμα-
1834 2286 1918 2329 [484]

207 2371 295 2411 τος
331 2351 538 2418 δίδυμα
569 2347 792 2419 γένηται
822 2345 1154 2420 γεννήματα,
1186 2343 1220 2420 ἢ
1250 2349 1362 2419 καὶ,
1395 2345 1577 2421 ὥσπερ
1611 2351 1672 2404 ἐν
1702 2362 1814 2414 τοῖς

208 2429 392 2497 ἄλλοις
440 2429 621 2506 ζῴοις,
668 2439 926 2504 πλεῖστα,
972 2435 1072 2489 τοῦ
1112 2434 1417 2506 σπέρματος
1460 2438 1536 2497 εἰς
1577 2431 1813 2498 πολλοὺς

207 2514 408 2580 τόπους
449 2517 834 2588 μεριζομένου,
889 2508 957 2573 οὖ
998 2515 1066 2588 δὴ
1097 2514 1228 2573 ὅλον
1259 2515 1491 2574 ἕκαστόν
1523 2520 1664 2589 ἐστι,
1697 2520 1813 2581 πῶς

209 2599 275 2656 οὐ
309 2597 567 2656 διδάσκει
607 2604 768 2657 τοῦτο
808 2600 938 2667 τοὺς
969 2603 1343 2674 βουλομένους
1382 2599 1696 2674 μανθάνειν
1741 2597 1814 2666 ὦς

144 2704 186 2736 30
209 2681 350 2742 ὅπου
380 2683 440 2740 τὸ
471 2685 633 2758 μέρος
662 2683 865 2742 ταυτόν
897 2689 1011 2742 ἐστι
1041 2688 1118 2762 τῷ
1146 2683 1286 2762 ὅλῳ,
1327 2688 1489 2742 τοῦτο
1522 2688 1582 2741 ἐν
1611 2687 1676 2758 τῇ
1710 2681 1814 2740 αὐ-

209 2772 311 2826 τοῦ
347 2766 511 2843 οὐσία
551 2767 611 2825 τὸ
653 2768 827 2826 ποσὸν
870 2769 1012 2826 εἶναι
1051 2768 1464 2843 ὑπερβέβηκεν,
1509 2766 1719 2826 άποσον
1751 2768 1920 2831 δὲωεεθ)

212 2849 344 2910 αὐτὸ
379 2853 519 2910 εἶναι
552 2856 605 2921 ἐξ
636 2851 907 2926 ἆνάγκηςς
943 2853 1087 2911 οὕτω
1125 2854 1230 2928 γὰρ
1265 2851 1334 2911 ἂν
1367 2856 1523 2927 μένοι
1561 2850 1619 2910 τὸ
1654 2849 1806 2926 αὐτὸ,
