2014 3146
594 104 809 149 PRAEP.
840 104 1065 146 EVANG.
1098 105 1204 146 XII.
1228 107 1297 146 27.
1644 104 1744 156 113

131 241 261 294 σας,
306 220 446 278 ὥστε
484 224 622 296 ῥᾷον
662 219 988 295 ἀνευρήσεις
1039 219 1122 278 ὅτι
1161 223 1270 278 νῦν
1312 218 1380 293 δὴ
1424 219 1610 294 ὀρθῶς
1639 217 1739 294 ὑφ’

130 303 288 380 ἡμῶν
319 308 523 380 ἐρρέθη
562 305 621 362 τὸ
667 312 964 379 πολεμίους
996 305 1138 363 εἶναι
1168 303 1377 372 πάντας
1407 311 1542 363 πᾶσι
1574 311 1746 379 δημο-

132 397 225 466 σία
254 414 314 448 τε
343 392 434 447 καὶ
468 395 586 447 ἰδία
618 389 879 457 ἑκαστους
911 388 1111 456 αὐτούς
1136 397 1334 462 σφίσιν
1365 387 1568 458 αὐτοῖς.
1767 425 1785 447 c

256 478 483 542 2.]1ῶς
516 485 757 549 εἴρηκας,
791 476 833 531 ὠ
863 474 1170 548 θαυμάσιες

89 583 109 616 5
258 555 596 631 Κάνταῦθα,
640 560 682 616 ὦ
724 557 973 631 ξένε,τὸ
1015 565 1177 617 νικᾶν
1208 557 1379 616 αὐτὸν
1410 557 1609 616 ἑαυτὸν
1639 582 1747 616 πα-

132 650 248 702 σῶν
276 646 450 701 νικῶν
482 642 670 718 πρώτη
700 667 760 701 τε
790 646 883 701 καὶ
913 642 1129 717 ἀρίστη,
1161 641 1221 700 τό
1255 644 1324 699 δε
1341 642 1611 716 ἡττᾶσθαι
1644 641 1748 701 αύ-

130 728 226 786 τὸν
256 724 355 801 ὑφ’
403 731 603 786 ἑαυτοῦ
644 727 871 786 πάντων
910 727 1195 801 αἴσχιστόν
1235 752 1294 785 τε
1325 727 1436 800 ἅμα
1467 731 1560 784 καὶ
1590 727 1746 785 κάκι-

131 832 279 870 στον.
365 817 538 870 ταῦτα
598 811 703 886 γὰρ
757 809 830 879 ὥς
882 815 1125 885 πολέμου
1179 815 1239 868 ἐν
1293 812 1538 879 ἑκάστοις
1589 809 1747 885 ἡμῶν

130 895 287 964 ὄντος
317 894 454 971 πρὸς
484 895 626 970 ἡμᾶς
658 894 858 963 αὐτοὺς
889 893 1204 969 σημαίνει.”

68 1007 109 1038 10
260 986 308 1038 3.
358 983 468 1039 Καὶ
498 980 628 1054 μεθ’
668 984 825 1055 ἕτερα
854 980 1067 1047 τούτοις
1100 986 1435 1055 προστίθησι
1466 983 1644 1053 λέγων

249 1061 280 1084 “
301 1062 529 1123 Οὐκοῦν
561 1069 659 1123 ἕνα
688 1067 790 1139 μὲν
820 1064 979 1139 ἡμῶν
1005 1069 1236 1123 ἕκαστον
1267 1062 1438 1123 αὐτὸν
1467 1072 1744 1139 τιθῶμεν;

257 1158 392 1207 Ναί.

258 1234 381 1292 Δύο
425 1235 487 1291 δε
527 1237 864 1308 κεκτημένον
905 1238 965 1292 ἐν
1008 1231 1156 1312 αὐτῷ
1188 1233 1480 1308 ξυμβούλω
1514 1237 1746 1292 ἐναντίω

132 1341 190 1376 τε
230 1321 322 1375 καὶ
361 1342 600 1393 αφρονε,
644 1316 687 1375 c3
727 1318 1214 1394 προσαγορεύομεν
1265 1318 1475 1392 ἡδονὴν
1516 1321 1608 1376 καὶ
1648 1317 1748 1377 λύ-

69 1426 109 1459 15
131 1426 270 1476 πην;

243 1485 397 1545 ’Ἐστι
428 1490 615 1544 ταῦτα.

260 1571 412 1645 Πρὸς
456 1573 516 1629 δὲ
566 1570 785 1629 τούτοιν
826 1568 1038 1645 ἀμφοῖν
1080 1563 1153 1628 αῦ
1200 1570 1358 1639 δόξας
1409 1570 1746 1645 μελλόντων,
1771 1597 1795 1628 <1

133 1653 223 1713 οἷν
265 1655 454 1714 κοινὸν
492 1680 594 1729 μεν
632 1654 807 1729 ὄνομα
849 1658 1031 1728 ἐλπὶς,
1068 1661 1214 1714 ἰδιον
1257 1657 1315 1712 δε
1377 1655 1551 1729 φόβος
1581 1681 1683 1729 μεν
1713 1653 1747 1730 ἡ

134 1738 239 1813 πρὸ
280 1741 456 1814 λύπης
499 1743 680 1814 ἐλπὶς,
729 1738 941 1815 θάρρος
985 1741 1047 1797 δε
1095 1737 1128 1813 ἡ
1175 1739 1280 1815 πρὸ
1320 1743 1420 1798 τοῦ
1472 1743 1743 1798 ἐναντίου

71 1848 114 1880 20
137 1827 227 1883 ἐπὶ
268 1826 330 1882 δε
374 1829 508 1882 πᾶσι
537 1823 752 1892 τούτοις
783 1823 1041 1898 λογισμὸς
1075 1824 1104 1881 ὅ
1134 1832 1192 1882 τί
1217 1823 1339 1882 ποτ’
1377 1821 1564 1882 αὐτῶν
1593 1823 1751 1899 ἄμει-

133 1933 235 1967 νον
264 1905 298 1982 ἢ
329 1923 534 2010 χεῖρον,
566 1906 625 1976 ὃς
656 1908 954 1983 γενόμενος
986 1909 1162 1983 δόγμα
1200 1909 1411 1976 πόλεως
1436 1907 1626 1968 κοινὸν
1655 1909 1751 1968 νό-

134 2018 233 2067 μος
265 1992 684 2066 ἐπωνόμασται]

261 2082 312 2135 4.
359 2080 472 2136 Καὶ
505 2081 625 2150 ἑξῆς
656 2097 829 2151 φησιν

254 2161 443 2220 “Τόδε
474 2160 529 2219 δ
566 2173 744 2236 ἴσμεν,
777 2161 859 2220 ὅτι
889 2164 1060 2219 ταῦτα
1090 2160 1156 2217 τὰ
1186 2160 1342 2233 παθη
1378 2163 1437 2218 ἐν
1467 2159 1602 2263 ἡμῖν
1630 2158 1751 2218 οἷον

73 2269 114 2301 25
137 2249 309 2319 νεῦρα
340 2243 374 2318 ἢ
406 2245 710 2319 σμήρινθοί
744 2269 889 2312 τινες
934 2249 1157 2302 ἐνοῦσαι
1189 2248 1375 2302 σπωσί
1398 2268 1457 2302 τε
1487 2243 1628 2318 ἡμᾶς
1658 2248 1751 2302 καὶ

137 2327 397 2401 ἀλλήλαις
438 2327 812 2387 ἀνθέλκουσιν
855 2332 1100 2386 ἐναντίαι
1139 2321 1303 2386 οῦσαι
1358 2328 1440 2385 ἐπ’
1498 2333 1751 2396 ἐναντίας

139 2411 388 2486 πραξεις,
435 2406 503 2470 οῦ
545 2411 612 2485 δὴ
655 2415 990 2488 διωρισμένη
1032 2412 1198 2488 αρετὴ
1239 2415 1330 2470 καὶ
1362 2419 1526 2470 κακία
1557 2427 1748 2472 κεῖται.

138 2500 236 2572 μιᾷ
265 2521 370 2605 γαρ
402 2519 576 2570 φησιν
605 2494 634 2554 ὁ
666 2496 824 2571 λόγος
858 2503 978 2555 δεῖν
1007 2522 1119 2556 των
1144 2501 1345 2566 ε’λξεων
1375 2496 1751 2571 ξυνεπόμενον

139 2578 225 2639 αεὶ
277 2584 368 2638 καὶ
417 2586 640 2655 μηδαμῆ
695 2578 1132 2656 απολειπόμενον
1189 2586 1401 2655 ἐκείνης
1452 2579 1752 2640 ανθέλκειν

77 2686 119 2718 30
141 2679 254 2733 τοῖς
285 2664 468 2735 ἄλλοις
499 2665 716 2740 νεύροις
747 2671 995 2740 ἕκαστον,
1028 2665 1236 2739 ταύτην
1270 2665 1322 2723 δ’
1358 2666 1499 2724 εἶναι
1529 2665 1631 2739 τὴν
1652 2670 1751 2723 τοῦ

256 2861 305 2899 11
341 2852 532 2901 Οὐκοῦν
564 2858 639 2913 —-]
672 2860 866 2914 Ibid.·p.
898 2862 994 2901 644.

229 2942 461 2970 Eusssssms
495 2944 546 2973 11.
1464 2927 1495 2978 8
