2014 3146
661 126 875 170 PRAEP.
906 126 1126 168 EVANG.
1157 128 1285 168 xm.
1308 130 1374 171 13.
1723 127 1826 179 221

346 247 430 302 61.
459 239 579 300 Ἐπὶ
608 240 822 308 τούτοις
852 241 881 299 6
911 241 1317 315 μαντικώτατος
1340 241 1655 316 Ἀπόλλων,
1687 268 1829 319 μαρ-
1853 267 1872 298 d

217 331 404 403 τυρῶν
441 329 511 401 τῇ
550 324 682 400 δόξῃ
725 330 824 384 τοῦ
865 330 1033 399 θεοῦ,
1079 329 1263 400 λέγειν
1302 324 1663 401 ἀναγκάζεται
1702 331 1829 403 περὶ

218 415 316 485 τῆς
351 410 619 484 Ἀθηνᾶς,
665 408 832 486 ἡνίκα
872 413 959 468 ἐπὶ
1000 410 1101 486 τὴν
1134 408 1367 470 Ἑλλάδα
1409 413 1738 487 ἐστράτευον
1776 419 1834 470 οἱ

219 501 439 570 Μῆδοι,
483 494 555 562 ὡς
598 494 775 554 ἐδεῖτό
813 519 873 553 τε
912 498 1004 553 καὶ
1047 498 1257 554 ἱκέτευε
1295 495 1392 554 τὸν
1422 504 1536 555 Δία
1576 500 1829 572 περὶτῆς

175 579 474 655 εἈττικῆς.
538 586 648 654 ἔχει
682 581 744 637 δὲ
777 572 887 638 ὦδε
917 577 945 637 6
977 579 1216 655 χρησμὸς

360 677 419 732 οὐ
447 677 654 731 δύναται
678 675 883 741 Παλλας
913 676 993 731 Δί
1017 677 1285 747 Ὀλύμπιον
1313 678 1656 748 ἐξιλάσασθαι,
1851 691 1936 734 [404]

361 752 618 817 λισσομένη
644 756 868 801 πολλοῖσι
896 748 1082 817 λόγοις,
1112 751 1196 801 καὶ
1223 749 1392 817 μήτιδι
1419 756 1601 841 πυκνῇ.

362 818 574 882 πολλοὺς
603 815 651 870 δ’
679 816 950 872 ἀθανάτων
976 841 1127 885 νηους
1153 826 1348 905 μαλερῷ
1373 823 1493 889 πυρὶ
1523 824 1646 873 δώσε
1627 845 1695 888 ει,

360 894 418 943 οι’
434 911 530 942 που
558 894 650 942 νῦν
677 893 844 952 ιδρῶτι
872 889 1126 958 ρεεύμενοι
1153 891 1407 956 ἕστηκασι

155 985 197 1017 10
361 964 550 1028 δείματι
573 962 896 1027 παλλόμενοι,

219 1061 310 1118 καὶ
344 1057 409 1117 τοὶ
441 1061 529 1116 ἐπὶ
559 1058 785 1125 τούτοις.
1850 1071 1938 1111 (690)

346 1148 427 1202 62.
464 1149 737 1218 Θεαρίδας
772 1144 831 1200 δὲ
864 1147 924 1201 ἐν
953 1146 1027 1220 τῷ
1059 1146 1201 1218 Περὶ
1233 1142 1460 1215 φύσεως
1491 1143 1691 1219 γράφει
1730 1140 1828 1203 “‘A

218 1228 356 1304 ἀρχὰ
379 1232 491 1286 τῶν
521 1226 700 1286 ὅντων
731 1225 871 1301 ἀρχὰ
891 1227 995 1301 μὲν
1015 1225 1188 1294 ὅντως
1219 1227 1464 1301 ἀληθινὰ
1495 1236 1607 1303 μία.
1671 1236 1829 1288 κείνα

216 1313 321 1389 γὰρ
356 1317 415 1371 ἐν
445 1311 585 1389 ἀρχᾷ
615 1315 678 1370 τέ
706 1316 853 1370 ἐστιν
885 1317 945 1369 ἓν
975 1314 1067 1369 καὶ
1098 1311 1326 1385 μόνον.”

155 1434 196 1466 15
363 1407 479 1464 οὖδέ
503 1435 574 1475 τις
601 1406 710 1464 ἔσθ’
743 1413 903 1477 ἕτερος
929 1413 1076 1479 χωρὶς
1101 1410 1313 1479 μεγάλου
1339 1417 1602 1479 βασιλῆος,

209 1509 443 1586 Ὀρφεύς
475 1512 646 1582 λέγει·
680 1502 724 1586 ᾧ
754 1509 1083 1583 πειθόμενος
1109 1508 1137 1566 6
1160 1508 1396 1583 κωμικὸς
1414 1517 1651 1584 Δίφιλος
1682 1534 1824 1583 γνω-

218 1594 497 1669 μικσότατα

364 1683 462 1738 Τὸν
489 1684 606 1738 ὅντα
633 1685 835 1738 πάντωι
863 1687 1039 1754 (φησὶ)
1067 1688 1218 1754 πατέρ
1224 1709 1279 1752 α,
1296 1728 1443 1740 ......

364 1790 493 1797 -—
523 1763 698 1809 τοῦτον
725 1753 806 1808 διά
831 1759 1000 1818 τέλους
1026 1760 1166 1824 τίμα,
1194 1758 1348 1824 μόνον

155 1855 196 1888 20
359 1823 569 1896 ἀγαθῶν
595 1828 886 1879 τοσούτωνε
868 1825 1073 1894 εὑρετὴν
1099 1829 1182 1879 καὶ
1209 1831 1449 1895 κτίστορα.

217 1938 300 1990 (33.
335 1931 556 2000 εἰκότως
597 1940 791 1991 τοίνυν
829 1929 857 1989 6
898 1932 1139 1990 Πλάτων
1190 1936 1358 2002 ἐθίζει
1398 1932 1494 2000 τὰς
1545 1937 1829 2006 βελτίστας
1857 1958 1874 1988 ³2

217 2016 414 2091 φύσεις
444 2014 806 2090 ἀφικνεῖσθαι
828 2017 963 2092 πρὸς
986 2017 1045 2075 τὸ
1069 2016 1319 2091 μάθημα,
1350 2014 1382 2074 ὃ
1399 2020 1459 2075 ἐν
1481 2020 1558 2093 τῷ
1580 2015 1830 2091 πρόσθεν

219 2107 430 2175 ἔφαμεν
463 2102 606 2159 εἶναι
634 2105 924 2175 μέγιστον,
960 2094 1103 2159 ἰδεῖν
1133 2126 1190 2160 τε
1219 2100 1470 2173 τάγαθὸν
1501 2103 1594 2158 καὶ
1624 2099 1831 2172 ἀναβῆ-

219 2211 310 2242 ναι
345 2186 693 2259 ἐκείνηντὴν
724 2185 1016 2257 ἀνάβασιν.
1078 2190 1237 2242 τοῦτο
1271 2185 1359 2257 δὴ,
1392 2181 1464 2251 (ὃς
1495 2192 1693 2256 ἔοικεν,
1729 2180 1832 2240 οὐκ

157 2297 199 2329 25
221 2266 495 2344 ὀστράκου
519 2267 588 2327 ἂν
621 2279 706 2343 εἰή
730 2268 1088 2344 περιστροφὴ,
1121 2267 1260 2326 ἀλλὰ
1290 2272 1467 2342 ψυχῆς
1491 2266 1828 2343 περιαγωγὴ,

223 2358 282 2411 ἐκ
313 2357 639 2427 νυκτερινῆς
679 2353 826 2419 τινὸς
868 2352 1073 2427 ἡμέρας
1118 2360 1194 2420 εἰς
1226 2351 1505 2427 ἀληθινὴν
1534 2357 1634 2410 τοῦ
1675 2349 1831 2419 ὄντος

221 2429 395 2495 οὖσαν
428 2438 732 2510 ἐπάνοδον,
774 2434 845 2510 ἣν
886 2437 954 2510 δὴ
995 2444 1333 2511 φιλοσοφίαν
1363 2435 1547 2510 ἀληθῆ
1579 2436 1832 2510 φήσομεν

225 2523 395 2596 εἶναι,
440 2525 531 2579 καὶ
572 2521 698 2588 τοὺς
727 2520 929 2594 ταύτης
970 2521 1339 2596 μετασχόντας
1370 2526 1468 2579 τοῦ
1500 2527 1709 2596 χρυσοῦ
1741 2523 1832 2594 γε’-

223 2632 355 2674 νους
386 2614 592 2681 κρίνει,
626 2613 746 2664 ἕστε
777 2607 879 2680 μὲν
910 2605 979 2679 δὴ
1011 2606 1211 2676 πάντες
1242 2607 1503 2680 ἀδελφοὶ,
1537 2610 1738 2679 λέγων·
1780 2609 1837 2663 οἱ

159 2719 200 2750 30
227 2693 287 2748 δὲ
317 2695 414 2749 τοῦ
445 2695 658 2766 χρυσοῦ
686 2693 882 2763 γένους
913 2688 1308 2765 ἀκριβέστατα,
1350 2693 1441 2748 καὶ
1485 2690 1663 2763 πάντη
1696 2697 1788 2755 εἰς.
1819 2732 1829 2745 .
1856 2727 1872 2747 c

225 2780 308 2833 64.
340 2781 439 2833 τοῦ
470 2774 672 2850 πατρὸς
702 2773 808 2848 ἄρα
839 2779 929 2833 καὶ
961 2781 1191 2849 ποιητοῦ
1223 2775 1556 2849 ξυμπάντων
1581 2773 1831 2847 ἐμφύτως

226 2862 316 2917 καὶ
340 2859 647 2926 ἀδιδάκτως
670 2857 1131 2933 ἀντιλαμβάνεται
1155 2859 1334 2918 πάντα
1346 2859 1481 2934 πρὸς
1493 2858 1735 2931 πάντων,
1767 2856 1832 2914 τὰ
