2014 3146
738 118 817 158 ET
847 117 1159 160 NOMINUM.

138 230 481 273 Anaximander
518 230 729 271 Thaletis
766 230 902 270 disci-

194 288 352 341 pulus,
415 286 633 338 stylorum
684 286 902 327 solarium

198 347 359 384 auctor
381 345 462 384 504
484 357 523 384 a.

167 423 219 429 —
242 413 391 440 rerum
409 400 684 452 principium
695 411 796 439 esse
806 399 905 439 vult

194 456 422 496 infinitum
450 457 532 497 748
551 457 594 496 b.
630 455 722 496 vid.
755 456 839 496 836
859 469 900 495 a.

194 513 275 554 837
289 512 383 552 a.d.
425 513 560 553 838b.
598 511 734 552 846ᾶ.
765 510 901 552 8476..

194 569 330 611 8481).
353 569 432 609 851
446 581 487 611 a.

137 625 444 666 Anaximenes
495 624 550 664 de
595 623 752 663 mundi
800 626 903 664 ortu

195 682 300 721 221).
322 683 451 723 3200.
471 680 603 721 509d.
622 682 702 720 837
715 680 756 719 b.
776 680 901 720 8390.

196 737 331 777 8451).
355 738 489 780 8503..

165 815 218 822 -
240 793 505 845 Eurystrati
526 793 558 832 f.
583 793 665 833 504
677 805 718 831 a.

165 870 221 877 —
252 850 406 889 aerem
440 862 589 889 rerum
630 847 906 900 principium

195 906 347 957 posuit
368 906 450 946 748
460 918 498 944 c.

138 960 468 1001 Anaximenem
479 961 687 1013 Ephorus
702 960 903 1012 descrip-

198 1018 258 1056 sit
279 1017 417 1059 464b.

142 1072 374 1125 Androgei
394 1086 512 1113 mors
535 1074 616 1114 209
631 1085 670 1115 c.

138 1129 406 1181 Androgyni
430 1142 486 1169 ex
514 1133 667 1169 mente
690 1128 903 1168 Platonis

198 1185 275 1236 qui
296 1186 377 1226 585
402 1185 444 1227 d.

138 1241 326 1281 Andron
337 1235 458 1295 ἐντῷ
469 1239 659 1292 τρίποδι
670 1241 905 1293 dePytha-

196 1310 319 1350 gorae
341 1298 720 1349 praedictionibus
740 1299 874 1337 4640.

138 1353 309 1406 Angeli
349 1353 508 1406 quales
543 1355 745 1395 Eusebio
774 1354 855 1394 326
867 1366 905 1394 0.

195 1411 278 1450 328
297 1422 335 1449 a.
404 1410 633 1449 hominum
682 1409 904 1450 tutelares

195 1466 329 1507 6701).
369 1467 450 1506 689
463 1479 502 1506 a.
562 1466 748 1506 Platoni
785 1464 904 1505 male

195 1523 294 1561 noti
315 1522 446 1562 694d.

137 1577 451 1618 Animantium
479 1578 673 1619 diversae
702 1577 906 1630 proprie-

196 1637 321 1674 tates
341 1636 423 1675 273
436 1646 474 1678 c.

138 1690 402 1730 Animorum
437 1690 761 1730 immortalitas
800 1688 908 1730 fidei

159 1779 162 1782 ⁴
200 1745 475 1786 Christianae
499 1747 661 1799 dogma
687 1748 738 1786 13
752 1745 845 1788 c.d.

168 1807 402 1843 —natura
415 1802 571 1843 divina
583 1803 786 1855 imagine
799 1814 903 1842 con·

198 1860 385 1912 signata
406 1860 486 1900 331
498 1861 542 1900 b.
556 1872 593 1899 c.

68 1923 73 1928 '
141 1914 406 1955 Animorum
433 1915 503 1956 vis
528 1919 574 1955 et
596 1915 797 1968 dignitas
820 1915 901 1956 331

197 1972 294 2011 b.c.
317 1983 444 2024 seqq.

169 2049 224 2055 —
245 2027 446 2068 medicos
466 2027 625 2079 quales
649 2040 750 2067 esse
775 2040 906 2080 opor-

197 2086 316 2123 teat:
342 2096 474 2135 quam
491 2083 600 2123 mali
619 2083 788 2123 medici
807 2083 906 2135 phi-

198 2139 380 2191 losophi
402 2139 574 2178 fuerint
595 2141 676 2179 389
687 2139 730 2179 b.
746 2139 837 2178 c.d.

170 2217 223 2224 —
259 2195 330 2235 vis
370 2193 517 2245 major
555 2195 604 2234 in
644 2195 769 2235 sicco
811 2194 909 2236 solo

200 2253 282 2292 399
295 2263 336 2294 a.

172 2329 225 2336 --
247 2307 593 2359 immortalitas,
624 2310 670 2346 et
700 2306 910 2358 quaedam

202 2364 335 2414 quasi
356 2363 596 2413 divinitas,
627 2363 814 2403 Platoni
835 2376 910 2403 ex-

199 2431 362 2470 pressa
383 2421 463 2460 551
478 2433 520 2459 a.
543 2420 624 2460 809
635 2431 678 2458 a.

170 2497 226 2502 ——
248 2476 424 2527 piorum
451 2479 556 2527 post
585 2475 786 2528 corporis
815 2475 910 2515 obi-

204 2534 294 2570 tum
327 2531 460 2571 sedes
492 2535 536 2571 et
564 2532 800 2584 praemium
829 2534 910 2572 553

202 2588 243 2630 b.
257 2602 293 2629 0.
305 2587 346 2631 d.

170 2665 227 2671 —-
248 2645 555 2696 improborum
579 2644 715 2684 sedes
736 2645 818 2685 354
829 2657 870 2684 a.

173 2722 226 2728 -
243 2701 566 2741 immortalitas
584 2714 639 2741 ex
654 2700 905 2752 Porphyrio

203 2757 286 2796 354
297 2769 335 2799 0.
637 2793 639 2795 .

172 2835 229 2842 -
255 2825 310 2852 ex
340 2812 637 2853 similitudine
682 2825 782 2852 cum
823 2812 906 2853 deo

205 2869 424 2920 probatur
446 2872 575 2911 5550.
590 2871 627 2909 d.

1651 115 1757 167 429

987 230 1253 271 Animorum
1291 232 1362 271 vis
1412 233 1519 283 post
1566 233 1756 271 mortem

1045 286 1183 339 longe
1206 287 1438 339 potentior
1459 288 1540 327 556
1555 299 1594 326 a.

1017 365 1070 372 -
1091 342 1636 395 postmortemiudicium,
1661 355 1755 396 poe-

1045 411 1139 450 nae,
1176 400 1366 451 praemia
1404 400 1536 440 568a.
1571 400 1670 440 577.
1709 402 1756 439 et

1047 467 1142 507 seq.
1167 459 1212 494 et
1234 455 1374 499 635b.‚

1017 533 1074 539 ——
1092 514 1218 552 notae
1239 511 1484 563 probitatis
1516 514 1562 551 et
1587 511 1755 564 impro—

1042 567 1224 618 bitatis,
1269 567 1408 607 etiam
1435 571 1539 620 post
1564 571 1754 608 mortem

1045 624 1128 664 578
1140 635 1180 666 a.

1019 702 1069 707 —
1103 679 1241 731 culpa
1279 682 1349 718 est
1387 679 1605 731 quicquid
1647 692 1754 732 pec-

1050 739 1159 775 cant
1180 735 1389 776 homines
1413 737 1492 776 601
1505 736 1545 775 d.

1021 813 1075 820 —
1095 791 1143 829 in
1166 791 1290 831 feras
1311 791 1552 844 transitus,
1575 805 1628 832 ex
1651 791 1754 833 Pla-

1050 852 1157 888 tone
1181 849 1260 887 697
1272 846 1313 887 d.
1335 849 1416 888 698
1430 861 1470 890 a.

1019 926 1070 931 —
1099 906 1266 942 natura
1297 903 1464 954 duplex
1497 916 1523 942 a
1558 902 1754 943 Platone

1046 961 1238 1000 inventa
1294 959 1403 999 falsi
1469 959 1757 1000 convincitur

1048 1017 1180 1056 7000.

1018 1070 1405 1111 —immortalitas
1417 1070 1656 1112 Aristoteli
1665 1084 1757 1111 non

1046 1128 1242 1181 probata
1263 1129 1345 1168 809
1369 1141 1408 1169 0.
1432 1130 1478 1167 et
1499 1139 1593 1180 seq,

989 1183 1144 1223 Animi
1171 1187 1336 1223 natura
1367 1183 1616 1223 secundum
1638 1182 1756 1224 Stoi-

1049 1253 1126 1281 cos
1148 1241 1229 1279 821
1254 1253 1292 1279 e.
1320 1242 1365 1279 et
1386 1252 1482 1291 seq.

1021 1319 1074 1325 --
1101 1297 1361 1337 Stoicorum
1390 1296 1444 1335 de
1475 1296 1624 1336 animo
1655 1307 1755 1335 sen-

1046 1353 1244 1392 tentiam
1263 1351 1502 1404 Longinus
1525 1355 1760 1404 oppugnat

1022 1488 1072 1494 —
1098 1477 1342 1516 corporeus
1361 1464 1537 1504 animus
1556 1476 1656 1504 esse
1666 1477 1758 1504 non

1047 1524 1220 1574 potest,
1261 1533 1315 1560 ex
1350 1520 1534 1561 Plotino
1572 1521 1669 1561 824.
1713 1524 1759 1560 et

1051 1590 1144 1629 seq.

1023 1656 1075 1661 —
1098 1645 1212 1684 quas
1233 1635 1392 1685 partes
1419 1633 1593 1673 habeat
1622 1633 1701 1672 851
1714 1631 1756 1675 d.

1020 1712 1073 1718 —
1104 1702 1239 1742 quam
1266 1689 1521 1741 principem
1556 1688 1758 1729 faculta-

1048 1749 1140 1785 tem
1162 1745 1298 1787 8521).

991 1803 1147 1843 Annus
1186 1801 1408 1854 septimus
1451 1802 1508 1841 ab
1545 1801 1757 1841 Hebraeis

1048 1859 1318 1899 observatus
1343 1858 1529 1898 360b.c.

990 1915 1195 1956 Anobret
1223 1913 1423 1967 nympha
1446 1913 1631 1955 Saturni
1654 1926 1760 1954 con-

1043 1970 1127 2022 jUx
1147 1970 1250 2013 4011.

992 2027 1203 2078 Antaeus,
1255 2026 1418 2078 Libyae
1469 2026 1524 2066 ab
1576 2025 1757 2066 Osiride

1049 2083 1301 2135 praefectus
1321 2083 1375 2121 46
1386 2083 1429 2123 b.

994 2138 1241 2180 Anticlidis
1265 2131 1444 2179 Νόστοι
1466 2138 1546 2177 157
1558 2150 1594 2177 0.

996 2194 1255 2247 Antigonus
1278 2193 1537 2246 Carystius,
1564 2193 1758 2245 Pyrrho-

1053 2251 1124 2290 nis
1183 2250 1395 2303 aequalis,
1462 2247 1560 2300 ejus
1617 2249 1759 2290 vitam

1055 2307 1244 2359 scripsit
1266 2307 1347 2346 762
1358 2305 1400 2345 d.

995 2362 1291 2403 Antilibanus
1314 2363 1369 2403 34
1380 2361 1421 2401 d.

997 2419 1296 2459 Antimachus
1345 2417 1533 2458 Homeri
1579 2417 1759 2471 plagia-

1053 2476 1169 2526 rius,
1194 2487 1328 2526 quem
1357 2486 1598 2527 perperam
1621 2475 1761 2514 corri-

1055 2532 1122 2584 git
1142 2533 1223 2572 467
1237 2544 1278 2572 a.
1291 2544 1331 2574 c.

1022 2609 1074 2615 —
1108 2588 1324 2628 confusus
1348 2599 1448 2628 cum
1471 2586 1759 2627 Callimacho

993 2700 1220 2740 Antinous
1249 2702 1569 2740 consecratus:
1615 2710 1759 2738 sacrae

1051 2754 1149 2806 ejus
1177 2759 1357 2796 noctes:
1387 2754 1496 2795 urbs
1523 2753 1650 2794 illius
1678 2767 1759 2794 no·

1050 2812 1172 2851 mine
1196 2814 1248 2852 72
1261 2825 1301 2851 a.

994 2868 1245 2908 Antiochus
1267 2861 1540 2920 [Ἀρχίλοχος
1562 2867 1759 2908 correxit
