2014 3146
621 116 832 158 PRAEP.
865 115 1086 158 EVANG.
1120 115 1248 158 XIII.
1283 117 1347 158 16.
1674 113 1784 165 233⁷

100 315 104 318 -
171 236 436 306 θελῆσαι·
487 229 752 305 Θαμύρου
787 232 844 288 δὲ
876 227 1140 303 ἀηδόνος,
1189 236 1463 306 Θερσίτην
1506 230 1567 287 δὲ
1607 229 1777 304 πιθή-

173 343 274 376 κου
323 323 449 390 βίον
490 319 730 374 ἑλέσθαι.
808 319 888 373 14
932 319 1039 373 πού
1085 313 1133 371 δ’
1185 311 1255 373 ἀν
1298 324 1381 389 εἴη
1422 313 1488 372 τά
1518 319 1612 387 τῆς
1643 313 1784 388 μετά

171 402 274 475 τὴν
306 405 540 459 ἐνθένδε
569 398 896 473 ἀπαλλαγὴν
927 406 1157 474 κρίσεως
1176 445 1191 472 ,
1223 396 1292 472 ἣν
1325 405 1384 457 ἐν
1413 425 1516 473 μεν
1545 403 1620 456 τῶ
1651 401 1779 474 περὶ

171 490 350 562 ψυχῆς
379 482 727 559 υπογράφων
756 487 958 558 φησὶν,
993 483 1065 551 ὡς

293 567 347 588 “2

129 593 150 626 5
345 570 590 628 Επειδάν
631 567 942 675 ἀφίκωνται
980 573 1037 626 οἰ
1079 567 1523 643 τετελευτηκότες
1567 574 1643 635 είς
1682 567 1780 625 τὸν

171 655 342 714 τόπον
372 653 430 713 οἷ
454 652 481 712 ὁ
516 660 732 728 δαίμων
765 657 995 711 ἕκαστον
1026 660 1311 727 κομίζει,..
1330 702 1338 710 .
1374 655 1464 710 καὶ
1496 661 1551 710 οἳ
1577 677 1678 725 μεν
1709 649 1780 710 ὂὶν

175 740 374 809 δόξωσι
403 742 581 813 μέσως
613 741 961 811 βεβιωκέναι,
993 741 1362 810 πορευθέντες
1395 741 1484 795 ἐπὶ
1513 737 1610 794 τὸν
1635 734 1774 810 Ἀχέ-
1805 760 1834 792 1>

173 850 368 897 ροντα,
411 822 717 894 ἀναβάντες
759 820 793 878 ἃ
835 821 904 894 δὴ
945 819 1130 888 αὐτοῖς
1168 821 1413 896 ὀχήματα
1460 825 1637 893 ἐστιν,
1690 824 1778 878 ἐπὶ

169 909 382 967 τούτων
411 907 780 981 ἀφικνοῦνται
806 913 882 974 εἰς
912 906 1015 978 τὴν
1044 912 1266 980 λίμνην,
1299 908 1390 963 καὶ
1423 909 1539 963 ἐκεῖ
1564 909 1787 963 οἰκοῦσί

105 1016 146 1048 10
169 1018 228 1052 τε
259 996 352 1051 καὶ
381 991 777 1067 καθαιρόμενοι
807 995 919 1048 τῶν
957 1015 1015 1048 τε
1036 990 1392 1064 ἀδικημάτων
1413 990 1661 1056 διδόντες
1694 995 1781 1047 δί-

170 1103 269 1145 κας
299 1076 656 1150 ἀπολύονται,
690 1086 745 1134 εἴ
767 1083 848 1143 τίς
865 1101 915 1133 τι
939 1074 1199 1150 ἠδίκηκε,
1230 1081 1343 1133 τῶν
1365 1100 1422 1134 τε
1446 1075 1785 1147 εὐεργεσιῶν

170 1161 326 1237 τιμάς
369 1165 632 1235 φέρονται
682 1159 819 1217 κατὰ
859 1159 962 1233 τὴν
1003 1159 1163 1229 ἀξίαν
1205 1164 1443 1228 ἕκαστος.
1518 1167 1573 1218 οἳ
1612 1158 1662 1217 δ’
1709 1156 1785 1218 ἂν

172 1246 408 1316 δόξωσιν
447 1245 683 1312 ἀνιάτως
724 1253 869 1319 ἔχειν
913 1245 1003 1302 διὰ
1041 1244 1107 1303 τά
1141 1249 1351 1319 μεγέθη
1391 1249 1504 1303 τῶν
1534 1241 1781 1319 ἁμαρτη-

170 1331 384 1407 μάτων,
426 1327 460 1404 ἢ
502 1336 814 1404 ἱεροσυλίας
854 1330 1057 1396 πολλὰς
1104 1333 1194 1387 καὶ
1235 1328 1475 1404 μεγάλας
1505 1326 1538 1402 ἢ
1570 1327 1783 1402 φόνους

108 1437 149 1471 15
171 1417 398 1483 ἀδίκους
446 1419 538 1474 καὶ
583 1413 935 1489 παρανόμους
982 1413 1218 1481 πολλοὺς
1270 1416 1704 1487 ἐξειργασμένοι,
1746 1410 1786 1486 ἦ

171 1500 310 1560 ἄλλα
339 1499 441 1559 ὅσα
472 1503 697 1558 τοιαῦτα
726 1498 987 1574 τυγχάνει
1017 1497 1178 1572 ὅντα,
1210 1498 1438 1566 τούτους
1473 1500 1532 1556 δὲ
1555 1495 1588 1571 ἡ
1615 1517 1781 1571 προσ-

172 1587 383 1660 η’κουσα
413 1599 579 1660 μοῖρα
610 1590 790 1661 ῥίπτει
823 1591 899 1652 εἰς
931 1584 1028 1642 τὸν
1058 1583 1360 1660 Τάρταρον,
1392 1581 1530 1642 ὅθεν
1550 1582 1616 1641 οὔ
1648 1605 1781 1640 ποτε

174 1668 548 1743 ἐκβαίνουσι.”
1805 1698 1829 1719 e

302 1760 382 1812 15.
415 1758 527 1814 Καὶ
555 1753 621 1812 τά
650 1755 751 1828 μὲν
781 1756 908 1828 περὶ
937 1757 1049 1811 τῶν
1079 1751 1300 1826 ἀσεβῶν
1332 1745 1442 1810 ῶδέ
1465 1776 1540 1825 πη
1566 1756 1779 1825 διῆλθε.

110 1862 151 1894 20
174 1842 301 1914 περὶ
334 1841 393 1896 δὲ
422 1844 534 1896 τῶν
565 1837 815 1911 εὐσεβῶν
847 1838 1157 1897 ἐπάκουσον
1189 1837 1261 1905 ῶς
1291 1855 1430 1911 φησι

294 1921 322 1941 “
340 1923 565 1982 Τούτων
609 1924 670 1980 δὲ
710 1920 900 1980 αὐτῶν
940 1927 996 1981 οἱ
1021 1929 1325 1999 φιλοσοφία
1368 1925 1570 1989 ἱκανῶς
1601 1932 1782 1994 καθη-

173 2007 400 2083 ράμενοι
441 2007 579 2066 ἄνευ
618 2031 678 2066 τε
717 2006 976 2082 καμάτων
1009 2011 1136 2077 ζῶσι
1174 2007 1234 2065 τὸ
1274 2005 1537 2108 παράπαν
1579 2013 1655 2074 εἰς
1685 2006 1788 2064 τὸν

176 2099 362 2151 ἔπειτα
393 2092 623 2167 χρόνον,
666 2096 758 2150 καὶ
790 2098 867 2159 εἰς
898 2091 1138 2165 οἰκήσεις
1170 2099 1249 2150 ἔτι
1279 2090 1492 2149 τούτων
1523 2096 1787 2157 καλλίους

175 2174 573 2284 ἀφικνουῖἕνται
604 2201 667 2243 ας
697 2176 826 2234 οὔτε
847 2175 1053 2279 ράδιον
1087 2180 1331 2248 δηλῶσαι
1362 2174 1488 2232 οὕτε
1527 2171 1556 2231 ὁ
1587 2173 1787 2248 χρόνος

114 2282 155 2315 25
180 2261 365 2328 ἱκανὸς
400 2264 458 2318 ἐν
486 2264 564 2317 τῶ
593 2259 860 2334 παρόντιῖ

306 2350 384 2402 16.
423 2346 531 2402 Καὶ
564 2349 624 2402 ἐν
653 2349 727 2419 τῶ
759 2349 968 2420 Γοργίᾳ
1002 2345 1060 2400 δε
1092 2343 1325 2417 πρόσχες
1356 2348 1414 2400 τί
1439 2349 1536 2400 καί
1561 2361 1697 2417 φησι

295 2425 451 2487 e‘Tbv
479 2429 581 2502 μὲν
614 2435 839 2495 δικαίως
869 2427 966 2486 τὸν
996 2434 1120 2500 βίον
1153 2426 1450 2486 διελθόντα
1475 2430 1567 2484 καὶ
1596 2427 1782 2497 ὁσίως,

178 2512 402 2571 ἐπειδὰν
448 2512 778 2588 τελευτήσῃ,
838 2518 914 2581 εἰς
962 2511 1225 2587 μακάρων
1283 2511 1488 2586 νήσους
1549 2509 1782 2570 ἀπιόντα

174 2603 349 2655 οἰκεῖν
400 2600 458 2655 ἐν
509 2597 658 2672 πάσῃ
710 2594 1037 2673 εὐδαιμονία
1090 2595 1241 2664 ε’κτὸς
1290 2600 1522 2670 κακῶν,
1574 2595 1670 2655 τὸν
1721 2595 1783 2653 δὲ
1811 2610 1836 2641 <l

292 2822 316 2860 5
342 2812 568 2861 Ἐπειδὰν
589 2817 662 2873 -]
697 2819 832 2860 Plato
854 2819 1024 2859 Phaed.
1045 2833 1088 2872 p.
1116 2822 1209 2862 113.

265 2877 317 2916 27
353 2871 448 2918 Τὸν
470 2872 557 2929 μὲν
579 2875 777 2924 δικαίως
799 2873 872 2930 -]
897 2875 1031 2916 Plato
1056 2876 1192 2929 Gorg.
1215 2889 1257 2929 p.
1282 2877 1376 2917 523.
1402 2876 1496 2915 525.
