2014 3146
565 142 781 186 PRAEP.
812 141 1034 205 EVANG.
1067 142 1191 186 x1v.
1225 143 1291 183 ιο.
1328 145 1394 184 11.
1674 142 1779 194 283

151 259 453 331 ’“Ἐλληνας,
506 264 678 332 μυρία
719 259 781 315 δὲ
822 260 912 315 καὶ
955 256 1260 332 βαρβαρων
1300 260 1462 331 γένη,
1508 260 1636 334 τοὺς
1678 260 1781 332 μὲν

172 341 278 400 σῦν
306 356 421 411 τοῖς
463 345 768 415 εἰρημένοις
810 341 1136 416 μαθήμασιν
1174 341 1302 399 οῦτε
1343 342 1483 400 θεὸν
1511 341 1638 400 οὔτε
1670 342 1781 399 σῶ-

171 451 355 500 φρονα
385 433 512 498 βίον
541 424 671 484 οὔθ’
716 425 855 493 ὅλως
885 451 937 483 τι
966 431 1080 484 τῶν
1109 433 1411 499 βελτίστων
1440 429 1532 483 καὶ
1563 446 1782 500 συμφε-

173 509 386 582 ρόντων
418 510 742 583 ἐπιγνόντας
772 508 1050 578 ἀποδείξει
1067 556 1081 583 ,
1121 508 1252 576 τούς
1286 511 1346 567 δὲ
1376 515 1488 567 τῶν
1517 510 1781 583 μαθημα-

122 618 149 651 :5
171 619 285 652 των
310 593 460 662 ἐκτὸς
483 594 709 652 πάντων
734 592 1163 667 εὐσεβεστάτους
1179 597 1270 651 καὶ
1294 594 1780 667 φιλοσοφωτάτους

170 683 474 752 γεγονέναι.
535 675 564 736 ὁ
595 683 733 751 γοῦν
762 677 910 750 παρὰ
939 682 1108 736 πᾶσιν
1139 677 1328 745 αὐτοῖς
1357 676 1626 753 ᾆδόμενος
1658 689 1780 737 Σω-

171 763 374 837 κράτης
424 761 573 830 ὅπως
613 764 744 820 ποτὲ
790 762 1008 830 ἐδόξαζε
1058 764 1185 834 περὶ
1235 766 1415 819 τῶνδε
1464 761 1665 834 μάθοις
1711 759 1781 820 ἂν

167 853 489 921 Ξενοφῶντι
520 845 817 913 πιστεύσας
859 850 919 903 ἐν
944 843 1534 920 Ἀπομνημονεύμασιν
1565 839 1678 903 ῶὸέ
1705 871 1779 919 πη
1808 874 1827 903 ι,

173 937 485 1005 ἱστοροῦντι

103 1040 149 1071 20
298 1028 378 1077 XI.
419 1012 751 1073 “'Effo'ffao'ue
803 1015 863 1071 δὲ
903 1017 994 1071 καὶ
1036 1016 1223 1087 μέχρις
1263 1011 1394 1071 ὅτου
1437 1015 1552 1071 δέοι
1593 1022 1890 1087 §pasc-143⁴}

172 1125 271 1173 ρον
304 1100 448 1157 εἶναι
473 1098 708 1157 ἑκάστου
739 1097 1058 1173 πράγματος
1080 1099 1177 1156 τὸν
1200 1095 1385 1170 ὀρθῶς
1409 1102 1783 1172 πεπαιδευμέ-

170 1209 287 1242 νον.
350 1183 549 1241 αὐτίκα
591 1190 933 1257 γεωμετρίαν
972 1188 1128 1256 μέχρι
1160 1184 1263 1255 μὲν
1290 1181 1490 1240 τούτου
1521 1190 1628 1256 ἔφη
1662 1189 1783 1241 δεῖν

171 1268 516 1342 μανθανειν,
548 1271 651 1334 ε’ως
683 1267 870 1334 ἱκανός
900 1292 981 1334 τις
1011 1271 1254 1339 γένοιτο,
1302 1277 1512 1324 εἴποτε
1546 1266 1781 1369 δεήσειε,
1806 1303 1822 1324 e

170 1358 278 1426 γῆν
307 1356 487 1429 μέτρω
517 1351 702 1424 ὀρθῶς
732 1350 766 1424 ἢ
797 1359 1147 1424 παραλαβεῖν
1169 1346 1569 1422 ἢπαραδοῦναι
1600 1349 1633 1423 ἢ
1666 1357 1783 1408 δια-

106 1459 150 1491 15
174 1453 386 1511 νεῖμαι,
427 1434 460 1510 ἢ
502 1444 666 1511 ἔργον
706 1433 1008 1504 αποὸεῖξαι.
1071 1434 1236 1493 οὕτω
1284 1436 1346 1491 δὲ
1383 1439 1542 1492 τοῦτο
1585 1434 1784 1510 ραδιον

175 1523 320 1580 εἶναι
348 1532 583 1595 μαθεῖν,
627 1518 767 1578 ῶστε
798 1517 895 1578 τὸν
925 1523 1264 1593 προσέχοντα
1293 1518 1390 1576 τὸν
1420 1523 1560 1577 νοῦν
1589 1523 1656 1595 τῇ
1686 1545 1785 1593 με-

172 1606 359 1679 τρήσει
399 1603 512 1679 ἅμα
552 1603 654 1678 τήν
683 1629 742 1662 τε
773 1608 878 1677 γῆν
908 1601 1084 1677 ὁπόση
1118 1606 1268 1661 ἐστὶν
1311 1607 1551 1676 εἰδέναι,
1585 1607 1678 1661 καὶ
1711 1603 1784 1670 ῶς

173 1705 451 1763 μετρεῖται
493 1689 855 1762 ἐπιστάμενον
894 1688 1132 1745 ἀπιέναι.
1203 1693 1252 1745 2.
1284 1686 1343 1744 τὸ
1387 1689 1448 1745 δὲ
1488 1692 1646 1762 μέχρι
1674 1695 1787 1745 τῶν

174 1777 526 1843 δυσξυνέτων
588 1772 1016 1880 διαγραμμάτων
1074 1779 1416 1847 γεωμετρίαν
1472 1773 1787 1879 μανθανειν

102 1881 152 1913 ⁴²0
174 1858 601 1932 ἀπεδοκίμαζεν
644 1857 675 1915 o'
704 1883 756 1915 τι
785 1882 888 1931 μεν
916 1857 1023 1931 γὰρ
1056 1856 1303 1961 ωφελοίη
1329 1860 1502 1914 ταῦτα
1546 1856 1648 1915 οὐκ
1679 1863 1785 1958 ἔφη

174 1943 336 2013 ὁραν
384 1951 562 2000 καίτοι
591 1939 694 2000 οῦκ
716 1941 939 2014 ἄπειρός
969 1965 1032 2014 γε
1064 1941 1251 1999 αὐτῶν
1269 1943 1367 2013 ἠν.
1410 1947 1516 2014 ἔφη
1537 1942 1647 1998 δε
1625 1965 1786 1998 ικανα

177 2026 316 2084 αὐτα
360 2027 503 2084 εἶναι
542 2023 850 2099 ανθρῶπου
892 2033 1020 2098 βίον
1059 2032 1412 2099 κατατρίβειν
1460 2028 1552 2082 καὶ
1600 2023 1785 2082 αλλων
1811 2050 1833 2081 d

177 2116 398 2169 πολλῶν
436 2134 496 2168 τε
546 2113 637 2167 καὶ
683 2108 979 2184 ῶφελίμων
1023 2110 1369 2183 μαθημάτων
1420 2107 1782 2166 ἀποκωλύειν.

177 2201 224 2253 3.
261 2197 478 2251 ἐκέλευε
521 2196 580 2250 δὲ
619 2196 713 2251 καὶ
742 2194 1108 2266 ἀστρονομίας
1141 2197 1436 2266 ἐμπείρους
1470 2199 1785 2265 γίγνεσθαι,

106 2300 155 2331 25
180 2281 270 2335 καὶ
301 2277 505 2350 ταύτης
534 2281 720 2350 μέντοι
749 2281 907 2350 μέχρι
937 2281 1036 2334 τοῦ
1066 2276 1263 2343 νυκτός
1293 2301 1351 2334 τε
1383 2273 1534 2349 ῶραν
1565 2278 1657 2333 καὶ
1687 2301 1787 2348 μη-

179 2363 272 2430 νὸς
303 2365 395 2419 καὶ
428 2366 684 2429 ἐνιαυτοῦ
714 2360 998 2418 δύνασθαι
1017 2360 1329 2433 γινώσκειν,
1362 2364 1525 2417 ἕνεκα
1555 2366 1654 2417 τοῦ
1686 2383 1785 2416 πο-

181 2454 331 2517 ρείας
357 2470 415 2503 τε
438 2448 529 2502 καὶ
552 2449 694 2502 πλοῦ
715 2447 807 2502 καὶ
831 2450 1111 2518 φυλακῆς,
1136 2448 1226 2502 καὶ
1250 2443 1353 2503 ὅσα
1375 2443 1515 2502 ἄλλα
1535 2440 1568 2517 ἢ
1591 2444 1788 2509 νυκτὸς

180 2528 397 2604 ἢμηνὸς
422 2525 456 2601 ἢ
481 2528 1066 2602 ἐνιαυτοῦλπροὲττεται,
1091 2528 1225 2602 πρὸς
1240 2526 1395 2586 ταῦτ’
1419 2535 1565 2602 ἔχειν
1588 2552 1779 2600 τεκμη-

182 2621 320 2689 ρίοις
360 2618 633 2688 χρῆσθαι,
682 2613 778 2679 τὰς
820 2612 965 2686 ῶρας
1018 2617 1131 2670 τῶν
1177 2615 1484 2687 εἰρημένων
1527 2611 1791 2684 διαγινώ-

111 2712 158 2744 3⁰
183 2719 400 2757 σκοντα.
463 2699 555 2754 καὶ
584 2701 756 2754 ταῦτα
788 2698 851 2753 δὲ
879 2696 1047 2773 ῥᾴδια
1085 2708 1292 2771 μαθεῖν
1322 2696 1470 2772 παρά
1500 2721 1558 2754 τε
1589 2719 1790 2754 νυκτο-

296 2893 322 2932 8
356 2883 404 2932 ἐν
423 2882 945 2944 Ἀπομκημοιεύμασιν]
979 2891 1020 2942 4,
1043 2893 1084 2942 ’7,
1110 2893 1148 2931 2.
