2014 3146
247 103 346 156 186
925 83 1173 143 ΕΠΒΕΒΠ

241 234 376 290 παῖ,
424 225 476 276 εἰ
516 216 842 291 τιμωρήσεις
873 216 1178 294 Πατρόκλῳ
1209 221 1283 294 τῷ
1315 221 1513 295 ἑταίρω
1543 218 1639 276 τὸν
1671 217 1849 293 φόνον

241 307 333 361 καὶ
351 301 582 375 Ἕκτορα
612 299 952 374 ἀποκτενεῖς,
985 299 1148 368 αὐτὸς
1178 300 1454 376 ἀποθανῇ.

311 390 487 446 αὐτίκα
512 391 608 462 γάρ
633 415 706 445 τοι
734 394 905 464 (φησὶ)
931 389 1047 460 μεθ’
1074 391 1286 462 ’Έκτορα
1311 393 1494 460 πότμος
1521 397 1718 462 ἑτοῖμος.

239 496 268 556 ὁ
304 500 364 555 δὲ
393 502 554 556 τοῦτο
585 497 826 564 ἀκούσας
855 500 955 555 τοῦ
984 498 1086 571 μὲν
1115 496 1367 556 θανάτου
1399 501 1490 556 καὶ
1528 502 1627 557 τοῦ
1656 497 1847 557 κινδύ-

240 607 342 642 νου
383 580 763 655 ὠλιγώρησεν,
808 580 948 639 πολὺ
989 583 1050 639 δὲ
1079 585 1288 656 μᾶλλον
1320 589 1505 650 δείσας
1536 582 1594 641 τὸ
1627 588 1722 656 ζῆν
1751 608 1846 642 κα·
1891 607 1912 639 5

240 666 333 733 κὸς
365 662 445 725 ὦν
475 670 566 724 καὶ
595 682 709 733 τοῖς
741 673 923 741 φίλοις
953 665 1027 740 μὴ
1057 681 1339 742 τιμωρεῖν,

192 789 213 821 b
267 797 273 803 ·
722 770 916 840 αὐτίκα,

239 851 396 924 φησὶ)
444 864 457 871 ’

917 931 1155 994 τεθναίην

243 1037 405 1105 δίκην
437 1035 650 1100 ἐπιθεὶς
681 1026 755 1108 τῷ
787 1029 1091 1105 ἀδικοῦντι,
1123 1037 1217 1090 ἵνα
1241 1032 1313 1106 μὴ
1340 1031 1546 1090 ε’νθοέδε
1576 1020 1724 1106 μένω
1755 1057 1847 1090 κα·
1873 1057 1915 1090 10

239 1120 566 1190 ταγέλαστος

451 1209 586 1277 παρὰ
613 1210 756 1274 νηυσὶ
782 1211 1061 1277 κορωνίσιν,
1086 1206 1243 1276 ἄχθος
1269 1204 1502 1277 ἀρούρης.

240 1319 287 1371 3.
335 1313 409 1386 μὴ
452 1312 623 1370 αὐτὸν
662 1323 765 1371 οἰει
805 1320 1099 1387 φροντίσαι
1139 1311 1390 1371 θανατου
1428 1316 1521 1370 καὶ
1551 1312 1848 1384 κινδύνου;

239 1395 385 1455 οὕτω
417 1423 522 1471 γαρ
556 1405 684 1471 ἔχει,
722 1400 763 1454 ὠ
794 1396 994 1502 ανδρες
1021 1395 1340 1471 Ἀθηναῖοι,
1373 1402 1438 1473 τῇ
1469 1395 1734 1474 αληθεία
1782 1390 1851 1456 οῦ

241 1508 310 1540 αν
350 1507 431 1548 τις
473 1481 643 1540 αὑτὸν
684 1481 846 1557 ταξῃ,
898 1482 1242 1556 ἡγησαμενος
1285 1484 1569 1555 βέλτιστον
1613 1482 1773 1555 εἶναι,
1815 1507 1914 1555 ‘¹215

238 1566 348 1624 ὑπὸ
384 1564 646 1640 ἄρχοντος
685 1570 891 1641 ταχθῇ,
947 1571 1192 1625 ἐνταῦθα
1235 1573 1349 1639 δεῖ,
1403 1566 1475 1633 ὡς
1519 1569 1635 1640 ἐμοὶ
1679 1572 1850 1639 δοκεῖ,

239 1654 476 1724 μένοντα
527 1650 909 1725 κινδυνεύειν,
972 1653 1147 1724 μηδεν
1197 1650 1659 1724 ὑπολογιζόμενον
1717 1651 1853 1724 μήτε

239 1735 490 1793 θάνατον
520 1735 655 1837 μητε
685 1734 818 1793 αλλο
848 1737 1024 1808 μηδεν
1054 1734 1160 1809 πρὸ
1191 1740 1287 1794 τοῦ
1327 1738 1571 1808 αἰσχροῦ.
1646 1739 1694 1791 4.
1745 1733 1850 1806 ἐγω

190 1853 212 1874 c
241 1812 343 1877 οῦν
375 1817 582 1876 δεινὰ
561 1844 631 1876 αν
664 1830 785 1892 εἰην
819 1823 1202 1926 εἰργασμένος,
1243 1813 1285 1876 ὠ
1317 1817 1517 1893 ἄνδρες
1541 1818 1848 1892 Ἀθηναῖοι,

243 1910 295 1960 εἰ
320 1902 411 1960 ότε
440 1907 542 1976 μέν
571 1927 639 1976 με
670 1909 726 1959 οι
751 1927 1008 2010 αρχοντες
1042 1910 1282 1975 ἔταττον,
1314 1901 1410 1969 οὓς
1439 1899 1597 1976 ὑμεῖς
1630 1906 1851 1961 εἵλεσθε
1873 1929 1915 1961 20

241 2011 431 2061 αρχειν
460 2012 595 2060 μου,
648 1989 738 2043 καὶ
784 1991 843 2044 ἐν
872 1993 1147 2044 Ποτιδαία
1191 1990 1282 2044 καὶ
1322 1990 1380 2044 ἐν
1406 1984 1728 2061 Ἀμφιπόλει
1759 1990 1852 2045 καὶ

244 2074 332 2129 ε’πὶ
365 2078 586 2148 Δηλίω,
634 2074 724 2128 καὶ
757 2070 963 2129 ἄλλοθί
988 2094 1117 2144 που,
1149 2064 1217 2129 οῦ
1249 2075 1449 2129 ἐκεῖνοι
1480 2078 1703 2130 ε’ταττον
1726 2078 1853 2144 ἔμε-

242 2180 344 2214 νον
375 2155 560 2230 ὥσπερ
592 2158 682 2212 καὶ
713 2154 876 2224 αλλος
906 2181 986 2222 τις
1013 2158 1105 2213 καὶ
1132 2155 1495 2214 ἐκινδύνευον
1519 2155 1850 2229 ἀποθανεῖν,

242 2244 342 2298 τοῦ
374 2242 434 2297 δὲ
457 2246 598 2298 θεοῦ
621 2239 927 2313 τάττοντος,
961 2239 1034 2308 ὡς
1067 2239 1172 2312 ἐγώ
1205 2237 1401 2316 ᾠήθην
1431 2265 1489 2298 τε
1520 2242 1612 2297 καὶ
1641 2236 1851 2297 ὑπέλα-

243 2331 364 2396 βον,
396 2323 811 2398 φιλοσοφοῦντα
840 2348 908 2398 με
941 2331 1062 2382 δεῖν
1085 2329 1181 2398 ζῆν
1212 2328 1302 2382 καὶ
1335 2323 1648 2394 ἐξετάζοντα
1680 2327 1849 2397 ἐμαυ-
1872 2347 1914 2379 25

242 2407 338 2465 τὸν
379 2411 470 2464 καὶ
509 2407 636 2475 τοῦς
682 2407 912 2481 ἄλλους,
954 2413 1203 2467 ἐνταῦθα
1245 2410 1307 2466 δὲ
1351 2411 1625 2512 φοβηθεὶς
1669 2407 1852 2466 θάνα-

242 2516 339 2549 τον
369 2517 403 2564 η
434 2490 566 2548 ἄλλο
597 2489 784 2550 ὁτιοῦν
814 2497 1037 2602 πρᾶγμα
1068 2500 1279 2567 λίποιμι
1310 2494 1412 2565 τὴν
1441 2492 1690 2561 ταξινο
1661 2497 1844 2550 ,δει-

242 2575 344 2634 νὸν
383 2573 588 2647 μένταν
631 2585 741 2649 εἰη,
784 2579 876 2633 καὶ
922 2602 995 2644 ως
1025 2576 1261 2680 ἇληθως
1279 2574 1391 2634 τότ’
1425 2575 1495 2634 ἅν
1524 2601 1591 2649 με
1623 2582 1849 2644 δικαίως

196 2688 219 2719 d
246 2657 453 2731 εἰσαγοι
483 2683 563 2725 τις
596 2666 671 2726 εἰς
697 2660 1113 2735 δικαστήριον,
1094 2661 1176 2718 ότι
1199 2659 1266 2718 οὐ
1290 2667 1490 2734 νομίζω
1514 2658 1681 2726 θεους
1706 2660 1849 2717 εἶναι

244 2741 496 2801 ἀπειθῶν
525 2747 593 2818 τῇ
621 2751 852 2819 μαντείᾳ
883 2748 973 2801 καὶ
999 2745 1195 2812 δεδιώς
1219 2744 1465 2803 θάνατον
1488 2745 1574 2800 κοὶ
1599 2743 1847 2816 οἰόμενος
1870 2767 1934 2800 30.

244 2826 415 2901 σοφὸς
447 2827 589 2885 εἶναι
629 2827 731 2885 οῦκ
772 2826 865 2887 ὤν.
942 2829 999 2886 τὸ
1039 2829 1143 2904 γάρ
1183 2853 1263 2886 τοι
1302 2828 1551 2886 θάνατον
1583 2830 1844 2902 δεδιέναι,
