2014 3146
292 119 359 171 74
949 120 1198 161 EUSEBII

288 244 385 309 λης
426 233 669 308 ἀνάγκης
705 237 974 307 μηδεμιᾶς
1012 233 1298 307 τοιαύτης,
1340 233 1459 292 ἀλλ’
1499 235 1699 308 ἱκανὴν
1753 237 1893 295 εἶναι

177 344 268 385 (565)
289 317 465 392 αυτὴν
491 329 666 392 ἴσχειν
688 317 788 390 τὴν
812 314 1103 390 ὁμοιότητα
1125 322 1224 375 τοῦ
1248 317 1490 392 οὐρανοῦ
1515 317 1687 377 αὐτοῦ
1718 323 1895 397 ἑαυτῷ

175 1182 269 1226 [332]

287 403 464 475 πάντη
512 405 604 459 καὶ
642 406 737 474 τῆς
777 406 876 474 γῆς
915 399 1092 474 αὐτὴν
1132 396 1233 476 τὴν
1276 409 1623 476 ἰσορροπίαν·
1687 404 1897 479 ἰσόρρο-

286 510 392 544 πον
422 485 526 561 γαρ
558 489 782 559 πρᾶγμα
810 485 1004 559 ὁμοίου
1033 485 1181 553 τινὸς
1214 490 1274 544 ἐν
1295 489 1444 563 μέσῳ
1467 489 1634 545 τεθὲν
1662 485 1762 561 οὐχ
1795 492 1898 557 ἕξει

286 575 496 644 μᾶλλον
547 569 670 628 οὐδ’
715 563 879 642 ἦττον
932 569 1210 644 οὐδαμόσε
1254 574 1546 643 κλιθῆναι,
1591 570 1790 644 ὁμοίως
1843 571 1891 629 δ’
1923 597 1943 628 5

287 661 414 728 ἔχον
457 653 675 721 ἀκλινὲς
713 659 880 727 μένει.
984 659 1032 711 3.
1091 660 1327 729 Πρῶτον
1364 680 1466 728 μεν
1507 654 1606 728 δὴ,
1648 647 1682 726 ἦ
1725 655 1775 712 δ’
1821 654 1898 728 ὃς,

287 743 448 797 τοῦτο
500 742 810 812 πέπεισμαι.
891 741 998 799 Καὶ
1042 735 1226 838 ὀρθῶς
1278 764 1367 812 γε,
1423 746 1529 812 ἔφη
1569 735 1597 796 ὁ
1641 747 1898 848 Σιμμίας.

274 822 387 881 ”En
427 830 649 895 τοίνυν,
694 830 828 896 ἔφη,
875 822 1135 895 πάμμεγά
1173 849 1224 881 τι
1257 825 1398 881 εἶναι
1429 822 1595 896 αὐτὸ,
1642 827 1734 880 καὶ
1763 820 1904 897 ἡμᾶς

287 913 463 965 οἰκεῖν
503 906 632 974 τούς
671 910 857 980 μέχρις
880 907 1222 980 Ηρακλείων
1274 911 1490 980 στηλῶν
1519 906 1627 964 ἀπὸ
1660 907 1902 974 Φάσιδος

290 995 350 1048 ἐν
381 997 593 1068 σμικρῷ
623 1016 731 1049 τινι
761 999 965 1068 μορίῳ,
1007 989 1192 1066 ὥσπερ
1235 995 1362 1066 περὶ
1406 993 1573 1065 τέλμα
1615 991 1902 1065 μύρμηκας
1930 1017 1966 1048 10

289 1072 322 1147 ἢ
353 1075 689 1148 βατράχους,
722 1078 849 1148 περὶ
881 1075 982 1148 τὴν
1012 1074 1295 1133 θάλατταν
1325 1079 1642 1148 οἰκοῦντας,
1685 1079 1777 1133 καὶ
1808 1077 1901 1132 ἅλ-

290 1168 419 1228 λους
457 1158 657 1217 ἄλλοθι
697 1160 934 1226 πολλοὺς
976 1161 1034 1217 ἐν
1064 1169 1286 1227 πολλοῖς
1315 1159 1581 1226 τοιούτοις
1609 1158 1796 1226 τόποις
1826 1166 1900 1218 οἰ·

289 1259 424 1302 κεῖν.
514 1249 562 1300 4.
622 1245 763 1301 εἶναι
805 1244 909 1317 γὰρ
950 1249 1198 1318 πανταχῆ
1251 1246 1378 1315 περὶ
1429 1245 1532 1316 τὴν
1581 1248 1688 1317 γῆν
1727 1242 1902 1302 πολλοὶ

289 1336 446 1385 κοῖλα
487 1331 580 1385 καὶ
623 1327 951 1392 παντοδαπὰ
991 1330 1083 1385 καὶ
1125 1329 1221 1395 τὰς
1263 1332 1412 1394 ἰδέας
1453 1331 1546 1385 καὶ
1575 1326 1641 1385 τοὶ
1671 1331 1902 1401 μεγέθη,

291 1419 368 1478 εἰς
399 1409 434 1468 ἃ
457 1415 890 1487 ξυνερρυηκέναι
921 1412 981 1470 τό
1012 1437 1069 1470 τε
1098 1411 1252 1486 ὕδωρ
1295 1415 1387 1470 καὶ
1419 1412 1520 1485 τὴν
1549 1411 1781 1485 ὁμίχλην
1811 1415 1902 1470 καὶ
1931 1435 1965 1466 15

288 1491 385 1554 τὸν
415 1494 578 1570 ἀέρα·
625 1494 801 1569 αὐτὴν
833 1499 894 1554 δὲ
923 1497 1025 1569 τὴν
1065 1501 1171 1570 γῆν
1201 1497 1460 1570 καθαράν
1490 1521 1547 1554 τε
1580 1500 1640 1554 έν
1670 1500 1904 1573 καθαρῷ

290 1592 514 1638 κεῖσθαι
553 1585 629 1656 τῷ
669 1580 923 1658 οὐρανῷ,
968 1584 1026 1638 έν
1062 1573 1209 1658 ᾧπέρ
1243 1585 1354 1638 ἐστι
1384 1580 1450 1638 τὰ
1492 1579 1695 1654 ἄστρα,
1736 1577 1803 1638 ὃν
1835 1579 1903 1653 δὴ

291 1668 493 1737 αἰθέρα
515 1663 802 1737 ὀνομάζειν
824 1665 951 1731 τούς
975 1664 1211 1732 πολλοὺς
1235 1669 1346 1723 τῶν
1370 1665 1436 1722 τὰ
1458 1669 1685 1726 τοιαῦτα
1709 1664 1904 1723 εἰωθό-

291 1774 403 1806 των
433 1753 639 1821 λέγειν·
685 1741 753 1806 οὗ
784 1748 852 1822 δὴ
882 1747 1251 1823 ὑποστάθμην
1287 1750 1428 1806 εἶναι
1463 1753 1632 1807 ταῦτα
1656 1752 1748 1806 καὶ
1778 1753 1903 1823 ξυρ-

292 1847 412 1905 ρεῖν
442 1830 528 1890 ἀεὶ
560 1838 637 1899 εἰς
667 1831 733 1890 τά
757 1842 914 1891 κοῖλα
938 1839 1032 1905 τῆς
1056 1837 1169 1906 γῆς.
1240 1839 1288 1891 5.
1323 1840 1462 1907 ημᾶς
1494 1834 1582 1891 οἷν
1612 1837 1902 1900 οἰκοῦντας
1929 1857 1966 1888 20

294 1921 354 1975 έν
383 1932 496 1984 τοῖς
526 1924 731 1982 κοίλοις
762 1916 931 1989 αὐτῆς
963 1920 1259 1990 λεληθέναι
1295 1921 1387 1975 καὶ
1418 1929 1638 1976 οἴεσθαι
1672 1916 1787 1975 ἅνω
1815 1920 1903 1975 ἐπὶ

290 2006 386 2073 τῆς
427 2006 525 2074 γῆς
559 2008 762 2071 οἰκεῖν,
818 2000 1003 2072 ὥσπερ
1051 1999 1120 2058 ἂν
1171 2012 1224 2059 εἰ
1257 2027 1339 2068 τις
1393 2006 1452 2059 ἐν
1492 2005 1641 2078 μέσῳ
1681 2005 1758 2078 τῷ
1798 2024 1908 2058 πυ-

292 2088 460 2159 θμένι
490 2091 589 2142 τοῦ
622 2085 896 2157 πελάγους
928 2090 1097 2143 οἰκῶν
1121 2085 1291 2143 οἴοιτό
1314 2110 1373 2143 τε
1397 2089 1485 2143 ε’πὶ
1510 2090 1606 2157 τῆς
1629 2083 1904 2158 θαλάττης

291 2176 467 2227 οἰκεῖν
517 2171 610 2226 καὶ
651 2169 742 2226 διὰ
781 2173 880 2227 τοῦ
919 2168 1123 2236 ὕδατος
1161 2169 1310 2244 ὁρῶν
1361 2169 1457 2227 τὸν
1508 2169 1667 2241 ἥλιον
1708 2171 1799 2226 καὶ
1839 2169 1906 2225 τὰ

293 2252 430 2310 ἄλλα
463 2252 636 2327 ἄστρα
665 2252 766 2326 τὴν
796 2253 1082 2312 θάλατταν
1111 2252 1298 2327 ἡγοῖτο
1328 2251 1571 2326 οὐρανὸν
1603 2253 1745 2311 εἶναι
1764 2298 1779 2326 ,
1815 2253 1905 2309 διὰ
1930 2275 1969 2306 25

297 2338 358 2393 δὲ
388 2337 708 2409 βραδυτῆτά
748 2362 806 2395 τε
847 2340 938 2395 καὶ
979 2337 1284 2396 ἀσθένειαν
1323 2336 1685 2411 μηδεπώποτε
1718 2339 1807 2395 ἐπὶ
1839 2336 1903 2394 τα

293 2418 434 2493 ἄκρα
463 2424 558 2492 τῆς
588 2420 865 2493 θαλάττης
899 2431 982 2494 εἰή
1006 2421 1328 2495 ἀφιγμένος,
1354 2424 1493 2496 μηδὲ
1517 2421 1775 2495 ἑωρακώς
1800 2431 1902 2493 εἰή,

298 2503 458 2570 ἐκδὺς
489 2506 582 2560 καὶ
611 2502 902 2572 ἀνακύψας
936 2509 994 2562 ἐκ
1025 2510 1118 2578 τῆς
1150 2506 1428 2579 θαλάττης
1461 2512 1536 2572 εἰς
1567 2505 1664 2562 τὸν
1697 2503 1902 2562 ἐνθάδε

293 2587 489 2659 τόπον,
529 2586 642 2664 ὅσῳ
682 2588 1070 2661 καθαρώτερος
1109 2591 1201 2645 καὶ
1242 2597 1484 2646 καλλίων
1524 2587 1784 2663 τυγχάνει
1824 2584 1902 2644 ὢν

293 2676 391 2728 τοῦ
422 2670 570 2745 παρὰ
600 2679 786 2744 σφίσι,
829 2673 970 2745 μηδὲ
1008 2671 1181 2729 ἄλλον
1214 2670 1462 2745 ἀκηκοώς
1494 2682 1579 2745 εἰή
1609 2676 1770 2729 τοῦτο
1802 2674 1897 2728 ἕω·
1925 2693 1964 2724 30

248 2789 271 2820 d
296 2755 536 2829 ρακότος.
627 2761 673 2811 G.
721 2753 884 2812 ταύτὸ
918 2755 986 2828 δὴ
1017 2759 1180 2813 τοῦτο
1213 2759 1303 2812 καὶ
1344 2753 1484 2829 ἡμᾶς
1524 2758 1895 2813 πεπονθέναι·

295 2844 582 2906 οἰκοῦντας
621 2839 726 2914 γὰρ
768 2847 828 2897 ε”ν
867 2864 973 2897 τινι
1016 2847 1181 2916 κοίλῳ
1212 2843 1306 2913 τῆς
1336 2844 1434 2912 γῆς
1465 2849 1683 2897 οἰέσθαι
1715 2838 1898 2896 ἐπάνω
