2014 3146
245 84 351 136 408
928 85 1176 127 EUSEBII

248 215 348 268 ψιν
393 197 549 273 ἡλίου
590 197 679 270 ἐφ’
722 197 852 257 ὅλον
891 197 988 256 τὸν
1035 202 1213 273 μῆνα,
1267 202 1358 257 καὶ
1400 199 1569 259 παλιν
1611 207 1861 272 ἔκλειψιν

251 288 440 357 ἐντελῆ
458 328 471 354 ,
506 281 646 341 ω’στε
677 283 778 357 τὴν
807 279 1020 358 ἡμέραν
1049 282 1222 342 νύκτα
1254 287 1517 357 φανῆναι.

415 366 615 425 .’Ἐνιοι
647 367 918 441 πύκνωμα
948 371 1060 425 τῶν
1091 365 1343 442 αοράτων
1369 370 1751 443 ἐπερχομένων
1781 372 1857 446 τῷ

249 458 422 529 δίσκῳ
454 476 658 525 νεφων

374 542 422 593 6.
452 534 799 611 Ἀρίσταρχος
829 534 924 594 τὸν
965 533 1122 610 ἥλιον
1151 541 1335 611 ’ἵστησι
1375 537 1508 610 μετὰ
1539 539 1650 594 τῶν
1679 534 1855 594 ἄπλα-
1879 563 1902 596 5

248 624 391 693 νων,
423 619 523 694 τὴν
557 621 619 678 δὲ
650 619 891 694 σελήνην
922 634 1068 679 κινεῖ
1094 623 1220 695 περὶ
1243 619 1339 678 τὸν
1371 618 1599 694 ἡλιακὸν
1630 619 1856 695 κύκλον,

247 708 340 763 καὶ
370 706 507 762 κατὰ
536 703 737 772 ταύτας
763 705 855 773 τὰς
882 707 1147 778 ἐγκλίσεις
1172 704 1497 775 σκιάζεσθαι
1526 703 1622 763 τὸν
1647 711 1855 763 δίσκον.

388 806 423 847 1.
457 788 780 863 Ξενοφάνης
811 789 1050 856 πολλοὺς
1080 786 1270 863 ἡλίους
1306 789 1448 849 εἶναι
1480 792 1571 847 καὶ
1601 789 1855 863 σελήνας,

248 874 383 931 κατὰ
413 874 479 931 τὰ
511 881 745 947 κλίματα
776 878 870 946 τῆς
901 880 1028 946 γῆς,
1061 877 1154 931 καὶ
1183 872 1490 948 ἀποτομὰς,
1534 876 1625 932 καὶ
1658 873 1857 944 ζώνας·

247 959 384 1016 κατά
424 983 548 1016 τινα
592 959 653 1014 δὲ
693 958 886 1032 καιρὸν
928 962 1218 1031 ἐμπίπτειν
1258 957 1354 1016 τὸν
1401 964 1593 1016 δίσκον
1626 967 1703 1025 εἴς
1734 983 1857 1016 τινα
1882 985 1926 1016 ιο

247 1039 530 1116 ἀποτομὴν
560 1046 654 1115 τῆς
685 1046 783 1115 γῆς
815 1041 920 1100 οὐκ
951 1046 1277 1116 οἰκουμένης
1300 1039 1402 1116 ὑφ’
1435 1041 1611 1116 ἡμῶν,
1645 1045 1736 1099 καὶ
1766 1041 1859 1100 οῦ-

203 1153 224 1184 b
247 1151 353 1194 τως
376 1124 562 1201 ὥσπερ
586 1131 1030 1200 κενεμβατοῦντα
1063 1132 1309 1195 ἔκλειψιν
1328 1125 1683 1200 ὑποφαίνειν.
1740 1123 1767 1184 ὁ
1803 1124 1854 1184 δ’

204 1751 221 1773 C

249 1208 412 1277 αὐτὸς
443 1210 539 1268 τὸν
568 1209 728 1283 ἥλιον
757 1211 860 1284 μὲν
893 1217 972 1277 είς
1003 1209 1234 1285 ἄπειρον
1264 1213 1543 1286 προϊέναι,
1579 1216 1765 1270 δοκεῖν
1799 1211 1859 1268 δὲ

250 1304 580 1354 κυκλεῖσθαι
614 1293 704 1352 διὰ
735 1296 835 1368 τὴν
866 1292 1226 1353 ἆπόστασιν.”

253 1447 327 1496 LI.
664 1432 847 1510 “Περὶ
880 1438 1174 1505 ἐκλείψεως
1206 1435 1454 1509 σελήνης.

375 1545 809 1622 Ἀναξίμανδρος
839 1553 936 1606 τοῦ
968 1555 1198 1622 στομίου
1230 1553 1329 1606 τοῦ
1376 1550 1503 1623 περὶ
1533 1547 1631 1606 τὸν
1661 1546 1859 1622 τροχὸν

253 1636 745 1707 ἐπιφραττομένου.

376 1721 423 1774 2.
458 1717 757 1791 Βηρωσσὸς
781 1717 916 1776 κατα
942 1717 1044 1790 τὴν
1067 1715 1202 1791 πρὸς
1226 1713 1364 1791 ἡμᾶς
1392 1715 1728 1790 ἐπιστροφὴν
1759 1719 1862 1774 τοῦ

249 1797 547 1874 ἀπυρώτου
578 1803 792 1875 μέρους.

1884 1455 1929 1488 15

377 1889 423 1941 3.
454 1883 799 1959 Ἡράκλειτος
823 1884 958 1942 κατὰ
980 1883 1082 1957 τὴν
1093 1889 1190 1942 τοῦ
1205 1888 1572 1958 σκαφοειδοῦς
1593 1882 1854 1957 στροφήν.
1882 1905 1927 1938 20

373 1974 421 2026 4.
465 1975 586 2026 Τῶν
619 1976 1031 2044 Πυθαγορείων
1066 1969 1211 2036 τινες
1250 1966 1585 2042 ἀνταύγειαν
1615 1971 1707 2025 καὶ
1739 1971 1858 2025 ε’πί-

250 2057 453 2126 φραξιν
467 2057 560 2125 τῆς
585 2059 703 2126 γῆς,
728 2051 759 2126 ἢ
783 2059 877 2127 τῆς
890 2051 1243 2127 αντίχθονος
1278 2058 1331 2110 οι
1358 2054 1418 2110 δε
1437 2051 1713 2126 νεώτεροι,
1737 2051 1855 2110 κατ’

251 2140 573 2212 ἐπινέμησιν
613 2138 818 2211 φλογὸς
870 2163 1007 2195 κατα
1046 2136 1246 2211 μικρὸν
1297 2139 1660 2211 ἐξαπτομένης
1701 2160 1861 2194 τετα-

250 2225 462 2296 γμένως
505 2225 605 2289 ε’ως
644 2218 714 2279 ἂν
743 2221 844 2295 τὴν
873 2229 1091 2280 τελείαν
1121 2225 1469 2329 πανσέληνον
1511 2219 1702 2279 ἀποδω
1721 2266 1735 2294 ,
1768 2223 1859 2277 καὶ

251 2305 418 2364 παλιν
448 2305 732 2379 ἀναλόγως
761 2309 1090 2380 μειουμένης
1113 2309 1270 2390 μέχρι
1301 2310 1395 2379 τῆς
1419 2304 1682 2378 συνόδου,
1715 2303 1852 2363 καθ’
1881 2329 1927 2362 25

252 2386 322 2462 ἣν
353 2392 548 2456 τελέως
581 2394 895 2463 σβε’.ννυται

378 2478 424 2531 5.
459 2473 718 2547 Πλάτων,
735 2474 1130 2549 Ἀριστοτέλης,
1157 2480 1214 2532 οἱ
1232 2476 1473 2532 Στωϊκοὶ
1497 2475 1586 2531 καὶ
1611 2479 1860 2547 οἶμαθη·

250 2561 468 2631 ματικοὶ
510 2564 875 2631 συμφωνοῦσι
915 2557 1010 2625 τας
1048 2560 1151 2632 μὲν
1189 2564 1480 2632 μηνιαίους
1520 2555 1860 2631 ἀποκρύψεις

207 2665 227 2696 d
254 2641 674 2700 συνοδεύουσαν
717 2642 894 2716 αὐτὴν
934 2642 1073 2719 ἡλίῳ
1115 2646 1207 2700 καὶ
1260 2645 1861 2716 συμπεριλαμπομένην

368 2839 419 2878 15
453 2835 569 2889 Περὶ
596 2829 848 2888 ἐκλείψεως
871 2830 1086 2890 σελήνης]
1121 2836 1352 2879 Plutarch,
1378 2849 1421 2888 p.
1442 2836 1521 2876 891
1543 2834 1576 2878 f.

1968 2059 1991 2069 ,k
