2014 3146
222 142 286 192 12
897 142 1145 184 EUSEBII

220 261 280 316 ἐν
303 254 436 331 ἡμῖν
462 259 702 330 λογικὸν,
735 261 923 329 ἕτερον
953 256 1088 315 ὄντα
1116 256 1218 331 τὴν
1246 257 1422 331 φύσιν
1451 263 1549 316 τοῦ
1579 257 1825 331 γεώδους

210 340 398 415 Ἀδάμ.
473 341 727 399 διάνοιαν
778 342 840 398 δὲ
894 344 1133 415 περιέχει
1184 344 1276 400 καὶ
1321 341 1350 400 ὁ
1384 341 1551 409 Ἐνώς
1591 349 1824 415 οἰκείαν,

219 425 537 499 ἐπιλήσμων
558 431 624 499 τῇ
640 424 919 497 Ἑλλήνων
941 425 1378 500 ἑρμηνευόμενος
1401 431 1578 501 φωνῇ.
1623 432 1824 484 ]3.τοι-

217 514 383 568 οὖτον
415 511 476 567 δὲ
506 512 757 582 πέφυκεν
785 505 1058 583 ὑπάρχειν
1085 509 1146 567 τὸ
1179 514 1239 568 ἐν
1269 506 1402 583 ἡμῖν
1440 510 1690 583 λογικὸν,
1730 517 1825 584 τῆς

217 594 353 668 πρὸς
383 595 442 651 τὸ
465 592 678 666 θνητὸν
709 596 800 650 καὶ
830 592 1034 666 ἄλογον
1063 599 1381 668 συμπλοκῆς
1413 598 1590 653 ἕνεκα.
1633 593 1693 652 τὸ
1723 597 1826 668 μὲν
1848 618 1871 651 5

217 677 321 752 γὰρ
364 677 544 751 πάντη
596 677 848 751 καθαρὸν
897 681 989 735 καὶ
1036 676 1330 752 ἀσώματον
1380 682 1474 736 καὶ
1521 689 1684 737 θεῖον
1733 681 1826 736 καὶ

215 761 535 838 λογικὸνψού
566 762 739 835 μόνον
768 765 882 819 τοῖν
911 761 1164 837 πρόσθεν
1193 765 1512 836 γενομένων
1551 763 1654 836 τὴν
1690 762 1827 837 μνή-

170 873 193 904 d
217 871 357 920 μην,
399 845 539 903 ἀλλὰ
578 849 668 903 καὶ
710 851 823 903 τῶν
859 846 1176 920 μελλόντων
1207 854 1437 905 ἔσεσθαι
1466 847 1568 920 τὴν
1597 851 1827 920 γνῶσιν,

220 929 285 988 δι’
313 929 491 1004 ἄκραν
521 930 725 1004 ἀρετὴν
754 937 999 1003 θεωρίας
1029 938 1368 1005 περιείληφε.
1415 930 1476 989 τὸ
1509 929 1562 989 δ’
1586 935 1646 989 ἐν
1669 934 1830 1004 σαρξὶ

218 1017 611 1088 πεπιλημένον,
642 1014 851 1081 ὀστέοις
874 1039 932 1073 τε
955 1017 1048 1072 καὶ
1071 1014 1289 1090 νεύροις
1312 1019 1827 1091 καταπεπαρμένον,
1851 1039 1894 1072 10

217 1097 385 1172 ὄγκον
423 1123 482 1157 τε
526 1101 701 1172 μέγαν
739 1102 831 1156 καὶ
880 1098 1062 1172 βαρύν
1102 1102 1512 1173 ἐπηχθισμένον
1549 1100 1610 1158 τὸ
1650 1103 1826 1174 σῶμα,

218 1183 396 1257 λήθης
427 1188 632 1257 πολλῆς
661 1187 755 1241 καὶ
784 1182 1029 1256 ἀμαθίας
1059 1183 1310 1242 συνιδὼν
1339 1180 1369 1241 ὃ
1401 1181 1829 1258 παρ’Ὲβραίοις

219 1266 400 1340 λόγιος
460 1267 756 1345 εὐθυβόλῳ
806 1271 1041 1341 κέκληκε
1091 1267 1436 1342 προσρήματι
1477 1267 1647 1335 Ἐνώς
1699 1273 1830 1326 ἐπο-

218 1351 480 1425 νομάσας,
512 1349 647 1425 ὅπερ
680 1358 840 1424 δηλοῖ
861 1353 958 1410 τὸν
983 1351 1336 1426 ἐπιλήσμονα.
1388 1357 1466 1410 14.
1494 1366 1669 1411 κεῖται
1692 1356 1830 1426 γοῦν

218 1435 366 1508 παρά
396 1460 504 1494 τινι
535 1435 792 1545 προφήτῃ
841 1435 921 1493 τί
957 1439 1104 1494 ἐστιν
1134 1435 1463 1543 aevfipmazoffi
1505 1434 1588 1494 ὅτι
1626 1436 1828 1510 μιμνή-
1851 1459 1892 1492 15

218 1539 323 1595 σκῃ
349 1517 549 1589 αὐτοῦ;
581 1517 615 1591 ἢ
644 1520 767 1586 υιὸς
796 1519 1125 1594 ανθρωπου,
1156 1519 1239 1578 ότι
1271 1523 1568 1594 ἐπισκέπτῃ
1600 1518 1826 1591 αὐτόν;”

218 1602 350 1661 ἀνθ’
386 1628 453 1661 ου
492 1603 552 1660 τὸ
584 1603 877 1676 Εβραϊκὸν
918 1607 1007 1662 ἐπὶ
1047 1629 1151 1678 μεν
1190 1611 1287 1677 τῆς
1328 1628 1547 1679 πρωτης
1587 1611 1686 1663 τοῦ
1728 1603 1830 1663 ἆν-

218 1686 454 1761 θρωπου
495 1687 740 1761 κλήσεως
770 1688 830 1746 τὸ
858 1688 1025 1756 Ἐνως
1061 1696 1450 1763 περιείληφεν,
1503 1689 1636 1748 ω’σεὶ
1675 1696 1831 1762 ἔλεγε
1900 1737 1913 1744 Α

218 1776 589 1847 σαφέστερον,
628 1780 688 1829 τί
712 1764 870 1839 ουτός
903 1778 1054 1831 ἐστιν
1083 1773 1111 1831 ὁ
1145 1773 1488 1847 ἐπιλήσμων,
1528 1773 1611 1831 ὅτι
1642 1776 1744 1846 σὺ,
1786 1797 1829 1831 ω

107 1877 199 1920 [304]
219 1858 346 1929 θεὲ,
399 1855 681 1930 μιμνήσκῃ
730 1855 935 1929 αὐτοῦ,
986 1865 1185 1932 καίπερ
1235 1856 1393 1926 όντος
1437 1857 1828 1931 ἐπιλήσμονος;
1851 1881 1893 1914 20

108 1954 200 1995 (51⁷)
225 1946 302 1997 15.
337 1938 396 1998 τὸ
431 1941 492 1997 δὲ
525 1936 597 2012 “ἢ
638 1941 758 2007 υίὸς
796 1940 1133 2015 ἀνθρώπου,
1173 1941 1256 1999 ὅτι
1289 1945 1586 2017 ἐπισκέπτῃ
1618 1939 1827 2000 αὐτόν”

209 2020 283 2096 “2³2¹
335 2023 455 2090 υίὸς
495 2021 704 2097 Ἀδοὲμ”
746 2039 923 2083 κεῖται
965 2026 1115 2098 παρὰ
1154 2040 1268 2092 τοῖς
1313 2029 1703 2100 δηλουμένοις,
1755 2025 1829 2094 ὦς

221 2109 362 2167 εἷναι
392 2108 489 2165 τὸν
520 2105 692 2165 αὐτὸν
722 2112 815 2166 καὶ
834 2107 1009 2183 Ἀδὰμ
1039 2112 1132 2167 καὶ
1156 2109 1343 2181 Ἐνώς,
1361 2115 1473 2167 >τοῦ
1503 2113 1606 2184 μὲν
1635 2129 1830 2184 σαρκι-

220 2199 320 2250 κοῦ
362 2193 454 2250 δια
494 2197 594 2250 τοῦ
629 2189 830 2267 Ἀδὰμ,
879 2198 977 2252 τοῦ
1019 2195 1081 2251 δὲ
1120 2197 1346 2267 λογικοῦ
1385 2192 1477 2251 διὰ
1522 2198 1622 2251 τοῦ
1660 2191 1828 2260 Ἐνώς

220 2279 647 2348 παρισταμένου.
1851 2300 1892 2333 25

350 2364 430 2415 16.
463 2361 574 2416 Καὶ
603 2358 668 2415 τὰ
698 2361 800 2432 μὲν
821 2359 1095 2433 Ἐβραίων
1126 2360 1283 2435 λόγια
1312 2359 1456 2419 οὕτω
1484 2384 1600 2428 πως
1626 2367 1830 2434 διαιρεῖ

220 2441 322 2514 τὴν
372 2445 759 2515 ἐτυμολογίαν
820 2443 849 2500 ὃ
892 2445 954 2501 δε
995 2445 1236 2503 Πλάτων
1274 2470 1371 2503 τον
1413 2443 1719 2519 ανθρωπον
1759 2449 1831 2520 τῇ

213 2524 492 2598 Ἑλλήνων
534 2531 696 2601 φωνῇ
737 2525 884 2599 παρα
921 2527 981 2584 τὸ
1022 2525 1296 2599 ἄναθρεῐν
1337 2547 1474 2601 φησι
1522 2533 1828 2601 κεκλῆσθαι

223 2613 399 2682 λέγων

341 2691 370 2712 “
387 2690 443 2751 Ὁ
486 2695 547 2750 δὲ
595 2691 893 2766 ἅνθρωπος
932 2693 1043 2768 ἅμα
1084 2694 1320 2769 ἑώρακε,
1369 2700 1531 2754 τοῦτο
1571 2700 1635 2754 δέ
1679 2700 1891 2754 ἐστιν3ο

334 2889 387 2927 27
420 2882 643 2940 Πλάτων]
678 2887 803 2930 Crat.
826 2901 869 2939 p.
892 2889 988 2930 399.
1011 2889 1107 2927 414.
