2014 3146
622 126 835 167 PRAEP.
868 124 1088 167 EVANG
1111 125 1232 169 XIV
1258 126 1297 166 4.
1656 124 1757 176 261

150 266 275 300 τινα
323 245 547 308 ἕκαστος
597 246 863 314 φαίνεταί
907 266 998 315 μοι
1054 246 1399 313 διηγεῖσθαι,
1455 243 1649 299 παισὶν
1690 240 1762 308 ὡς

151 317 311 384 οὖσιν
342 325 489 400 ἡμῖν.
561 322 590 382 ὁ
620 349 724 398 μεν
755 323 828 391 ὡς
856 332 981 400 τρία
1012 350 1077 382 τα
1107 323 1272 397 ὄντα,
1316 334 1548 399 πολεμεῖ
1575 326 1636 383 δε
1666 325 1758 383 ἆλ-
1784 345 1872 386 (725)

151 409 336 482 λήλοις
369 413 543 469 ἐνίοτε
572 406 758 467 αυτῶν
779 408 912 467 ἅττα
936 432 1030 482 πη,
1063 410 1184 468 τοτὲ
1209 411 1269 467 δὲ
1292 412 1383 467 καὶ
1408 417 1544 483 φίλα
1574 410 1762 483 γιγνό-

151 520 290 569 μενα
319 493 527 568 γάμους
558 519 616 553 τε
659 496 750 551 καὶ
789 492 984 561 τόκους
1015 497 1108 551 καὶ
1136 494 1343 568 τροφὰς
1373 498 1485 552 τῶν
1517 495 1763 567 ἐκγόνων

107 604 128 636 5
151 582 471 653 παρέχεται·
522 578 622 637 δύο
655 579 715 635 δὲ
745 582 926 654 ἔτερος
959 578 1159 652 εἰπών,
1202 578 1378 654 ὑγρὸν
1409 582 1501 636 καὶ
1531 580 1699 655 ξηρὸν
1728 576 1761 654 ἦ

151 664 364 739 θερμὸν
388 667 478 721 καὶ
501 661 749 739 ψυχρὸν,
783 670 1081 733 συνοικίζει
1104 687 1162 720 τε
1196 661 1335 721 αὐτοὶ
1366 667 1456 721 καὶ
1483 668 1758 722 ἐκδίδωσι.

150 749 210 806 τὸ
245 749 306 806 δὲ
345 746 477 823 παρ’
520 747 654 822 ἡμῖν
677 746 987 805 Ἐλεατικὸν
1028 754 1193 813 ἔθνος
1235 746 1417 821 ἅπαν,
1461 746 1566 806 ἀπὸ
1597 754 1763 815 Ξενο-

151 832 365 907 φάνους
396 858 454 891 τε
485 835 576 890 καὶ
607 838 685 890 ἔτι
717 831 969 905 πρόσθεν
990 830 1316 905 ἀρξάμενον,
1352 832 1423 898 ὥς
1455 833 1575 900 ἑνὸς
1606 832 1763 899 ὄντος

150 921 263 975 τῶν
293 916 519 975 πάντων
549 919 935 989 καλουμένων,
973 915 1117 974 οὕτω
1152 921 1483 990 διεξέρχεται
1514 932 1627 984 τοῖς
1658 918 1766 991 μύ-

89 1027 129 1059 10
152 1013 291 1069 θοις.
350 999 520 1069 Ἰοὲδες
551 1003 619 1058 δέ
641 1024 787 1067 τινες
828 1003 918 1057 καὶ
949 1004 1240 1059 Σικελικαὶ
1269 998 1504 1075 ὕστερον
1537 1005 1765 1060 Μοῦσαι

152 1085 498 1160 ξυνενόησαν
526 1083 610 1144 ὅτι
644 1087 981 1159 συμπλέκειν
1023 1084 1438 1161 ἀσφαλέστερον
1479 1083 1765 1161 ἀμφότερα

152 1173 245 1229 καὶ
276 1173 458 1244 λέγειν
489 1169 562 1238 ὡς
591 1170 651 1229 τὸ
683 1167 747 1228 ὂν
777 1170 954 1228 πολλοί
984 1194 1043 1228 τε
1074 1173 1165 1228 καὶ
1198 1173 1259 1229 ἔν
1283 1175 1460 1242 ἐστιν,
1495 1178 1668 1247 ἔχθρα
1703 1173 1764 1229 δὲ
1790 1190 1814 1222 b

152 1258 246 1313 καὶ
275 1262 434 1332 φιλίᾳ
476 1259 780 1329 συνέχεται.
853 1253 1258 1330 διαφερόμενον
1297 1255 1401 1330 γὰρ
1442 1255 1527 1314 ἀεὶ
1560 1260 1764 1330 ξυμφέ-

152 1364 333 1415 ρεται,
375 1343 550 1412 φασὶν
590 1346 653 1398 αἱ
687 1339 1094 1412 συντονώτεραι
1138 1343 1250 1397 τῶν
1282 1344 1557 1398 Μουσῶν·
1613 1346 1675 1398 αἱ
1704 1343 1765 1398 δὲ

88 1449 128 1482 15
151 1424 534 1499 μαλακώτεραι
575 1423 635 1482 τό
657 1426 759 1498 μὲν
781 1422 866 1482 ἀεὶ
898 1429 1069 1482 ταῦτα
1092 1422 1267 1491 οὕτως
1294 1431 1438 1498 ἔχειν
1464 1423 1763 1498 ἐχάλασαν·

154 1513 215 1567 ἐν
243 1513 398 1583 μέρει
429 1511 492 1567 δὲ
520 1510 640 1567 τοτὲ
670 1510 772 1583 μὲν
805 1513 867 1567 ἓν
899 1510 1048 1567 εἶναι’
1072 1528 1212 1582 φασι
1242 1509 1302 1567 τὸ
1334 1511 1444 1566 πᾶν
1475 1512 1567 1566 καὶ
1598 1516 1766 1583 φίλον

151 1593 248 1652 ὑπ’
288 1591 644 1667 Ἀφροδίτης,
698 1594 819 1651 τοτὲ
861 1594 923 1651 δὲ
961 1592 1137 1652 πολλοὶ
1177 1595 1268 1650 καὶ
1323 1597 1589 1667 πολέμιον
1629 1593 1765 1652 αὐτὸ

154 1677 304 1753 αὐτῷ
338 1677 430 1736 διὰ
460 1678 640 1746 νεῖκός
671 1703 736 1736 τι.
798 1682 971 1736 ταῦτα
1015 1680 1072 1736 δὲ
1105 1677 1286 1735 πάντα
1318 1685 1369 1735 εἰ
1406 1679 1509 1751 μὲν
1539 1678 1767 1751 ἀληθῶς

151 1788 233 1830 τις
263 1759 297 1835 ἢ
320 1762 394 1836 μὴ
417 1761 629 1821 τούτων
661 1773 864 1836 εἴρηκε,
895 1764 1136 1837 χαλεπὸν
1160 1766 1250 1820 καὶ
1282 1765 1591 1837 πλημμελες
1622 1763 1763 1821 οὕτω

89 1870 130 1902 20
152 1846 362 1922 μεγάλα
394 1856 632 1914 κλεινοῖς
662 1850 754 1905 καὶ
786 1856 1040 1914 παλαιοῖς
1071 1845 1345 1923 ανδρασιν
1379 1851 1650 1922 ε’πιτιμοῖν.
1658 1847 1689 1868 ”

281 1937 328 1992 9.
363 1935 474 1990 Καὶ
503 1956 638 2005 μετα
669 1935 877 2009 βραχέα
909 1934 1148 2006 ἐπιλέγει

273 2015 460 2084 “Τοῦς
483 2042 586 2091 μεν
623 2023 819 2075 τοίνυν
850 2018 1479 2119 διακριβολογουμένους
1519 2014 1677 2084 ὄντος
1707 2041 1766 2074 τε

152 2102 279 2174 πέρι
309 2103 401 2159 καὶ
441 2101 516 2175 μὴ
556 2125 764 2168 παντας
803 2103 907 2176 μὲν
936 2127 1002 2160 ου
1045 2100 1491 2201 διεληλύθαμενῖ,
1530 2100 1675 2173 ὅμως
1707 2098 1762 2158 δ’
1790 2127 1810 2148 0

157 2189 358 2252 ικανως
392 2189 582 2259 ἐχέτω
639 2211 768 2253 τους
810 2188 872 2244 δὲ
902 2183 1082 2252 αλλως
1118 2187 1377 2258 λέγοντας
1408 2186 1480 2242 αὐ
1510 2188 1764 2257 θεατέον,

90 2291 131 2324 25
154 2267 228 2326 ἵν’
269 2272 328 2326 ἐκ
357 2269 583 2328 πάντων
613 2276 822 2344 ἰδωμεν
859 2269 942 2328 ὅτι
981 2269 1041 2327 τὸ
1082 2265 1148 2327 ὂν
1178 2272 1278 2326 τοῦ
1307 2267 1381 2343 μὴ
1410 2267 1566 2336 ὄντος
1597 2268 1766 2326 οὐδεν

158 2352 543 2429 εὐπορώτερον
574 2360 755 2412 εἰπεῖν
784 2352 813 2412 ὅ
845 2379 896 2412 τι
926 2356 1060 2412 ποτέ
1089 2357 1252 2412 ἐστιν.

287 2435 512 2496 Οὐκοῦν
541 2437 883 2511 πορεύεσθαι
913 2437 1015 2513 χρὴ
1047 2441 1140 2496 καὶ
1172 2440 1256 2495 ἐπὶ
1290 2436 1534 2503 τούτους.

288 2524 395 2581 Καὶ
434 2522 544 2596 μὴν
585 2526 730 2580 ἔοικέ
775 2547 838 2597 γε
879 2527 940 2581 ἐν
981 2521 1167 2590 αὐτοῖς
1206 2520 1328 2580 οἷον
1367 2527 1766 2595 γιγαντομαχία

153 2631 235 2675 τις
267 2607 409 2666 εἶναι
445 2606 534 2665 διὰ
564 2606 667 2680 τὴν
696 2605 1111 2682 ἀμφισβήτησιν
1135 2609 1260 2682 περὶ
1293 2612 1389 2680 τῆς
1413 2603 1606 2674 οὐσίας
1630 2605 1766 2680 πρὸς

92 2710 135 2745 30
157 2690 444 2765 ἀλλήλους.

288 2781 368 2835 10.
403 2782 566 2846 Πῶςς

288 2867 362 2919 Οἱ
379 2865 481 2936 μὲν
513 2870 589 2930 εἰς
613 2868 718 2936 γῆν
745 2865 797 2931 ἐξ
820 2860 1065 2938 οὐρανοῦ
1087 2862 1179 2918 καὶ
1202 2863 1302 2917 τοῦ
1324 2858 1562 2935 ἀοράτου
1586 2856 1766 2916 πάντα
