2014 3146
289 135 358 187 43
974 135 1223 176 EUSEBH

250 280 269 303 c
409 247 686 324 “Μετέχει
730 250 792 306 δὲ
832 240 1005 307 αῦτοῦ
1045 247 1111 306 τοὶ
1150 256 1476 323 μετίσχοντα
1518 253 1578 308 ἐν
1617 247 1766 327 ἄλλῳ
1796 250 1898 323 μὲν

291 335 512 407 οὐδενὶ,
556 339 616 392 έν
649 335 709 391 δὲ
747 332 899 410 μόνω
929 337 1005 410 τῷ
1035 347 1291 407 φρονεῖν·
1338 333 1508 409 ταύτῃ
1540 332 1647 407 ἄρα
1677 336 1770 392 καὶ
1800 338 1897 407 τῆς

291 419 513 492 ἀγαθοῦ
551 415 879 491 συμβασεως
917 414 1152 476 ὀνίναιτ’
1197 415 1294 491 ἂν,
1335 416 1513 485 ἄλλως
1555 415 1608 475 δ’
1650 416 1732 476 οῦ.
1802 421 1896 476 καὶ

291 506 392 578 μὲν
425 501 493 575 δὴ
522 501 582 560 τὸ
615 515 876 604 φρονεῖν,
916 508 1075 559 τοῦτο
1117 499 1187 574 δὴ
1218 501 1590 575 συντετύχηκε
1629 501 1782 580 μόνω
1820 506 1899 580 τῷ

291 610 506 664 πρωτῳ.
563 584 667 694 ὑφ’
701 587 768 644 οὐ
808 588 913 643 οὐν
951 585 1016 643 τὰ
1047 583 1187 642 ἄλλα
1217 583 1608 688 ἆποχραίνεται
1638 585 1788 644 καὶ’
1759 611 1940 660 αγα-5

290 675 521 743 θοῦται,
564 670 661 730 ἐὰν
689 675 851 729 τοῦτο
883 673 1077 747 ἐκείνω
1107 669 1282 744 μόνον
1310 669 1464 747 μόνῳ
1495 673 1702 746 προσῇ,
1734 668 1901 743 ἀβελ-

290 758 449 831 τέρας
479 753 549 814 οὶν
582 765 667 829 εἴη
697 762 876 828 ψυχῆς
907 760 986 812 ἔτι
1016 753 1361 859 ἀμφιλογεῖν.
1413 760 1459 812 7.
1487 761 1539 812 εἰ
1558 753 1663 830 γαρ
1688 753 1902 827 ἀγαθός

293 845 443 899 ἐστιν
472 834 501 897 5
534 839 791 915 δεύτερος
822 837 889 897 οῦ
920 835 1054 913 παρ’
1088 842 1309 912 ἑαυτοῦ,
1345 839 1494 912 παρὰ
1528 841 1588 897 δὲ
1619 843 1718 897 τοῦ
1747 839 1901 913 πρώ-

291 949 420 997 του,
451 927 567 992 πῶς
598 921 718 983 οἶόν
747 948 806 981 τε
835 921 937 997 ὑφ’
972 925 1039 982 οὐ
1069 929 1362 997 μετουσίας
1394 926 1544 982 ἐστὶν
1574 916 1732 991 οὗτος
1762 922 1900 997 ἀγα-

291 1009 394 1076 θὸς
438 1003 513 1083 μὴ
557 1007 776 1082 ἀγαθὸν
809 1009 978 1081 εἶναι,
1022 1006 1200 1075 ἄλλως
1230 1031 1290 1065 τε
1319 1005 1425 1066 κᾶν
1453 1006 1590 1082 τύχῃ
1622 1006 1795 1066 αὐτοῦ
1826 1032 1899 1075 ως
1926 1031 1965 1063 10

245 1111 269 1143 d
294 1092 516 1166 ἀγαθοῦ
543 1087 866 1167 μεταλαχών
895 1091 924 1150 5
957 1091 1240 1165 δεύτερος;
1315 1097 1362 1149 8.
1396 1091 1540 1150 οὕτω
1571 1117 1654 1150 τοι
1684 1088 1713 1150 5
1744 1090 1903 1150 Πλά-

292 1202 406 1235 των
449 1181 507 1235 ἐκ
548 1180 919 1250 συλλογισμοῦ
961 1179 1039 1254 τῷ
1085 1175 1183 1244 ὀξὺ
1230 1178 1490 1248 βλέποντι
1539 1174 1794 1234 ἀπέδωκε
1840 1175 1902 1234 τὸ

293 1261 512 1334 ἀγαθὸν
541 1259 624 1319 ὅτι
656 1263 806 1319 ἐστὶν
837 1257 957 1319 ἕν.”

420 1349 533 1403 Καὶ
563 1345 731 1403 πάλιν
762 1348 883 1418 ἑξῆς
913 1364 1052 1417 φησι

421 1436 468 1488 9.
510 1427 539 1447 “
555 1434 740 1488 Ταῦτα
782 1431 844 1487 δὲ
881 1426 1055 1496 οὕτως
1097 1434 1290 1501 ἔχοντα
1336 1434 1567 1530 ἔθηκεν
1589 1427 1618 1485 5
1661 1426 1901 1486 Πλάτων
1924 1450 1964 1482 15

294 1513 434 1588 ἄλλῃ
465 1517 558 1572 καὶ
587 1513 727 1588 ἄλλῃ
759 1520 1021 1588 χωρίσας
1082 1518 1197 1570 ἰδία
1236 1536 1339 1619 μεν
1376 1512 1482 1586 γὰρ
1513 1510 1609 1570 τὸν
1639 1511 1903 1570 κυκλικὸν

296 1601 386 1656 ἐπὶ
414 1602 515 1656 τοῦ
546 1602 886 1704 δημιουργοῦ
918 1596 1191 1670 ἐγραψατο
1224 1600 1285 1654 ἐν
1315 1603 1525 1673 Τιμαιω
1551 1593 1903 1670 εἰπων“οἰγα-

294 1682 398 1749 θὸς
455 1674 552 1755 ἦν
568 1679 598 1700 ”
687 1686 747 1739 ἐν
811 1683 872 1739 δε
923 1684 991 1756 τῇ
1042 1686 1306 1757 Πολιτεία
1364 1679 1424 1738 τό
1477 1678 1695 1754 αγαθόν
1748 1681 1903 1739 εἶπεν

295 1764 518 1839 ἀγαθοῦ
558 1768 739 1823 ἰδέαν
798 1791 869 1832 ως
902 1764 971 1838 δὴ
1010 1769 1109 1824 τοῦ
1153 1769 1494 1839 δημιουργοῦ
1533 1768 1690 1823 ἰδέαν
1728 1757 1903 1823 οὖσαν

293 1850 354 1910 τὸ
385 1849 632 1924 ἀγαθὸν,
670 1847 754 1907 ὅτι
784 1853 1059 1924 πέφανται
1089 1846 1223 1923 ἡμῖν
1253 1849 1463 1922 ἀγαθὸς
1501 1856 1766 1926 μετουσία
1804 1853 1902 1908 τοῦ
1925 1873 1966 1905 20

295 1934 518 2007 πρώτου
547 1959 606 1992 τε
637 1937 728 1991 καὶ
758 1934 947 2007 μόνου.
1013 1939 1093 1991 10.
1129 1932 1315 2007 ὥσπερ
1346 1934 1451 2007 γὰρ
1481 1933 1773 2007 ἅνθρωποι
1801 1935 1904 2008 μὲν

295 2021 548 2092 λέγονται
578 2014 1070 2098 τυπωθέντες·’ῦπὸ
1101 2022 1196 2090 τῆς
1226 2015 1533 2092 ἀνθρώπου
1565 2022 1735 2092 ἰδέας,
1777 2017 1904 2092 βόες

298 2101 353 2160 δ’
398 2100 507 2161 ὑπὸ
558 2110 655 2176 τῆς
707 2101 893 2176 βοὸςξφᾶ
917 2107 1075 2159 ἵπποι
1121 2101 1168 2158 δ’
1216 2101 1326 2158 ὑπὸ
1372 2106 1467 2175 τῆς
1509 2108 1683 2160 ἵππου
1727 2106 1900 2170 ἰδέας·

297 2186 440 2246 οὕτω
472 2190 564 2245 καὶ
596 2187 819 2254 εἰκότως
849 2188 878 2244 5
912 2185 1263 2260 δημιουργὸς,
1311 2196 1464 2259 εἴπερ
1498 2189 1609 2244 ἐστὶ
1639 2193 1903 2262 μετουσίᾳ

295 2276 394 2328 τοῦ
433 2271 655 2346 πρώτου
694 2269 915 2344 ἀγαθοῦ
956 2270 1198 2345 ἀγαθὸς,
1244 2272 1363 2328 ἰδέα
1403 2267 1473 2330 ἂν
1513 2279 1597 2345 εἰή
1628 2268 1655 2328 5
1688 2275 1902 2347 πρῶτος
1925 2292 1967 2325 25

296 2359 446 2425 νοῦς,
479 2352 557 2412 ὢν
587 2354 994 2426 αῦτοάγαθον.”

186 2462 279 2504 (545)
425 2450 592 2498 XXIII.
631 2434 834 2495 τεΟῦτω
878 2440 938 2495 δὲ
977 2442 1342 2512 γεγενημένος
1392 2439 1590 2513 (δῆλον
1644 2436 1697 2497 δ’
1741 2437 1824 2497 ὅτι
1875 2438 1904 2496 5

298 2521 523 2596 κόσμος)
556 2521 690 2595 πρὸς
721 2522 781 2579 τὸ
815 2521 959 2598 λόγω
991 2526 1082 2579 καὶ
1112 2523 1383 2596 φρονήσει
1413 2522 1770 2597 περιληπτὸν,
1811 2525 1903 2580 καὶ

298 2631 433 2663 κατα
471 2604 537 2663 τὰ
576 2603 717 2663 αῦτα
756 2613 881 2679 ἔχον
919 2605 1395 2679 δεδημιούργηται.
1457 2605 1670 2664 τούτων
1702 2606 1764 2662 δε
1791 2605 1904 2663 ῦπ-

298 2690 582 2765 αρχόντων
617 2682 688 2746 αῦ
720 2693 867 2747 πᾶσα
903 2687 1115 2763 ἆναγκη
1148 2689 1310 2747 τόνδε
1343 2688 1439 2748 τὸν
1472 2690 1678 2763 κόσμον
1715 2687 1902 2747 εἰκόνα
1925 2712 1967 2745 30

412 2884 463 2922 ‘27
497 2874 634 2923 Οῦτω
667 2878 720 2923 δὲ
750 2879 823 2936 —]
859 2882 992 2924 Plato
1024 2883 1136 2925 Tim.
1161 2897 1202 2935 p.
1225 2885 1291 2923 29.
1325 2886 1392 2927 30.
