2014 3146
234 121 335 173 188
914 119 1161 162 EUSEBII

358 239 470 295 Καὶ
499 236 633 309 μετὰ
662 236 868 309 βραχέα
900 237 1138 307 ἐπιλέγει

359 326 406 377 9.
448 316 872 392 “Ἐννοήσωμεν
906 317 973 391 δὴ
1014 321 1106 375 καὶ
1147 323 1309 394 τῇδε,
1352 317 1425 386 ὡς
1466 319 1640 391 πολλὴ
1684 322 1837 385 ἐλπίς

235 407 383 461 ἐστιν
422 401 638 476 ἀγαθὸν
678 402 811 460 αὐτὸ
853 402 1008 460 εἶναι.
1086 409 1249 462 δυοῖν
1291 427 1396 478 γαρ
1440 402 1681 476 θάτερόν
1723 406 1837 460 ἐστι

231 487 291 545 τὸ
322 486 618 546 τεθνάναι
665 485 699 560 ἢ
729 487 834 562 γὰρ
865 484 985 544 οἷον
1014 490 1190 560 μηδέν
1219 511 1270 545 τι
1303 487 1445 545 εἶναι
1475 488 1616 561 μηδὲ
1638 497 1844 565 αἴσθη-

233 590 325 630 σιν
363 577 640 646 μηδεμίαν
688 573 928 645 μηδενὸς
970 577 1115 645 ἔχειν
1158 571 1255 630 τὸν
1284 575 1592 645 τεθνεῶτα,
1635 567 1669 645 ἢ
1701 596 1838 630 κατα
1882 594 1903 626 5

231 681 298 714 τα
329 655 599 757 λεγόμενα
628 655 905 730 μεταβολή
943 680 1025 723 τις
1061 655 1321 731 τυγχάνει
1361 648 1502 714 οὖσα
1533 658 1625 713 καὶ
1656 664 1841 730 μετοί-

233 759 389 814 κησις
419 747 485 816 τῇ
517 744 669 815 ψυχῇ
697 745 796 799 τοῦ
826 739 998 798 τόπου
1028 745 1128 799 τοῦ
1161 742 1392 799 ἐνθένδε
1434 747 1511 808 εἰς
1551 738 1720 799 άλλον
1750 739 1842 798 τό-

232 848 353 884 πον.
429 828 521 883 καὶ
554 835 661 883 εἴτε
692 825 760 898 δὴ
791 831 1032 899 μηδεμία
1063 832 1324 899 αἴσθησίς
1363 829 1531 897 ἐστιν,
1563 823 1682 882 ἀλλ’
1721 822 1843 882 οἷον

189 932 210 963 <1
232 908 426 981 ὕπνος,
461 908 689 967 ἐπειδάν
717 933 798 975 τις
829 909 1128 967 καθεύδων
1166 911 1306 984 μηδὲ
1345 909 1482 982 ὄναρ
1514 911 1690 983 μηδὲν
1719 905 1841 985 ὁρᾷ,

232 988 552 1068 θαυμάσιον
582 991 826 1067 κέρδος
806 1018 875 1051 αν
907 1003 1071 1066 εἴηο
1026 993 1071 1068 [ὁ
1076 994 1091 1068 ]
1122 994 1379 1061 θάνατος.
1474 999 1554 1052 10.
1606 993 1710 1067 ἐγω
1733 994 1838 1069 γὰρ
1864 1016 1906 1048 10

233 1075 302 1135 ἂν
333 1078 502 1152 οἶμαι,
537 1088 592 1136 εἴ
615 1102 737 1136 τινα
770 1077 1130 1151 ἐκλεξάμενον
1163 1082 1278 1136 δέοι
1300 1077 1507 1151 ταύτην
1535 1078 1637 1150 τὴν
1667 1078 1842 1136 νύκτα

235 1165 293 1219 ἐν
334 1155 369 1237 ᾗ
411 1160 555 1220 ου’τω
597 1165 943 1237 κατέδαρθεν
984 1161 1123 1220 ω’στε
1163 1161 1385 1236 μηδεν
1368 1161 1506 1237 όναρ
1539 1167 1709 1235 ἰδεῖν,
1749 1165 1843 1220 καὶ

232 1247 327 1313 τὰς
369 1245 536 1312 άλλας
576 1245 781 1313 νύκτας
822 1271 880 1304 τε
920 1249 1012 1304 καὶ
1051 1246 1256 1322 ἡμέρας
1295 1271 1391 1314 τας
1432 1249 1534 1305 τοῦ
1574 1253 1702 1319 βίου
1741 1249 1842 1305 τοῦ

236 1333 438 1389 ἑαυτοῦ
474 1330 925 1405 άντιπαραθέντα
962 1330 1135 1406 ταύτῃ
1176 1335 1246 1406 τῇ
1273 1333 1453 1405 νυκτὶ,
1489 1338 1538 1389 εἰ
1569 1333 1683 1389 δέοι
1714 1351 1840 1390 σκε-

232 1414 482 1489 ψάμενον
523 1422 701 1474 εἰπεῖν
739 1414 912 1483 πόσας
941 1414 1170 1490 ἄμεινον
1200 1419 1292 1474 καὶ
1324 1414 1484 1489 ἥδιον
1513 1412 1717 1490 ἡμέρας
1748 1419 1840 1473 καὶ
1864 1439 1909 1471 15

231 1498 438 1567 νύκτας
486 1499 687 1574 ταύτης
736 1504 832 1573 τῆς
871 1499 1069 1569 νυκτὸς
1110 1508 1382 1573 βεβίωκεν
1424 1505 1483 1558 ἐν
1521 1505 1596 1578 τῷ
1641 1503 1842 1558 ἑαυτοῦ

231 1590 357 1660 βίῳ,
389 1584 542 1658 οἶμαι
571 1610 641 1642 αν
671 1583 795 1659 οὐχὶ
828 1583 1056 1658 ἰδιώτην
1085 1608 1226 1659 τινα,
1259 1583 1398 1642 ἄλλα
1419 1584 1517 1642 τὸν
1539 1588 1713 1686 μέγαν
1737 1592 1841 1658 βα-

232 1671 386 1725 σιλέα
430 1666 837 1743 εὐαριθμήτους
878 1666 948 1726 dv
1001 1666 1187 1744 εὑρεῖν
1239 1669 1410 1727 αὐτὸν
1453 1668 1654 1737 ταύτας
1705 1668 1840 1743 πρὸς

125 1760 198 1802 [622
202 1761 211 1802 l
233 1776 328 1819 τας
360 1750 528 1820 άλλας
567 1749 773 1827 ἡμέρας
814 1776 873 1810 τε
903 1756 994 1810 καὶ
1024 1753 1240 1820 νύκτας.
1319 1760 1371 1812 εἰ
1397 1755 1500 1811 οὑν
1519 1752 1781 1810 τοιοῦτον
1811 1751 1839 1810 ὁ

235 1835 477 1902 θάνατός
531 1841 672 1909 ἐστι,
716 1840 911 1910 κέρδος
950 1844 1124 1910 ἔγωγε
1162 1841 1331 1909 λέγω·
1394 1839 1485 1894 καὶ
1526 1862 1630 1911 γαρ
1671 1834 1839 1895 οὐδὲν
1862 1861 1907 1893 20

235 1928 428 1977 πλεῖον
458 1916 486 1976 ὁ
519 1925 624 1986 πᾶς
654 1919 849 1993 χρόνος
880 1927 1139 1992 φαίνεται
1168 1919 1343 1988 οὕτως
1370 1921 1512 1978 εἶναι
1535 1917 1569 1993 ἢ
1592 1946 1690 1994 μια
1721 1921 1837 1990 νύξ.

236 2009 316 2061 11.
367 2010 417 2060 εί
457 2000 509 2060 δ’
555 2006 625 2062 αὐ
664 2011 783 2062 οἱον
825 2003 1184 2078 ἀποδημῆσαί
1218 2009 1367 2064 ἐστιν
1405 2004 1433 2062 ὃ
1473 2004 1717 2071 θάνατος
1750 2009 1841 2064 ἐν-

231 2091 404 2146 θένδε
436 2095 513 2156 εἰς
543 2087 712 2146 άλλον
742 2088 930 2162 τόπον,
963 2092 1055 2146 καὶ
1087 2088 1273 2162 ἀληθῆ
1305 2094 1418 2147 ἐστι
1452 2114 1517 2146 τα
1548 2088 1838 2163 λεγόμενα,

231 2196 304 2238 ως
346 2171 454 2272 ἄρα
497 2178 612 2231 ἐκεῖ
649 2176 791 2230 εἰσὶν
830 2172 1069 2241 άπαντες
1116 2179 1174 2231 οι
1208 2177 1540 2245 τεθνεῶτες,
1571 2180 1628 2231 τί
1653 2181 1839 2246 μεῖζον

230 2255 449 2328 ἀγαθὸν
489 2256 690 2315 τούτου
733 2268 816 2330 εἴη
857 2283 954 2330 αν,
999 2259 1041 2315 03
1073 2257 1273 2332 ἄνδρες
1306 2264 1585 2327 δικασταί;
1656 2264 1707 2315 εἰ
1732 2256 1837 2332 γάρ
1861 2279 1907 2312 25

230 2364 310 2406 τις
351 2338 684 2414 ἀφικόμενος
728 2349 805 2409 εἰς
843 2339 1067 2415 Ἅιδου,
1111 2341 1446 2416 ἀπαλλαγεὶς
1485 2366 1696 2400 τουτων
1726 2345 1837 2400 τοῗν

230 2423 561 2496 φασκόντων
595 2430 869 2484 δικαστῶν
900 2426 1061 2500 εἶναι,
1096 2426 1319 2502 εὑρήσει
1349 2425 1477 2493 τούς
1509 2423 1582 2492 (ὃς
1613 2425 1836 2498 ἀληθῶς

234 2506 520 2581 δικαστάς,
562 2513 720 2582 οἵπερ
762 2513 853 2567 καὶ
893 2513 1146 2583 λέγονται
1179 2514 1296 2568 ἐκεῖ
1327 2510 1593 2582 δικάζειν,
1635 2516 1835 2576 ὸΜίνως

187 2615 205 2646 ι)
230 2614 290 2647 τε
319 2594 411 2648 καὶ
435 2588 817 2665 Ῥαδάμανθυς
848 2597 938 2651 καὶ
958 2594 1164 2661 Αἰακὸς
1195 2598 1287 2652 καὶ
1324 2593 1710 2669 Τριπτόλεμος,
1742 2595 1834 2650 καὶ

229 2673 384 2732 ἄλλοι
413 2672 528 2732 ὅσοι
561 2680 671 2732 τῶν
702 2675 953 2750 ἡμιθέων
982 2685 1187 2737 δίκαιοι
1220 2681 1472 2752 ἐγένοντο
1506 2681 1564 2735 ἐν
1593 2683 1667 2753 τῷ
1702 2679 1832 2734 ἑαυ-
1857 2699 1902 2731 30

342 2870 366 2907 2
395 2862 718 2922 Έννοήσωμεν
751 2867 817 2922 -]
851 2870 985 2911 Plato
1017 2871 1146 2924 Apol.
1179 2885 1221 2924 p.
1255 2874 1323 2913 40.
