2014 3146
593 121 807 163 PRAEP.
840 121 1060 162 EVANG.
1094 122 1218 162 xm.
1253 123 1319 162 19.
1507 110 1511 112 ’
1662 120 1770 173 245

151 241 264 296 τῶν
296 239 355 295 ἐν
385 243 652 314 Πολιτείᾳ
693 238 819 312 περὶ
851 240 950 295 τοῦ
980 235 1165 304 κοινὰς
1199 238 1340 295 εἶναι
1371 235 1466 304 τὰς
1499 251 1769 310 γυναῖκας

155 321 343 396 νόμου.

275 406 305 430 “
331 405 548 484 Τούτῳ,
583 398 653 479 ἦν
687 405 740 463 δ’
779 406 911 479 ἐγὼ,
960 410 1144 464 ἕπεται
1188 405 1353 479 νόμος
1394 407 1486 462 καὶ
1527 419 1640 474 τοῖς
1673 413 1768 481 ἔμ-

151 501 403 566 προσθεν
432 505 546 557 τοῖς
576 489 780 562 ἄλλοις,
814 490 886 558 ὡς
920 484 1142 567 ἐγῷμαι,
1174 489 1285 548 ὅδε.
1367 497 1487 560 Τίς;
1529 489 1635 558 Τὰς
1665 515 1737 563 γυ

88 602 109 633 5
153 589 348 643 ναῖκας
387 575 589 642 ταύτας
628 582 741 633 τῶν
785 574 1011 650 ἀνδρῶν
1051 573 1266 633 τούτων
1311 573 1537 633 πάντων
1588 575 1767 642 πάσας

154 659 298 718 εἶναι
339 659 553 731 κοινὰς,
608 666 726 736 ἰδία
767 661 828 717 δε
872 662 1070 733 μηδενὶ
1117 665 1399 768 μηδεμιαν
1455 673 1763 717 συνοικεῖν

153 746 245 802 καὶ
275 744 403 812 τοὺς
434 750 637 811 παῖδας
671 737 740 801 αὗ
771 743 1009 815 κοινοὺς,
1042 747 1134 801 καὶ
1175 743 1311 818 μήτε
1342 745 1506 817 γονέα
1539 750 1767 817 ε’κγονον
1841 765 1862 786 0

153 832 362 887 εἰδέναι
391 829 487 886 τὸν
518 828 694 887 αὑτοῦ
720 827 859 901 μήτε
889 832 1063 885 παῖδα
1094 826 1308 900 γονέα.”

284 918 362 971 15.
411 915 523 971 Καὶ
556 916 676 988 ἑξῆς
710 915 947 984 ἐπιλέγει

89 1023 130 1055 10
270 993 496 1070 μἘἰκὸς,
529 1003 650 1070 ἔφη.
704 997 794 1055 Σὺ
822 998 925 1071 μὲν
955 1003 1166 1069 τοίνυν,
1200 990 1270 1070 ἦν
1302 996 1352 1054 δ’
1393 995 1577 1070 ἐγώ,’ὁ
1603 1022 1770 1071 νομο-

153 1082 322 1155 θέτης
354 1080 561 1155 αὐτοῖς,
595 1081 780 1158 ὥσπερ
811 1081 938 1148 τοὺς
969 1079 1208 1156 ἄνδρας,
1240 1079 1384 1139 οὕτω
1416 1084 1507 1139 καὶ
1539 1080 1634 1149 τὰς
1664 1107 1769 1155 γυ-

151 1180 348 1234 ναῖκας
390 1169 607 1235 ἐκλέξας
661 1165 1013 1242 παραδώσεις
1054 1164 1327 1224 καθ’ὅσον
1378 1163 1498 1224 οἶόν
1541 1191 1599 1224 τε
1642 1163 1767 1240 ὁμο-
1788 1178 1881 1220 [415]

152 1265 318 1324 φυεῖς
334 1268 344 1276 ·
377 1255 435 1309 οἱ
455 1253 534 1324 δὲ,
561 1251 655 1309 ἅτε
679 1257 855 1318 οἰκίας
879 1275 935 1309 τε
960 1253 1050 1308 καὶ
1075 1254 1327 1320 ξυσσίτια
1350 1250 1508 1309 κοινοὶ
1534 1257 1769 1325 ἔχοντες,

155 1341 273 1411 ἰδία
306 1337 367 1393 δὲ
397 1335 628 1404 οὐδενὸς
659 1333 829 1393 οὐδὲν
859 1342 1109 1394 τοιοῦτον
1140 1338 1498 1445 κεκτημένου,
1530 1335 1669 1409 ὁμοῦ
1702 1336 1770 1408 δὴ

91 1445 131 1478 15
155 1427 402 1493 ἔσονται,
444 1417 584 1494 ὁμοῦ
627 1422 687 1478 δε
718 1419 1179 1495 ἀναμεμιγμένων
1219 1423 1309 1477 καὶ
1354 1423 1414 1478 ἐν
1443 1426 1771 1493 γυμνασίοις

156 1507 248 1561 καὶ
281 1509 341 1562 ἐν
371 1508 441 1579 τῇ
470 1504 610 1579 αλλῃ
641 1509 822 1580 τροφῇ
850 1501 947 1562 ὑπ’
978 1504 1240 1578 ἀναγκης,
1273 1505 1442 1578 οἶμαι,
1475 1509 1572 1577 τῆς
1598 1504 1771 1578 ε’μφύ-

154 1613 253 1646 του
284 1587 506 1657 ἄξονται
546 1588 681 1664 πρὸς
721 1589 823 1663 τὴν
853 1586 1110 1662 αλλήλων
1149 1594 1312 1663 μίξιν.
1375 1585 1411 1662 ἦ
1459 1588 1571 1647 οὐκ
1603 1614 1771 1662 αναγ-

155 1673 285 1730 καῖα
315 1691 402 1731 σοι
434 1680 579 1732 δοκῶ
611 1678 825 1747 λέγειν;
890 1673 973 1732 Οὐ
1004 1689 1396 1747 γεωμετρικαῖς
1426 1699 1507 1747 γε,
1540 1674 1573 1747 ἠ
1557 1665 1653 1730 δ’
1691 1671 1769 1748 ὃς,

154 1755 278 1815 αλλ’
313 1762 598 1829 ἐρωτικαις
628 1758 926 1832 ἀναγκαις,
972 1766 1032 1816 αἳ
1068 1757 1501 1817 κινδυνεύουσιν
1541 1763 1771 1816 ἐκείνων
1800 1784 1822 1816 d

92 1868 133 1899 20
158 1842 480 1918 δριμύτεραι
523 1845 665 1902 εἶναι
707 1843 842 1918 πρὸς
883 1843 943 1901 τὸ
975 1850 1197 1902 πείθειν
1236 1868 1294 1902 τε
1340 1845 1432 1902 καὶ
1464 1846 1646 1901 ἕλκειν
1674 1841 1772 1901 τὸν

157 1926 335 1986 πολὺν
365 1925 555 1986 λεών.”

287 2017 366 2069 16.
409 2012 572 2070 Ἀλλὰ
602 2011 815 2072 τούτων
836 2013 941 2087 μὲν
966 2022 1098 2080 ἴσως
1121 2038 1201 2080 τις
1230 2014 1426 2087 ἑτέρως
1453 2011 1774 2086 διηγήσεται

156 2095 258 2167 τὴν
287 2100 386 2154 τοῦ
417 2097 586 2170 λόγου
620 2096 892 2169 διάνοιαν,
924 2098 999 2171 μὴ
1030 2097 1091 2154 τὸ
1115 2096 1474 2171 νομιζόμενον
1505 2095 1613 2170 φας
1636 2095 1773 2152 ὑπο-

157 2179 399 2252 βάλλειν.
482 2181 557 2254 μῂ
610 2181 716 2254 γὰρ
766 2181 1107 2247 ἀδιαστόλως
1162 2187 1342 2238 εἰπεῖν
1397 2179 1575 2246 πάσας
1631 2179 1774 2237 εἶναι

92 2287 135 2320 25
159 2263 346 2331 κοινὰς
375 2263 470 2331 τὰς
493 2279 783 2338 γυναῖκας,
816 2261 888 2331 ὦς
912 2267 1003 2322 καὶ
1028 2279 1142 2332 τοῖς
1164 2267 1430 2338 τυχοῦσιν
1449 2262 1773 2321 ἀκολασταί-

157 2371 278 2406 νειν
327 2351 557 2422 ἐξεῖναι,
617 2346 741 2406 ἀλλ’
796 2351 886 2407 ἐπὶ
936 2352 1003 2425 τῇ
1049 2374 1162 2407 των
1212 2347 1497 2424 αρχόντων
1554 2351 1774 2424 ἐξουσία

160 2443 384 2491 κεῖσθαι
435 2432 537 2506 τὴν
588 2432 723 2507 πρὸς
762 2458 887 2501 τους
935 2432 1144 2505 ἄνδρας
1194 2437 1521 2507 διανέμησιν
1568 2430 1770 2491 αυτῶν.

159 2515 303 2575 ου’τω
334 2517 438 2591 γὰρ
477 2518 620 2576 εἶναι
660 2543 875 2592 κοινας,
919 2543 990 2587 ως
1023 2543 1092 2576 αν
1134 2521 1224 2575 καὶ
1255 2518 1321 2576 τὰ
1366 2517 1600 2592 δημόσια
1638 2516 1774 2591 χρή-

159 2626 301 2674 ματα
330 2611 470 2675 φαίη
499 2627 581 2669 τις
614 2603 754 2660 εἶναι
786 2627 963 2675 κοινα,
995 2601 1078 2670 οἷς
1109 2601 1376 2676 προσήκει
1402 2600 1772 2675 διανεμόμενα

99 2685 296 2759 εοπρός
354 2690 468 2744 τῶν
530 2691 1019 2761 ἐπιτετραμμένων.
1109 2690 1200 2744 καὶ
1256 2687 1323 2760 δὴ
1373 2683 1534 2744 ταῦθ’
1598 2684 1779 2752 οὕτως
1844 2729 1853 2737 .

279 2884 298 2921 1
328 2874 378 2923 ἕν
401 2881 633 2940 Πολιτείᾳ
655 2879 729 2935 -]
755 2884 793 2925 5.
816 2895 858 2934 Ρ.
881 2882 979 2923 457.
1000 2882 1098 2924 458.
