2014 3146
581 132 793 173 PRAEP.
825 131 1045 174 EVANG.
1078 133 1181 173 ΧΠ.
1213 133 1280 172 25.
1639 131 1738 180 111

132 246 523 322 ἐπιτηδεύματι
552 250 628 323 τῷ
660 250 767 304 νῦν
799 248 1070 323 εἰρημένῳ
1101 245 1358 321 χρήσεται
1388 246 1521 320 μετὰ
1553 245 1740 320 νόμων

131 335 223 390 καὶ
252 331 481 404 τάξεως,
523 329 596 397 ὡς
637 335 737 388 τοὺ
776 345 1092 404 σωφρονεῖν
1134 337 1319 390 εἵνεκα
1357 334 1555 406 μελέτῃ
1597 356 1739 404 χρω-

130 420 298 490 μένη,
341 418 433 473 καὶ
473 419 586 473 τῶν
623 413 808 472 ἄλλων
838 412 1058 487 ἡδονῶν
1088 414 1161 489 μὴ
1192 413 1448 488 ἀφέξεται
1479 415 1740 482 ὡσαύτως

131 503 223 559 καὶ
254 499 391 558 κατὰ
420 499 516 558 τὸν
546 498 716 557 αὐτὸν
746 499 939 572 λόγον,
981 505 1078 558 τοῦ
1108 515 1333 573 κρατεῖν
1362 497 1548 557 αὐτῶν
1578 504 1740 558 ἕνεκα
1767 522 1789 554 d

88 610 108 642 5
131 588 526 660 μηχανωμένη,
570 590 766 641 τοῦτον
805 585 908 658 μὲν
945 583 1043 642 τὸν
1082 584 1287 657 τρόπον
1326 582 1497 642 ἅπασι
1527 585 1740 651 τούτοις

132 672 424 743 χρηστέον·
473 675 523 727 εἰ
554 667 610 725 δ’
648 667 720 735 ὡς
752 673 948 744 παιδιᾷ
977 691 1054 739 τε,
1091 671 1182 725 καὶ
1208 672 1415 738 ἐξέσται
1438 675 1514 745 τῷ
1539 677 1741 741 βουλο-

130 757 299 831 μένῳ,
331 756 423 811 καὶ
454 751 587 811 ὅταν
616 751 910 826 βούληται,
953 754 1046 809 καὶ
1076 752 1205 825 μεθ’
1244 746 1323 810 ᾱῖν
1353 750 1423 810 ἂν
1453 752 1740 826 βούληται,

131 845 316 896 πίνειν
354 837 469 912 μετ’
508 835 959 910 ἐπιτηδευματων
989 833 1347 895 ωντινωνοῦν
1375 835 1590 910 αλλων,
1636 835 1741 895 ου’κ

130 948 200 980 αν
240 929 500 996 τιθείμην
538 920 746 994 ταύτην
784 919 885 994 τὴν
924 935 1140 1023 ψηφον,
1184 946 1256 988 ως
1298 927 1386 980 δεῖ
1425 923 1554 979 ποτὲ
1593 925 1740 997 μέθῃ

67 1034 108 1066 10
131 1011 372 1113 χρῆσθαι
400 1005 609 1079 ταύτην
638 1004 740 1078 τὴν
771 1005 934 1064 πόλιν
963 1001 998 1078 ἢ
1028 1010 1227 1063 τοῦτον
1256 1005 1352 1064 τὸν
1383 1004 1581 1079 ανδρα,
1615 1004 1735 1064 αλλ’

130 1098 210 1149 ἔτι
249 1096 458 1165 μᾶλλον
496 1095 592 1163 τῆς
630 1095 869 1163 Κρητῶν
910 1092 1001 1148 καὶ
1043 1096 1505 1164 Λακεδαιμονίων
1556 1097 1741 1165 χρείας

131 1183 481 1250 προσθείμην
513 1172 582 1232 ἂν
613 1179 688 1251 τῷ
715 1179 1119 1249 Καρχηδονίων
1143 1175 1314 1253 νόμῳ,
1339 1178 1613 1250 μηδέποτε
1635 1200 1742 1249 μη-

132 1265 266 1318 δένα
299 1262 387 1318 ἐπὶ
418 1261 794 1332 στρατοπέδου
824 1257 1092 1331 γεύεσθαι
1125 1259 1323 1317 τούτου
1353 1264 1454 1318 τοῦ
1482 1258 1741 1334 πόματος,

131 1343 251 1402 ἀλλ’
308 1341 674 1420 ὑδροποσίαις
725 1350 1096 1416 συγγίνεσθαι
1145 1346 1343 1402 τοῦτον
1393 1343 1492 1402 τὸν
1541 1343 1742 1418 χρόνον

66 1454 108 1487 15
131 1453 378 1501 απαντα,
420 1431 512 1485 καὶ
553 1452 690 1484 κατα
732 1427 896 1485 πόλιν
931 1428 1068 1529 μήτε
1110 1433 1314 1486 δοῦλον
1353 1428 1490 1502 μήτε
1535 1428 1742 1502 δούλην
1795 1461 1799 1464 ·

131 1513 398 1588 γεύεσθαι
426 1515 720 1613 μηδέποτε,
753 1514 894 1586 μηδε
925 1510 1194 1614 ἄρχοντας
1215 1517 1412 1571 τοῦτον
1434 1511 1531 1570 τὸν
1555 1517 1742 1571 ε’νιαυ-

131 1598 228 1656 τὸν
268 1596 335 1656 ὃν
363 1622 433 1654 αν
463 1614 699 1670 αρχωσι,
741 1595 870 1669 μηδ
919 1598 988 1653 αὐ
1029 1595 1372 1671 κυβερνήτας
1411 1599 1553 1671 μηδε
1585 1603 1742 1655 δικα-

131 1682 261 1749 στὰς
279 1681 539 1755 ἐνεργοὺς
561 1679 725 1748 ὄντας
749 1691 906 1739 οἴνου
928 1680 1198 1754 γεύεσθαι
1220 1680 1280 1739 τὸ
1297 1704 1638 1757 παραπαν,μ
1602 1683 1742 1755 μηδε
1762 1699 1853 1739 (599)

130 1766 278 1834 ὅστις
316 1764 756 1840 βουλευσόμενος
795 1772 873 1833 εἰς
926 1766 1138 1839 βουλὴν
1188 1763 1350 1834 αξίαν
1399 1766 1525 1824 τινὰ
1576 1766 1743 1839 λόγου

67 1877 109 1909 20
132 1853 472 1926 συνέρχεται,
504 1852 650 1923 μηδέ
673 1875 736 1924 γε
750 1849 877 1923 μεθ’
907 1849 1119 1924 ἡμέραν
1141 1854 1354 1924 μηδένα
1375 1850 1435 1909 τό
1459 1849 1742 1924 παράπαν,

134 1935 285 2009 εἰμὴ
317 1942 633 2008 σωμασκίας
672 1931 706 2007 ἢ
746 1933 931 1992 νόσων
972 1938 1162 2007 ἕνεκα,
1205 1934 1334 2009 μηδ’
1384 1937 1455 1993 αὐ
1501 1960 1740 2009 νυκτωρ,

132 2019 265 2078 ὅταν
307 2022 501 2094 ἐπινοῇ
539 2044 620 2086 τις
661 2024 865 2086 παῖδας
904 2029 1188 2077 ποιεῖσθαι
1219 2017 1361 2094 ανὴρ
1391 2017 1425 2092 ἢ
1455 2023 1548 2076 καὶ
1578 2020 1739 2093 γυνή

133 2107 225 2162 καὶ
254 2102 394 2162 ἅλλα
428 2105 487 2161 δὲ
517 2102 812 2177 πάμπολλα
851 2102 922 2160 ἅν
952 2128 1031 2171 τις
1062 2106 1238 2175 λέγοι,
1271 2100 1345 2170 ὥς
1373 2119 1486 2170 τοῖς
1516 2107 1655 2161 νοῦν
1685 2128 1743 2161 τε

133 2191 224 2246 καὶ
255 2188 427 2262 νόμον
458 2195 680 2261 ε’χουσιν
708 2186 886 2258 ὀρθὸν
915 2186 981 2245 οὐ
1012 2189 1204 2253 ποτέος
1234 2187 1403 2259 οἶνος,
1438 2186 1576 2245 ω’στε
1606 2186 1742 2244 κατὰ

70 2297 111 2329 25
133 2273 231 2330 τὸν
271 2271 438 2344 λόγον
475 2295 671 2329 τουτον
709 2268 838 2328 οὐδ’
858 2269 1228 2372 ἀμπελώνων
1266 2295 1336 2328 αν
1375 2275 1597 2329 πολλων
1628 2274 1743 2329 δέοι

134 2353 260 2413 οὐδ’
293 2357 441 2429 ᾑτινι
482 2353 665 2426 πόλει,
707 2379 876 2412 τακτα
930 2355 993 2412 δε
1046 2353 1217 2412 τᾶλλα
1257 2380 1326 2413 αν
1368 2366 1453 2429 εἴη
1493 2355 1743 2430 γεωργή-

132 2464 276 2513 ματα
306 2442 398 2496 καὶ
428 2441 576 2496 πᾶσα
604 2437 638 2512 ἡ
673 2437 889 2496 δίαιταῖ
876 2435 908 2458 ”
1767 2465 1787 2497 b

260 2528 308 2582 2.
358 2525 468 2581 Καὶ
492 2527 706 2595 Μωσῆς
738 2524 800 2580 δὲ
829 2522 1127 2596 προλαβών
1155 2523 1229 2597 μὴ
1259 2530 1381 2582 δεῖν
1402 2522 1531 2592 τούς
1563 2528 1741 2598 ἱερέας

134 2617 291 2666 οἴνου
321 2605 701 2681 ἀπογεύεσθαι
740 2607 878 2665 κατὰ
915 2607 1013 2666 τὸν
1052 2611 1147 2680 τῆς
1181 2614 1494 2682 ἱερουργίας
1525 2607 1740 2680 καιρὸν,

72 2715 113 2748 30
135 2703 432 2766 νομοθετεῖ
468 2691 700 2766 φάσκων
733 2687 763 2711 “
778 2694 870 2749 καὶ
910 2691 1142 2764 ἐλάλησε
1180 2692 1368 2767 κύριος
1408 2696 1486 2770 τῷ
1506 2692 1739 2765 Ἀαρών,

137 2778 341 2849 λέγων,
384 2777 539 2834 οἶνον
580 2779 672 2834 καὶ
712 2782 904 2850 σίκερα
943 2773 1010 2834 οὐ
1049 2783 1250 2835 πίεσθε
1290 2777 1361 2835 σὺ
1400 2780 1492 2834 καὶ
1531 2782 1584 2834 οἱ
1627 2781 1744 2833 υἱοί

137 2880 238 2918 σου
267 2861 402 2934 μετὰ
433 2864 564 2934 σοῦ,
606 2856 772 2934 ἡνίκα
811 2857 881 2919 ἂν
922 2858 1318 2935 εἰσπορεύησθ’
1364 2867 1441 2929 εἰς
1471 2858 1573 2934 τὴν
1604 2878 1740 2932 σκη-
