2014 3146
249 106 354 158 406
929 107 1180 150 EUSEBII

375 221 721 295 Ξενοκράτης
761 222 899 280 κατὰ
937 227 1073 296 μίαν
1114 223 1445 297 ἐπιφάνειαν
1481 233 1650 283 οἰέται
1683 240 1852 283 κινεῖ-

249 318 383 365 σθαι
413 306 540 374 τούς
571 304 817 380 ἀστέρας.

374 396 423 448 2.
476 396 549 448 Οί
584 389 740 448 ἄλλοι
771 394 1011 448 Στωϊκοὶ
1043 389 1148 465 πρὸ
1188 396 1300 450 τῶν
1339 395 1541 466 ἑτέρων
1582 393 1708 459 τοὺς
1741 396 1858 451 ἑτέ-

249 500 412 550 ρους,
447 478 507 532 ἐν
536 472 669 544 ὕψει
701 477 794 531 καὶ
824 475 1008 547 βάθει.

373 563 420 615 3.
469 558 814 633 Δημόκριτος
853 559 919 616 τὰ
957 561 1060 633 μὲν
1090 559 1311 632 ἀπλανῆ
1339 567 1586 635 πρῶτον,
1628 561 1764 635 μετὰ
1797 563 1856 619 δὲ
1901 581 1920 611 5

245 647 417 701 ταῦτα
465 642 592 712 τοὺς
641 643 949 717 πλάνητας,
1003 642 1094 718 ἐφ’
1149 642 1230 713 οἷς
1283 643 1470 719 ἥλιον,
1526 645 1857 719 Φωσφόρον,

245 728 503 802 σελήνην.

372 818 420 870 4.
467 810 708 870 Πλάτων
746 812 880 885 μετὰ
922 812 1023 885 τὴν
1053 816 1165 871 τῶν
1207 811 1474 871 ἀπλανῶν
1510 816 1677 872 θέσιν
1707 816 1860 885 πρῶ-

246 921 343 955 τον
377 903 660 954 Φαίνοντα
691 894 1022 970 λεγόμενον,
1052 898 1149 954 τὸν
1178 901 1275 955 τοῦ
1307 897 1558 974 Κρόνου·
1594 897 1858 972 δεύτερον

246 984 569 1054 Φαέθοντα,
603 980 699 1038 τὸν
727 983 827 1038 τοῦ
856 980 1020 1048 Διός·
1062 988 1249 1055 τρίτον
1280 981 1600 1055 Πυρόεντα,
1631 981 1729 1040 τὸν
1759 987 1856 1040 τοῦ
1880 1002 1919 1034 10

231 1065 461 1139 Ἄρεως·
519 1068 778 1138 τέταρτον
809 1064 1157 1140 Ἑωσφόρον,
1214 1066 1310 1123 τὸν
1365 1069 1470 1139 τῆς
1497 1066 1855 1142 Ἀφροδίτης·

242 1156 492 1224 πέμπτον
533 1155 875 1222 Στίλβοντα,
917 1149 1014 1207 τὸν
1053 1156 1151 1208 τοῦ
1185 1145 1412 1224 Ἐρμοῦ·
1469 1154 1630 1209 ἕκτον
1668 1149 1854 1224 ἥλιον·

243 1239 484 1308 ἕβδομον
515 1232 771 1306 σελήνην.

176 1324 220 1387 “²
370 1323 419 1376 5.
476 1321 600 1376 Τῶν
631 1321 1035 1392 μαθηματικῶν
1074 1319 1220 1386 τινὲς
1249 1320 1353 1393 μὲν
1384 1315 1457 1386 ῶς
1488 1318 1746 1390 Πλάτων,
1779 1343 1854 1376 τι·

243 1405 334 1470 νὲς
370 1405 430 1460 δὲ
462 1405 632 1477 μέσον
663 1401 891 1460 πάντων
920 1401 1017 1460 τὸν
1046 1400 1222 1476 ἥλιον.
1878 1422 1919 1454 15

369 1493 417 1544 6.
461 1486 891 1562 Ἀναξίμανδρος
943 1489 1035 1544 καὶ
1075 1486 1454 1563 Μητρόδωρος
1506 1486 1534 1545 ὃ
1577 1496 1710 1554 Χῖος
1763 1490 1855 1544 καὶ

241 1570 463 1646 Κράτης
505 1569 770 1629 ἀνωτάτω
812 1572 916 1645 μὲν
955 1570 1183 1630 πάντων
1224 1571 1321 1630 τὸν
1362 1571 1522 1644 ἥλιον
1561 1570 1851 1646 τετάχθαι·

242 1656 356 1730 μετ’
396 1654 565 1714 αὐτὸν
604 1654 706 1729 τὴν
748 1654 1015 1728 σελήνην·
1061 1655 1172 1714 ὑπὸ
1216 1658 1277 1714 δὲ
1309 1655 1509 1724 αὐτοὺς
1540 1655 1606 1715 τά
1630 1653 1852 1729 άπλανῆ

242 1744 355 1799 τῶν
386 1739 606 1814 ἄστρων
638 1743 729 1797 καὶ
761 1740 888 1807 τοὺς
919 1738 1258 1813 πλάνητας.”

241 1892 427 1942 XLVII.
493 1879 523 1900 “
543 1882 687 1952 Περὶ
717 1886 813 1952 τῆς
842 1883 954 1937 τῶν
983 1878 1204 1953 ἅστρων
1233 1885 1411 1954 φορᾶς
1442 1882 1534 1938 καὶ
1565 1881 1846 1953 κινήσεως.
1875 1898 1915 1930 20

136 2002 224 2043 (847)
364 1990 760 2065 Ἀναξαγόρας,
803 1991 1177 2066 Δημόκριτος,
1218 1991 1546 2066 Κλεάνθης,
1587 1991 1683 2049 ἀπ’
1721 1989 1852 2050 άνα-

241 2081 419 2135 τολῶν
452 2079 541 2134 ε’πὶ
575 2075 786 2149 δυσμὰς
816 2079 1091 2150 φέρεσθαι
1121 2076 1330 2144 πάντας
1360 2076 1488 2144 τοὺς
1519 2074 1764 2150 άστέρας.

370 2167 417 2218 2.
462 2158 773 2234 Ἀλκμαίων
802 2163 895 2218 καὶ
926 2167 985 2218 οἱ
1009 2165 1383 2235 μαθηματικοὶ
1412 2160 1540 2229 τούς
1572 2161 1851 2234 πλάνητας

238 2259 353 2312 τοῖς
374 2243 678 2303 ἀπλανέσιν
709 2248 1022 2313 ἐναντίους·
1059 2245 1168 2303 ἀπὸ
1207 2244 1314 2320 γάρ
1342 2251 1572 2319 δυσμῶν
1595 2243 1682 2303 ἐπ’
1712 2245 1851 2302 ἀνα-

239 2330 400 2395 τολὰς
432 2329 848 2404 ἀντιφέρεσθαι.
1873 2351 1914 2382 25

368 2419 414 2470 3.
459 2411 888 2488 Ἀναξίμανδρος
918 2411 1028 2471 ὑπὸ
1051 2420 1164 2471 τῶν
1189 2413 1410 2471 κύκλων
1435 2416 1525 2470 καὶ
1549 2418 1662 2471 τῶν
1686 2432 1848 2487 σφαι-

239 2502 383 2571 ρῶν,
418 2495 504 2568 ἐφ’
543 2489 623 2554 ῶν
655 2502 879 2565 ἕκαστος
910 2500 1142 2571 βέβηκε,
1174 2501 1463 2572 φέρεσθαι.

357 2580 714 2654 Ἀναξιμένης
753 2579 853 2655 οὐχ
893 2579 1002 2639 ὑπὸ
1043 2588 1178 2656 γῆν,
1222 2585 1350 2656 περὶ
1382 2579 1560 2654 αὐτὴν
1593 2583 1655 2639 δὲ
1686 2585 1844 2655 στρέ-

239 2676 452 2738 φεσθαι
481 2663 607 2732 τούς
638 2664 884 2739 ἀστέρας.

366 2755 413 2806 4.
462 2748 702 2807 Πλάτων
732 2752 823 2806 καὶ
854 2756 912 2806 οἱ
936 2752 1308 2823 μαθηματικοὶ
1342 2747 1670 2823 ἰσοδρόμους
1705 2749 1845 2807 εἶναι
1872 2770 1912 2801 30

238 2833 337 2892 τὸν
366 2831 550 2907 ἥλιον,
582 2834 679 2892 τὸν
712 2833 1059 2907 Φωσφόρον,
1091 2832 1188 2892 τὸν
1218 2831 1585 2905 Στίλβοντα.”
