2014 3146
609 126 821 169 PRAEP.
855 125 1076 168 EVANG.
1107 126 1205 167 xv.
1235 129 1275 167 4.
1310 129 1348 167 5.
1677 125 1778 178 347
1794 157 1798 161 .

175 241 460 314 ἐπαινετὰ,
504 238 575 307 ὡς
617 246 678 298 αἱ
718 239 936 316 ἀρεταὶ,
975 239 1042 298 τὰ
1073 242 1134 299 δὲ
1165 240 1456 315 δυνάμεις,
1497 240 1570 309 ὥς
1610 247 1783 300 πλοῦυ

171 350 262 393 τος
315 328 408 383 καὶ
458 324 639 399 ἰσχύς,
690 325 755 382 τὰ
810 326 872 383 δὲ
891 324 1168 399 ὠφέλιμα,
1221 325 1294 393 ὡς
1346 331 1408 383 αἱ
1455 336 1779 401 θεραπεῖαι;

171 416 230 467 τί
272 409 323 466 δ’
335 455 349 482 ,
394 417 444 468 εἰ
485 414 655 467 ταῦτα
707 409 954 468 ἐλάττονι
1009 413 1276 483 διαιρέσει
1329 410 1779 484 διαστελλόμενος

171 497 348 567 λέγοις
397 499 508 554 τῶν
560 493 793 567 ἀγαθῶν
841 494 907 551 τὰ
950 495 1053 568 μὲν
1106 495 1247 552 εἶναι
1297 497 1452 575 τέλη,
1503 495 1569 553 τά
1611 498 1671 553 δὲ
1713 495 1778 553 οὐ

127 580 331 651 5τέλη;
379 582 508 653 τέλη
558 581 662 652 μὲν
707 575 989 652 ὀνομάζων
1038 603 1117 636 ων
1165 579 1328 654 χάριν
1372 604 1437 637 τα
1483 578 1654 653 άλλα,
1710 578 1777 638 οὐ
1805 603 1827 635 d

169 666 296 737 τέλη
330 665 390 721 δε
420 663 485 720 τὰ
514 668 627 720 τῶν
655 661 841 720 ἄλλων
871 666 1033 720 ἕνεκα
1056 663 1462 737 λαμβανόμενα.
1510 670 1589 722 19.
1622 671 1679 721 τί
1708 664 1776 737 δ’,

172 755 222 804 εἰ
249 747 420 821 μάθοι
450 773 531 815 τις
561 744 643 805 ὅτι
672 746 738 804 τοὶ·
767 748 870 820 μὲν
900 743 1086 814 ἁπλῶς
1126 746 1340 821 ἀγαθοὶ,
1382 747 1448 805 τοὶ
1482 750 1543 806 δὲ
1574 748 1641 807 οὐ
1672 754 1779 806 πᾶ-

170 852 286 902 σιν;
327 829 360 904 ἢ
399 830 482 889 ὅτι
511 832 578 888 τὰ
608 832 709 903 μὲν
740 834 920 905 ψυχῆς
961 830 1175 903 ἀγαθοὶ,
1217 831 1283 889 τὰ
1315 834 1375 889 δὲ
1406 832 1682 906 σώματος,
1714 832 1779 890 τα

171 915 226 973 δ’
266 915 443 986 ἐκτός;
475 912 508 988 ἢ
540 914 708 973 πάλιν
737 912 818 972 ὅτι
849 919 962 972 τῶν
991 914 1223 987 ἀγαθῶν
1263 916 1330 973 τὰ
1359 918 1462 990 μὲν
1494 916 1776 990 δυνάμεις,

106 1028 147 1059 10
170 999 235 1057 τα
267 1001 329 1057 δὲ
362 1003 640 1066 διαθέσεις
672 1002 762 1056 καὶ
794 1003 958 1072 ἕξεις,
991 997 1129 1057 ἄλλα
1162 1001 1222 1058 δὲ
1264 1003 1566 1074 ἐνέργειαι,
1619 1001 1685 1058 τὰ
1719 1002 1777 1058 δὲ

168 1089 324 1158 τέλη,
355 1083 421 1141 τα
453 1086 514 1141 δὲ
543 1077 691 1157 ὗλαι,
723 1086 790 1141 τὰ
822 1085 883 1142 δὲ
913 1083 1152 1158 ὅργανα;
1184 1080 1289 1142 κᾶν
1318 1085 1412 1153 τὰς
1447 1088 1579 1143 δέκα
1611 1110 1777 1159 κατη-

168 1175 358 1242 γορίας
390 1191 538 1242 παρα
562 1172 663 1226 σοῦ
683 1168 838 1244 μάθῃ
863 1194 943 1236 τις
970 1173 1173 1243 δεκαχῆ
1199 1172 1482 1243 διανέμειν
1506 1168 1774 1242 τάγαθὸν,

167 1261 223 1311 τί
249 1258 422 1310 ταῦτα
452 1254 587 1327 πρὸς
617 1253 719 1326 τὴν
749 1252 1050 1320 Πλάτωνος
1080 1252 1308 1355 γνωμην
1343 1279 1408 1312 τα
1440 1253 1775 1329 διδάγματα;
1798 1274 1884 1316 [466]

167 1343 249 1395 20.
283 1341 384 1405 ε’ως
416 1339 482 1396 οὐ
512 1363 616 1412 γαρ
648 1338 717 1395 σὺ
740 1363 842 1411 μεν
868 1340 1019 1395 εἴτε*
996 1337 1302 1412 ομωνύμως
1336 1349 1444 1396 εἴτε
1467 1336 1616 1406 ὅπως
1647 1338 1776 1412 βού-

105 1447 145 1480 15
169 1431 250 1479 λει
282 1427 467 1479 καλῶν
507 1420 694 1495 ὅεγαθα
731 1447 798 1479 τα
826 1425 921 1496 τῆς
953 1420 1147 1496 ἀρετῆς
1178 1421 1298 1480 ἄλλ’
1347 1421 1479 1481 άττα
1509 1422 1645 1497 πρὸς
1674 1422 1777 1496 τὴν

168 1506 532 1580 εὐδαιμονίαν
563 1532 634 1573 ως
665 1503 939 1578 ἀναγκαῖα
970 1506 1419 1582 παραλαμβάνεις
1437 1553 1451 1580 ‚
1493 1507 1552 1565 τὸ
1584 1507 1777 1565 ικανόν

166 1596 262 1664 τῆς
293 1589 488 1665 ἀρετῆς
519 1590 959 1665 ἀφαιρούμενος,
1002 1590 1242 1649 Πλάτων
1275 1590 1424 1650 δ’ἐκ
1453 1600 1776 1665 περιουσίας
1800 1608 1894 1650 (798)

167 1678 292 1747 περὶ
325 1680 436 1732 τῶν
458 1673 642 1734 ἄλλων
666 1683 811 1748 ζητεῖ
831 1675 890 1733 τὸ
916 1681 1150 1734 ἕκπλεον
1181 1682 1256 1742 εἰς
1291 1673 1653 1750 εὐδαιμονίαν
1676 1674 1772 1733 ἀπ’

169 1758 336 1833 αὐτῆς
366 1765 460 1833 τῆς
485 1757 680 1834 άρετῆς
705 1767 864 1833 ἔχων,
896 1758 1064 1817 οὐδὲν
1087 1756 1159 1818 ἂν
1179 1757 1315 1834 ὑμῖν
1346 1770 1431 1834 εἰή
1456 1761 1592 1818 κατὰ
1615 1764 1775 1818 τοῦτο

102 1871 145 1902 20
168 1843 385 1902 κοινόν·
432 1842 616 1902 ἄλλων
647 1862 732 1902 σοι
766 1850 862 1905 δεῖ]
882 1843 1090 1917 λόγων,
1131 1843 1316 1902 ἄλλων
1345 1860 1458 1912 τοῖς
1489 1848 1591 1903 τοῦ
1620 1845 1778 1903 Πλά-

166 1953 354 1995 τωνθς.

167 2008 252 2059 21.
330 2003 392 2068 ὥς
418 2028 511 2073 γαρ
539 2002 631 2058 οὐκ
658 2009 758 2059 ε’στι
785 2008 945 2059 λέουσι
970 2010 1052 2058 καὶ
1079 2001 1371 2073 ἀνδράσιν
1344 2029 1490 2091 ορκια
1515 2025 1684 2067 πιστα,

327 2073 442 2129 οὐδὲ
470 2076 611 2128 λύκοι
636 2099 683 2128 τε
711 2078 796 2128 καὶ
823 2073 968 2146 άρνες
995 2073 1254 2144 ὁμόφρονα
1280 2074 1449 2144 θυμὸν
1477 2081 1692 2144 ε’χουσιν,

167 2180 340 2248 οὕτως
370 2179 474 2238 οὐκ
505 2187 620 2238 ἔστι
649 2180 907 2239 Πλάτωνι
951 2183 1043 2238 καὶ
1069 2179 1427 2255 Ἀριστοτέλει
1457 2189 1618 2255 φιλία
1648 2184 1774 2255 περὶ

104 2295 146 2326 25
169 2269 271 2323 τοῦ
310 2264 748 2338 κορυφαιοτάτου
789 2267 880 2322 καὶ
920 2265 1262 2339 κυριωτάτου
1293 2269 1388 2338 τῆς
1421 2264 1775 2340 εὐδαιμονίας
1804 2296 1823 2328 b

173 2350 455 2423 δόγματος.
535 2351 828 2450 διαμπερὲς
872 2375 1007 2423 γαρ,
1057 2356 1105 2406 εἰ
1143 2349 1216 2423 μὴ
1258 2375 1396 2408 nocua
1438 2354 1776 2425 φρονέουσιν

169 2432 452 2507 ἀλλήλοις,
491 2433 557 2491 τά
602 2457 663 2507 γε
704 2430 1010 2492 υπεναντία
1040 2437 1167 2507 περι
1208 2438 1320 2492 τῶν
1353 2441 1430 2503 εἰς
1460 2440 1621 2494 τοῦτο
1653 2441 1776 2493 δια-

169 2516 457 2591 φερόντων
487 2525 781 2590 φαίνονται
813 2517 1093 2591 λεγοντες.’

295 2615 347 2662 V.
394 2601 576 2661 Πάλιν
599 2604 849 2669 Μωσέως
868 2606 958 2660 καὶ
981 2628 1093 2661 των
1118 2601 1249 2678 παρ’
1268 2603 1539 2678 Ἑβραίοις
1563 2626 1774 2677 προφη-
1798 2633 1814 2655 c

105 2714 146 2746 30
169 2689 299 2758 τῶν,
314 2683 381 2744 οὐ
404 2687 516 2760 μὴν
528 2685 667 2744 ἀλλὰ
690 2689 781 2744 καὶ
800 2686 1098 2755 Πλάτωνος
1123 2692 1183 2745 έν
1205 2687 1415 2756 τούτοις
1440 2686 1774 2762 συμφώνως,

170 2770 265 2828 τὸν
295 2774 420 2842 περὶ
450 2778 545 2844 τῆς
569 2778 680 2829 τῶν
702 2768 847 2829 ὅλων
870 2779 1132 2845 προνοίας
1162 2771 1328 2845 λόγον
1359 2770 1627 2847 εὐκρινῶς
1659 2777 1775 2828 δια-

171 2857 536 2930 τεθειμένων,
570 2855 598 2913 ὁ
627 2853 998 2931 Ἀριστοτέλης
1033 2859 1189 2930 μέχρι
1220 2855 1453 2930 σελήνης
1486 2854 1686 2930 στήσας
1716 2854 1775 2912 τὸ
