2014 3146
645 121 859 163 PRAEP.
879 122 1100 164 EVANG.
1131 122 1212 166 XI.
1243 125 1281 166 9.
1695 120 1766 175 21

161 239 307 313 (ἐπεὶ
347 240 437 295 καὶ
480 243 804 295 συνίσταται
843 235 972 310 παρ’
1008 243 1338 309 Αἰγυπτίοις
1376 236 1640 310 τηνικάδε
1670 236 1765 304 τας
1790 267 1807 288 c

161 320 446 398 διατριβὰς
476 325 870 395 πεποιημένος,
907 318 1039 379 καθ’
1072 317 1138 379 ὃν
1158 320 1405 397 Ἑβραῖοι
1433 325 1528 394 τῆς
1559 327 1766 388 οἰκείας

161 405 425 481 δεύτερον
463 404 834 473 ἆποπεσόντες
873 409 973 478 γῆς
1011 411 1339 479 Αἰγυπτίοις
1381 409 1765 480 ἐπεχωρίαζον,

157 495 398 567 Περσῶν
445 489 943 565 ἐπικρατούντων,)
996 500 1105 548 εἴτε
1146 492 1239 547 καὶ
1281 488 1409 564 παρ’
1459 492 1663 548 ἑαυτοῦ
1699 494 1768 564 τῇ

116 594 138 628 5
160 578 274 633 τῶν
303 573 641 648 πραγμάτων
682 573 962 646 ἐπιβαλών
991 572 1189 647 φύσει,
1232 585 1342 632 εἴτε
1370 571 1630 632 ὁπωσοῦν
1657 571 1766 632 υπὸ

156 663 258 717 τοῦ
295 664 436 717 θεοῦ
479 661 840 727 καταξιωθεὶς
879 661 975 731 τῆς
1014 657 1289 731 γνώσεως.
1364 655 1448 716 “ὃ
1489 657 1622 726 θεὸς
1662 657 1767 730 γὰρ

160 743 383 817 (φησὶν)
435 741 622 810 αὐτοῖς
664 745 997 816 ἐφανέρωσε.
1068 742 1135 798 τὰ
1185 742 1291 817 γὰρ
1340 740 1547 817 ἀόρατα
1597 740 1769 800 αὐτοῦ

156 824 264 884 ἀπὸ
303 834 532 892 κτίσεως
572 825 782 900 κόσμου
821 839 935 892 τοῖς
974 824 1241 900 ποιήμασι
1279 825 1556 900 νοούμενα
1592 836 1768 884 καθο-

157 914 343 986 ροῖται,
384 909 419 984 ἤ
457 934 516 967 τε
555 908 734 977 ἀΐδιος
775 908 949 967 αὐτοῦ
990 908 1226 984 δύναμις
1266 913 1360 968 καὶ
1398 909 1647 983 θειότης,
1690 917 1768 977 εἰς

94 1014 135 1047 10
156 995 216 1053 τὸ
260 995 401 1053 εἶναι
441 993 644 1061 αὐτοὺς
684 993 1190 1067 ἀναπολογήτους.”
1267 994 1470 1069 μάθοις
1511 991 1565 1052 δ’
1598 990 1668 1052 ἂν
1707 993 1767 1051 τὸ

158 1082 450 1155 εἰρημένον
483 1071 596 1136 οἶδέ
622 1103 698 1152 πη
731 1077 1219 1152 διασκοπούμενος.

283 1175 364 1224 lX.
409 1166 662 1230 Μωσέως
714 1167 774 1221 ἐν
822 1177 942 1229 ταῖς
993 1169 1369 1237 ιεροφαντίαις
1417 1161 1666 1267 χρησμὸν
1708 1151 1840 1227 ε’κὶῗο
1842 1153 1879 1194 8]

158 1247 459 1321 προσώπου
499 1254 596 1304 τοῦ
637 1251 777 1304 θεοῦ
818 1246 1097 1319 φήσαντος
1147 1247 1278 1351 “ε’γω’
1313 1254 1423 1320 εἰμι
1452 1246 1480 1304 ὁ
1514 1245 1607 1305 ω’ν.
1670 1247 1768 1305 οὕ-

157 1356 263 1398 τως
305 1335 446 1404 ε’ρεῖς
491 1346 606 1397 τοις
654 1336 798 1398 υιοϊς
840 1330 1088 1406 Ἰσραὴλ,
1138 1330 1166 1388 ὁ
1218 1356 1298 1389 ων
1344 1331 1656 1389 ἆπέσταλκέ
1699 1357 1817 1425 με

93 1435 135 1468 15
157 1415 293 1516 πρὸς
332 1413 525 1488 ὑμᾶς”,
571 1418 967 1488 παραθεμένου
1001 1416 1061 1472 δε
1091 1417 1182 1472 καὶ
1211 1414 1309 1473 τὸν
1337 1415 1475 1473 θεὸν
1505 1399 1817 1489 ἄντικρυς

155 1498 328 1573 μόνον
365 1523 528 1570 οντα,
570 1501 662 1556 καὶ
706 1503 874 1572 τῆσδε
913 1506 1119 1573 κυρίως
1160 1502 1250 1555 καὶ
1291 1495 1570 1573 ἁρμοδίως
1600 1498 1766 1572 ἠξιω-

155 1586 326 1656 μένον
363 1587 459 1655 τῆς
499 1581 744 1655 κλησεως
785 1580 1247 1656 ἀποφηναμένου·
1322 1588 1372 1640 2.
1406 1583 1575 1641 πάλιν
1604 1608 1664 1641 τε
1695 1586 1766 1640 αὐ

155 1671 488 1741 Σολομωνος
529 1670 657 1741 περὶ
695 1670 791 1740 τῆς
829 1692 942 1725 των
982 1670 1269 1740 αἰσθητῶν
1306 1670 1399 1725 καὶ
1438 1686 1766 1741 σωματικων

152 1751 424 1824 γενέσεώς
455 1776 513 1809 τε
544 1754 636 1809 καὶ
667 1755 886 1826 φθορᾶς
925 1750 1250 1819 ἀνειπόντος
1283 1748 1379 1809 “τί
1411 1751 1470 1809 τὸ
1509 1751 1763 1825 γεγονός;
1783 1777 1874 1817 (524)

91 1853 133 1886 20
157 1834 290 1893 αὐτὸ
320 1834 380 1893 τὸ
420 1835 809 1909 γενησόμενον.
871 1839 964 1893 καὶ
1000 1843 1057 1894 τί
1091 1836 1150 1894 τὸ
1181 1838 1584 1910 πεποιημένον;
1632 1835 1765 1894 αὐτὸ

152 1919 214 1977 τὸ
244 1920 707 1994 ποιηθησόμενον.
763 1923 856 1988 καὶ
886 1920 988 1978 οὐκ
1020 1927 1133 1978 ἔστι
1163 1925 1276 1979 πᾶν
1305 1920 1628 1994 πρόσφατον
1656 1921 1765 1978 ὑπὸ

152 2003 249 2061 τὸν
300 2002 486 2077 ἥλιον,
546 2002 575 2061 ὃ
626 2003 852 2078 λαλήσει
892 2007 985 2062 καὶ
1033 2009 1174 2079 ε’ρεῖ,
1236 2011 1323 2063 ἴδε
1364 2009 1526 2064 τοῦτο
1569 2005 1765 2063 καινόν

154 2091 330 2146 ἐστιν·
402 2087 509 2162 ἤδη
554 2091 785 2162 γέγονεν
826 2093 886 2147 ἐν
927 2103 1042 2156 τοῖς
1086 2094 1248 2146 αἰῶσι
1290 2105 1404 2156 τοῖς
1447 2091 1764 2162 γενομένοις

153 2169 261 2229 άπὸ
313 2178 631 2247 ἔμπροσθεν
681 2170 905 2246 ἡμῶν·”
995 2178 1044 2230 3.
1098 2173 1311 2239 τούτοις
1363 2173 1424 2228 δὲ
1470 2175 1562 2229 καὶ
1607 2169 1765 2246 ἡμῶν

90 2278 131 2311 25
154 2253 477 2322 ἀκολούθως
508 2263 586 2323 εἰς
620 2255 721 2314 δύο
751 2256 955 2313 τὰπᾶν
987 2254 1384 2329 διαιρούντων,
1433 2266 1510 2322 εἰς
1540 2279 1600 2313 τε
1630 2281 1765 2328 νοη-

149 2338 246 2395 τὸν
285 2342 378 2396 καὶ
420 2338 722 2411 αἰσθητὸν,
770 2341 860 2396 καὶ
893 2338 952 2396 τὸ
989 2341 1092 2413 μὲν
1120 2338 1319 2412 νοητὸν
1346 2338 1642 2413 ἀσώματον
1670 2343 1763 2397 καὶ

154 2421 377 2494 λογικὸν
405 2421 508 2495 τὴν
536 2421 732 2495 φύσιν,
764 2422 1060 2496 ἅφθαρτόν
1088 2447 1147 2484 τε
1177 2427 1270 2498 καὶ
1300 2421 1587 2482 ἀθάνατον
1618 2425 1762 2482 εἶναι

152 2501 510 2580 ὁριζομένων,
564 2505 624 2564 τὸ
677 2504 731 2564 δ’
777 2507 1046 2581 αἰσθητὸν
1097 2512 1157 2566 ἐν
1209 2507 1367 2583 ῥύσει
1416 2511 1509 2565 καὶ
1549 2513 1761 2583 φθορᾷ,

151 2595 427 2665 μεταβολῇ
471 2614 530 2648 τε
570 2593 662 2648 καὶ
703 2597 878 2666 τροπῇ
908 2598 1003 2665 τῆς
1034 2589 1228 2660 οὐσίας
1259 2591 1556 2666 ὑπάρχειν·
1618 2591 1762 2650 πάν-

90 2696 131 2729 30
152 2698 265 2731 των
306 2672 357 2731 δ’
393 2678 482 2732 ἐπὶ
520 2682 655 2748 μίαν
694 2675 870 2750 ἀρχὴν
915 2673 1548 2750 ἆνακεφαλαιουμένων,
1603 2679 1665 2733 ἕν
1703 2700 1761 2733 τε
1788 2699 1808 2730 b

155 2758 298 2816 εἶναι
348 2759 408 2816 τὸ
463 2757 732 2832 ἀγένητον
782 2763 874 2817 καὶ
926 2758 986 2818 τὸ
1030 2767 1235 2835 κυρίως
1287 2763 1380 2818 καὶ
1421 2756 1646 2834 ἀληθῶς
1696 2756 1761 2816 ὂν

154 2841 618 2917 δογματιζόντων,
659 2843 717 2902 τὸ
757 2844 984 2903 πάντων
1023 2842 1331 2919 ἀσωμάτων
1365 2870 1423 2903 τε
1457 2848 1548 2903 καὶ
1579 2842 1759 2916 σωμά-
