2014 3146
611 117 823 181 PRAEP.
854 117 1075 159 EVANG.
1108 119 1235 161 xm.
1268 122 1334 161 16.
1499 120 1501 123 ·
1674 116 1777 168 231

166 232 431 292 τοσούτου
471 231 704 307 χρόνου,
750 232 896 305 πλὴν
936 230 1100 307 ἡτοῦ
1137 233 1615 307 φιλοσοφήσαντος
1646 231 1782 290 0266-

170 326 275 385 λως
306 315 339 391 ἢ
371 316 911 392 παιδεραστήσαντος
941 317 1077 391 μετὰ
1114 325 1461 392 φιλοσοφίας.
1525 310 1686 376 αὗται
1718 319 1780 375 δὲ

170 409 324 477 τρίτῃ
365 401 605 479 περιόδῳ
646 407 712 476 τῇ
745 410 993 476 χιλιετεῖ,
1038 402 1136 460 ἐὰν
1176 407 1408 461 ἕλωνται
1437 404 1553 477 τρὶς
1586 405 1781 476 ἐφεξῆς

167 485 264 544 τὸν
293 493 420 559 βίον
441 490 655 559 τοῦτον,
687 486 831 544 οὕτω
866 498 1240 562 πτερωθεϊσαι
1262 491 1640 563 τρισχιλιοστῷ
1673 493 1781 544 ἔτει

122 595 145 627 5
168 568 514 646 ἀπέρχονται.
577 577 638 629 αἱ
675 573 735 629 δὲ
766 570 955 645 ἄλλαι,
999 570 1132 630 ὅταν
1162 571 1259 630 τὸν
1289 575 1510 646 πρῶτον
1541 579 1668 644 βίον
1697 596 1781 630 τε·

169 655 504 729 λευτήσωσι,
537 661 767 729 κρίσεως
799 662 1018 730 ἔτυχον·
1067 667 1348 730 κριθεῖσαι
1391 657 1451 713 δὲ
1483 660 1544 712 αἱ
1569 657 1671 729 μὲν
1703 662 1780 724 εἰς
1806 678 1828 710 d

167 740 233 797 τὰ
262 737 372 798 ὑπὸ
401 745 501 813 γῆς
534 739 892 814 δικαιωτήρια
926 744 1191 798 ἐλθοῦσαι
1225 746 1387 813 δίκην
1417 747 1690 812 τίνουσιν,
1723 746 1786 798 αἱ

170 822 225 881 δ’
272 831 349 891 εἰς
390 829 490 882 τοῦ
527 824 773 898 οὐρανοῦ
811 824 934 881 τινὰ
974 823 1144 882 τόπον
1182 821 1292 881 ὑπὸ
1322 828 1417 896 τῆς
1461 829 1617 896 δίκης
1648 849 1782 882 κου-

167 919 461 982 φισθεῖσαι
516 907 807 982 διάγουσιν
851 906 1014 976 ἀξίως
1059 900 1127 966 οὗ
1185 911 1245 967 ἐν
1287 907 1597 982 ἀνθρώπου
1643 915 1782 966 εἴδει

103 1018 144 1049 10
169 998 412 1067 ἐβίωσαν
442 999 585 1066 βίου.
646 997 722 1070 τῷ
766 994 828 1050 δὲ
866 997 1122 1070 χιλιοστῷ
1162 990 1469 1067 άμφότεραι
1507 991 1782 1067 ἀφικνού-

167 1100 330 1152 μεναι
362 1081 450 1135 ἐπὶ
481 1077 761 1151 πλήρωσίν
775 1101 835 1135 τε
858 1080 950 1135 καὶ
974 1083 1191 1151 αἵρεσιν
1212 1082 1311 1135 τοῦ
1339 1080 1601 1151 δευτέρου
1632 1084 1780 1150 βίου,

168 1167 454 1237 αἱροῦνται
485 1159 551 1220 ὃν
581 1159 652 1220 ἂν
684 1164 851 1238 ἐθέλῃ
886 1161 1101 1236 ἑκάστη.
1166 1169 1306 1221 ἔνθα
1339 1162 1408 1235 δὴ
1440 1164 1532 1219 καὶ
1564 1169 1642 1229 εἰς
1672 1173 1782 1234 θη-

168 1255 293 1320 ρίου
324 1255 450 1319 βίον
480 1244 814 1321 ἀνθρωπίνη
838 1247 988 1320 ψυχὴ
1013 1246 1329 1321 ἀφικνεῖται
1353 1249 1445 1304 καὶ
1471 1249 1529 1303 ἐκ
1552 1254 1778 1320 θηρίου,

166 1331 226 1400 ὅς
258 1355 388 1390 ποτε
419 1331 717 1407 ἅνθρωπος
748 1325 847 1405 ἦν,
880 1330 1049 1390 πάλιν
1080 1338 1157 1398 εἰς
1188 1330 1508 1406 ἄνθρωπον.
1523 1328 1552 1350 ”

104 1439 146 1472 15
297 1423 344 1474 9.
378 1419 489 1475 Καὶ
519 1421 694 1474 ταῦτα
723 1417 826 1489 μὲν
859 1419 918 1474 ἐν
945 1422 1201 1494 Φαίδρῳ·
1237 1419 1297 1473 ἐν
1330 1417 1389 1473 δὲ
1419 1420 1485 1489 τῇ
1521 1421 1782 1491 Πολιτεία

164 1500 351 1559 τοιάδε
382 1499 693 1575 γράφοντος
725 1499 895 1559 ἄκουε

291 1582 319 1603 “
333 1585 498 1643 Ἰδεῖν
526 1587 630 1659 μὲν
659 1585 763 1658 γὰρ
796 1591 901 1658 ἔφη
926 1583 1112 1658 ψυχὴν
1133 1584 1236 1657 τήν
1259 1607 1389 1642 ποτε
1412 1583 1654 1658 Ὀρφέως
1683 1607 1777 1656 γε-
1806 1606 1893 1648 (698)

169 1671 410 1743 νομένην
450 1669 659 1728 κύκνου
699 1677 826 1742 βίον
867 1671 1232 1743 αἱρουμένην,
1274 1676 1423 1743 μίσει
1453 1673 1554 1726 τοῦ
1583 1693 1782 1741 γυναι-

168 1761 322 1812 κείου
351 1758 547 1827 γένους
582 1753 673 1811 διὰ
703 1752 800 1812 τὸν
839 1751 940 1811 ὑπ’
978 1757 1208 1814 ἐκείνων
1238 1753 1488 1811 θάνατον
1518 1752 1621 1811 οὐκ
1654 1755 1783 1811 ἐθέ-

104 1862 146 1894 20
169 1847 379 1897 λουσαν
421 1842 481 1896 ἐν
525 1841 750 1912 γυναικὶ
780 1849 1159 1918 γεννηθεῖσαν
1197 1841 1479 1911 γενέσθαι.
1545 1843 1688 1895 ἰδεῖν
1722 1838 1782 1894 δὲ

167 1923 272 1995 τὴν
305 1922 570 1997 Θαμύρου
599 1922 837 1996 ἀηδόνος
871 1925 1162 1996 ἑλομένην·
1212 1929 1355 1980 ἰδεῖν
1378 1923 1438 1980 δὲ
1462 1925 1553 1980 καὶ
1572 1921 1782 1979 κύκνον

169 2008 584 2081 μεταβάλλοντα
609 2015 687 2074 εἰς
708 2005 1075 2081 ἀνθρωπίνου
1099 2015 1228 2080 βίον
1250 2013 1486 2082 αἵρεσιν,
1519 2011 1611 2064 καὶ
1642 2005 1782 2063 ἄλλα

170 2095 278 2169 ζῷα
308 2091 544 2165 μουσικὰ
577 2091 867 2163 ὡσαύτως,
912 2091 984 2158 ὥς
1025 2090 1085 2149 τὸ
1118 2090 1278 2157 εἰκός.
1354 2091 1456 2163 τὴν
1489 2092 1548 2148 δὲ
1579 2094 1783 2164 λαχοῦ-

172 2195 277 2233 σαν
300 2177 487 2249 ψυχὴν
518 2178 744 2234 ἑλέσθαι
775 2179 993 2241 λέοντος
1024 2182 1168 2248 βίον,
1203 2176 1345 2232 εἶναι
1380 2176 1442 2231 δὲ
1472 2174 1574 2246 τὴν
1607 2183 1780 2232 Αἰάν-

107 2282 149 2315 25
172 2285 260 2325 τος
290 2263 390 2316 τοῦ
421 2266 796 2333 Τελαμωνίου,
819 2259 1143 2332 φεύγουσαν
1168 2257 1475 2331 ἄνθρωπον
1495 2260 1782 2330 γενέσθαι,

168 2345 525 2418 ’μεμνημένην
576 2350 672 2416 τῆς
723 2346 835 2400 τῶν
884 2342 1072 2402 ὅπλων
1121 2351 1368 2418 κρίσεως.
1445 2343 1547 2415 τὴν
1590 2344 1649 2399 δὲ
1692 2345 1779 2399 ἐπὶ
1807 2360 1830 2392 b

171 2428 346 2504 τούτῳ
377 2432 477 2486 τοῦ
504 2425 932 2501 Ἀγαμέμνονος,
967 2427 1175 2501 ἐχθρὰν
1199 2430 1291 2485 καὶ
1320 2426 1528 2500 ταύτην
1556 2431 1655 2484 τοῦ
1687 2426 1779 2484 άν-
1807 2457 1894 2500 [409]

172 2519 466 2585 θρωπίνου
496 2515 694 2583 γένους
726 2510 818 2569 διὰ
846 2511 912 2568 τὰ
943 2512 1099 2585 πάθη
1130 2509 1295 2570 άετοῦ
1326 2510 1611 2580 διαλλάξαι
1637 2518 1777 2584 βίον.

175 2600 236 2654 ἐν
265 2599 450 2670 μέσοις
484 2597 545 2653 δὲ
586 2600 864 2669 λαχοῦσαν
893 2595 993 2669 τὴν
1015 2595 1346 2669 Ἀταλάντης
1386 2596 1597 2670 ψυχὴν,
1631 2620 1784 2652 κατι-

109 2702 152 2734 30
176 2685 386 2738 δοῦσαν
415 2679 655 2754 μεγάλας
684 2678 841 2754 τιμὰς
871 2677 1120 2753 ἀθλητοῦ
1148 2681 1372 2756 ἀνδρὸς,
1404 2679 1469 2738 οὐ
1503 2679 1783 2738 δύνασθαι

290 2877 341 2915 17
368 2866 508 2917 Ἰδεῖν
529 2870 616 2929 μὲν
637 2872 710 2928 -]
747 2873 882 2915 Plato
904 2875 1018 2928 Rep.
1044 2877 1110 2917 10.
1143 2889 1186 2929 p.
1210 2877 1306 2918 620.
