2014 3146
203 119 308 172 236
877 119 1125 160 EUSEBII

429 239 451 249 υ

206 246 363 293 εἰναι.
424 251 472 292 Ο.
509 232 699 305 ἐπειδὴ
733 234 794 290 δὲ
823 231 919 291 τὸν
949 231 1254 306 ἄνθρωπον
1286 237 1344 291 ἐκ
1375 238 1552 308 ψυχῆς
1583 237 1675 292 καὶ
1707 234 1814 292 σω’-

204 344 370 392 ματος
401 317 584 384 κοινός
618 321 730 375 ἐστι
761 317 987 376 πάντων
1017 317 1175 391 λόγος
1205 320 1523 391 γεγονέναι,
1562 318 1628 376 τὰ
1662 317 1716 376 δ’
1753 322 1813 376 ἐν

204 400 338 477 ἡμῖν
367 401 505 460 ἄνευ
536 401 784 476 σώματος
808 405 1072 469 ἑκουσίως
1098 405 1190 459 καὶ
1217 399 1490 469 ἀκουσίως
1514 402 1814 478 γιγνόμενα

205 486 360 560 πάθη
390 490 485 560 τῆς
515 491 694 561 ψυχῆς
728 486 871 544 εἶναι
901 490 1142 560 λέγεται,
1184 492 1242 545 οἱ
1267 487 1370 560 μὲν
1403 490 1596 545 πολλοὶ
1634 486 1812 566 τούτῳ

204 570 623 646 τεκμαιρόμενοι
651 570 912 645 παθητὴν
937 569 1078 629 εἶναι
1107 572 1209 646 τὴν
1231 570 1434 630 οὐσίαν
1457 569 1645 645 αὐτῆς,
1676 583 1813 646 θνη-
1858 595 1886 628 5

206 655 307 727 τὴν
347 653 522 728 αὐτὴν
563 656 704 714 εἶναι
746 659 970 727 λέγουσι
1010 662 1103 714 καὶ
1144 659 1515 730 σωματοειδῆ,
1557 654 1677 713 ἀλλ’
1714 653 1817 714 οὐκ

206 738 514 813 ἀσώματον.
577 747 625 798 6.
659 740 687 798 ὁ
730 742 791 798 δὲ
821 741 1062 798 Πλάτων
1100 748 1175 817 τῷ
1208 740 1375 813 φύσει
1406 740 1574 815 αὐτῆς
1606 744 1821 799 ἀπαθεῖ

92 819 186 894 [41131
209 825 682 899 προσηναγκάσθη
727 826 831 898 τὴν
883 825 1144 899 παθητὴν
1192 825 1393 884 οὐσίαν
1442 829 1814 899 προσυφᾶναι.

205 909 288 967 ὅτι
313 911 375 967 δὲ
397 913 708 983 μηδετέρως
740 917 877 984 ἔχει,
910 914 963 979 ἐξ
996 902 1076 968 οἷν
1101 909 1347 984 ἑκάτεροι
1373 909 1643 985 εἰρήκασι,
1668 909 1819 969 Πλά-

207 1018 320 1052 των
358 1018 417 1051 τε
457 997 548 1052 καὶ
589 999 644 1052 οί
671 992 853 1067 ἄλλοι,
895 993 1274 1067 πειρασόμεθα
1304 999 1379 1072 τῷ
1411 995 1586 1074 λόγῳ,
1630 995 1725 1062 τὰς
1758 997 1818 1053 ἐν
1842 1015 1889 1048 10

207 1077 342 1152 ἡμῖν
393 1078 726 1153 ἐνεργούσας
779 1077 1043 1153 δυνάμεις
1083 1082 1457 1154 παραθέντες,
1511 1078 1820 1154 προσβιβά-

208 1159 356 1220 σαι.”

337 1253 383 1306 7.
426 1247 609 1305 Ταῦτά
638 1273 729 1322 μοι
761 1245 868 1306 ἀπὸ
898 1251 1011 1306 τῶν
1034 1247 1295 1322 Σεβήρου
1326 1252 1422 1307 τοῦ
1459 1251 1821 1306 Πλατωνικοῦ

207 1334 352 1406 Περὶ
383 1336 562 1406 ψυχῆς
602 1339 936 1407 προκείσθω.
1010 1335 1210 1409 σκέψαι
1252 1334 1314 1390 δὲ
1354 1333 1489 1406 πρὸς
1523 1347 1637 1400 τοῖς
1670 1339 1821 1406 εἰρη-

207 1418 392 1490 μένοις
434 1419 525 1474 καὶ
565 1415 693 1474 τόδε
733 1420 859 1492 περὶ
899 1421 994 1491 τῆς
1034 1414 1280 1492 οὐρανοῦ
1318 1420 1550 1475 καὶτῶν
1583 1421 1642 1475 ἐν
1671 1418 1822 1494 αὐτῷ
1842 1436 1887 1471 15

210 1500 525 1576 φωστήρων
556 1500 742 1577 ἀρχῆς.

334 1598 500 1647 XVIII.
547 1585 881 1662 Συμφώνως
914 1586 1187 1661 Ἑβραίοις
1227 1589 1319 1644 καὶ
1357 1585 1453 1644 τὸν
1483 1588 1609 1661 περὶ
1651 1583 1821 1660 οὖρα-

209 1676 313 1726 νοῦ
354 1673 446 1727 καὶ
483 1674 596 1728 τῶν
638 1675 696 1729 ἐν
741 1668 889 1749 αὐτῷ
937 1674 1292 1745 φαινομένων
1345 1670 1588 1738 ἀποδοὺς
1635 1670 1818 1743 λόγον,

211 1751 343 1810 καθ’
387 1752 453 1812 ὃν
506 1754 743 1828 γεννητα
797 1756 939 1813 εἶναι
979 1756 1114 1829 πρὸς
1153 1759 1254 1813 τοῦ
1302 1759 1413 1813 τῶν
1452 1754 1599 1813 ὅλων
1638 1761 1818 1812 αἰτίου

210 1840 552 1911 πεποιημένα
591 1843 839 1913 μετέχειν
877 1863 936 1897 τε
973 1844 1070 1912 τῆς
1101 1844 1412 1913 σωματικῆς
1442 1842 1534 1897 καὶ
1564 1842 1820 1912 φθαρτῆς
1842 1859 1885 1893 20

210 1918 404 1990 οὐσίας
428 1926 685 1997 συνέστη,
711 1921 906 1981 οὐκέθ’
941 1923 1142 1997 ὁμοίως
1158 1923 1431 1997 Ἑβραίοις
1463 1927 1651 1996 σέβειν
1681 1921 1820 1981 αὐτοὶ

210 2020 507 2079 νομοθετεῖ
541 2011 634 2066 καὶ
673 2006 843 2075 θεοὺς
874 2005 1165 2082 ἡγεῖσθαι,
1198 2000 1308 2065 ὦδε
1331 2007 1563 2082 φάσκων
1589 2011 1647 2066 ἐν
1671 2005 1820 2066 Ἐπι-

210 2097 398 2164 νομίδι

338 2181 386 2234 2.
421 2172 607 2236 “Τίνα
649 2175 717 2249 δὴ
758 2180 850 2234 καὶ
891 2175 1185 2251 σεμνύνων
1226 2178 1356 2235 ποτὲ
1398 2179 1540 2250 λέγω
1579 2176 1743 2249 θεὸν,
1778 2169 1820 2235 ὦ

212 2262 459 2332 Μέγιλλε
483 2264 575 2318 καὶ
598 2268 858 2332 Κλεινία;
892 2261 1092 2334 σχεδὸν
1118 2260 1378 2335 οὐρανὸν,
1410 2260 1477 2320 ὃν
1496 2264 1589 2319 καὶ
1614 2259 1818 2319 δικαιό-
1841 2277 1884 2311 25

210 2367 408 2416 τατον,
450 2344 521 2410 ὡς
568 2344 877 2419 ξύμπαντες
917 2344 1074 2404 ἄλλοι
1115 2352 1372 2420 δαίμονες
1403 2344 1514 2420 ἅμα
1553 2349 1645 2403 καὶ
1673 2348 1818 2418 θεοὶ,

163 2461 179 2482 e
211 2432 376 2501 τιμᾶν
405 2453 463 2486 τε
494 2432 584 2486 καὶ
618 2427 882 2503 εὔχεσθαι
916 2430 1292 2504 διαφερόντως
1323 2428 1497 2507 αὐτῷ·
1541 2430 1601 2488 τὸ
1636 2431 1696 2487 δὲ
1727 2433 1819 2489 καὶ

211 2516 324 2569 τῶν
354 2510 539 2571 ἄλλων
570 2523 748 2571 αἴτιον
778 2512 1011 2587 άγαθῶν
1041 2513 1267 2572 πάντων
1297 2511 1430 2589 ἡμῖν
1461 2512 1629 2572 αὐτὸν
1658 2539 1819 2587 γεγο-

212 2599 367 2654 νέναι
399 2594 601 2663 πάντες
632 2595 702 2654 ἂν
732 2596 1150 2671 ὁμολογοῖμεν.”

338 2684 385 2736 3.
432 2678 564 2738 Εἶθ’
596 2677 811 2753 ὑποβάς
843 2687 903 2739 ἐν
932 2687 1007 2760 τῷ
1039 2682 1187 2760 αὐτῷ
1219 2689 1551 2758 προστίθησι
1582 2685 1753 2738 ταῦτα
1837 2699 1880 2731 30

96 1580 182 1622 (702)

164 1624 185 1655 b

325 2877 377 2914 22
411 2866 460 2914 ἐν
477 2868 764 2927 Ἐπινομίδι]
798 2889 840 2927 p.
866 2876 962 2917 977.
985 2876 1080 2919 984.
