2014 3146
544 115 757 156 PRAEP.
788 115 1006 156 EVANG.
1044 115 1141 156 xv.
1182 115 1380 156 38—40.
1663 113 1768 165 403

279 234 327 287 2.
377 229 696 298 Λεύκιππος
728 233 819 288 καὶ
842 230 1189 305 Δημόκριτος
1218 233 1422 304 χιτῶνα
1453 229 1638 308 κύκλῳ
1673 232 1763 287 καὶ
1784 255 1871 296 [492]

156 314 335 388 ὑμένα
366 322 740 388 περιτείνουσι
770 319 847 391 τῷ
881 315 1082 392 κόσμῳ.

284 403 331 455 3.
361 396 679 473 Ἐπίκουρος
710 404 878 458 ἐνίων
900 401 1003 474 μὲν
1027 399 1250 473 κόσμων
1273 398 1470 474 ἀραιὸν
1493 397 1552 457 τὸ
1580 402 1769 473 πέρας,

158 491 278 541 ε”νια
304 483 366 539 δὲ
389 482 598 542 πυκνά·
632 486 724 541 καὶ
748 484 961 543 τούτων
992 484 1056 542 τὰ
1083 487 1185 557 μέν
1208 507 1331 542 τινα
1356 479 1677 558 κινούμενα,
1703 483 1770 541 τὰ

112 591 132 623 5
159 569 219 625 δὲ
250 568 497 641 ἀκίνητα

282 657 333 708 4.
379 650 620 709 Πλάτων
660 655 773 726 πῦρ
814 657 1066 725 πρῶτον,
1116 653 1230 710 εἶτα
1258 655 1491 760 αἰθέρα,
1534 649 1668 725 μεθ’
1702 648 1768 710 ὃν

155 733 318 809 ἀέρα,
353 736 440 810 ἐφ’
480 729 523 814 ᾧ
552 735 766 833 '33⁰³9’-
772 743 1095 795 τελευταίαν
1133 738 1193 794 δὲ
1217 741 1350 810 γῆν·
1385 741 1561 795 ἐνίοτε
1586 739 1647 795 δὲ
1671 735 1767 794 τὸν

156 825 359 893 αἰθέρα
391 819 658 878 συνάπτει
687 823 766 877 τῶ
794 827 946 893 πυρί.

284 904 732 979 ,Ἀριστοτέλης
755 908 976 979 πρῶτον
1002 929 1104 978 μεν
1138 906 1340 975 αἰθέρα
1368 903 1592 977 ἀπαθῆ,
1627 906 1765 977 πέμ-
1790 929 1811 959 b

91 1012 295 1050 101ztov
324 990 384 1047 δὲ
424 993 604 1063 σῶμα·
656 986 789 1062 μεθ’
822 986 888 1046 ὃν
927 988 1184 1062 παθητὰ,
1218 992 1359 1063 πῦρ,
1392 988 1554 1063 ἀέρα,
1587 988 1763 1063 ὕδωρ,

153 1080 476 1132 τελευταίαν
532 1074 591 1130 δὲ
646 1076 765 1146 γῆν.
842 1072 1055 1131 τούτων
1104 1075 1164 1131 δὲ
1203 1087 1316 1140 τοῖς
1346 1075 1450 1148 μὲν
1479 1073 1765 1146 οὐρανίοις

151 1157 533 1215 ἀποδεδόσθαι
562 1155 666 1230 τὴν
696 1158 966 1230 κυκλικὴν
996 1163 1242 1231 κίνησιν·
1274 1162 1387 1216 τῶν
1412 1156 1464 1214 δ’
1496 1156 1597 1215 ὑπ’
1622 1162 1764 1216 ἐκεῖ-

152 1267 222 1299 να
281 1245 630 1316 τεταγμένων
682 1256 794 1309 τοῖς
846 1244 947 1316 μὲν
1006 1242 1236 1315 κούφοις
1299 1241 1401 1315 τὴν
1448 1241 1594 1315 ἅνω,
1651 1258 1764 1309 τοῖς

155 1328 214 1383 δε
245 1329 438 1401 βαρέσι
479 1328 581 1399 τὴν
611 1351 772 1384 κατω.

89 1434 130 1466 15
281 1417 327 1468 6.
387 1409 756 1484 Ἐμπεδοκλῆς
809 1410 882 1484 μὴ
932 1410 1024 1467 διὰ
1069 1409 1272 1477 παντὸς
1317 1414 1552 1478 ἑστῶτας
1598 1410 1762 1482 εἶναι,

156 1496 294 1568 μηδ
278 1520 302 1552 ε
335 1491 676 1569 ωρισμένους
717 1520 846 1563 τους
885 1494 1086 1561 τόπους
1119 1500 1231 1552 τῶν
1263 1501 1580 1569 στοιχείων,
1625 1492 1764 1552 ἀλλά

153 1578 332 1636 πάντα
363 1604 478 1646 πως
509 1577 765 1652 ἀλλήλων
794 1577 1293 1654 μεταλαμβάνεινῗ

151 1703 361 1753 XXXIX.
421 1687 450 1711 “
479 1699 573 1758 Τίς
603 1688 636 1764 ἡ
669 1698 816 1749 αἰτία
845 1697 942 1751 τοῦ
981 1692 1077 1749 τὸν
1106 1691 1314 1765 κόσμον
1345 1694 1685 1764 ἐγκλιθῆναι.

279 1792 579 1863 Διογένης,
631 1787 1025 1863 Ἀναξαγόρας,
1078 1789 1212 1863 μετά
1260 1789 1319 1846 τὸ
1359 1797 1628 1863 συστῆναι
1668 1787 1764 1846 τὸν

89 1899 130 1930 20
156 1872 362 1946 κόσμον
403 1873 591 1931 καὶτὰ
624 1878 730 1951 ζῷα
777 1879 835 1931 ἐκ
873 1878 969 1947 τῆς
1011 1879 1112 1947 γῆς
1154 1877 1442 1947 ἐξαγαγεῖν
1496 1879 1762 1946 ἐγκλιθῆ-

151 1963 250 2016 ναί
275 1980 390 2025 πως
420 1958 517 2016 τὸν
547 1959 756 2032 κόσμον
787 1963 847 2016 ἐκ
876 1964 976 2017 τοῦ
1009 1957 1322 2032 αὐτομάτου
1354 1965 1433 2024 εἰς
1463 1958 1522 2015 τὸ
1553 1976 1758 2031 μεσημ-

152 2040 349 2114 βρινὸν
381 2039 553 2100 αὐτοῦ
583 2046 774 2116 μέρος,
807 2052 940 2110 ἴσως
971 2040 1080 2100 ὑπὸ
1112 2049 1403 2116 προνοίας,
1435 2047 1530 2099 ἵνα
1559 2042 1626 2098 τά
1658 2043 1760 2114 μὲν

151 2124 380 2198 ἀοίκητα
410 2129 654 2199 γένηται,
687 2125 752 2184 τά
785 2128 847 2184 δὲ
870 2127 1061 2198 οἰκητὰ
1085 2128 1222 2200 μέρη
1248 2130 1345 2184 τοῦ
1371 2124 1599 2199 κόσμου,
1626 2124 1763 2182 κατὰ

154 2208 319 2277 ψύξιν
350 2213 439 2267 καὶ
475 2210 790 2283 ἐκπύρωσιν
821 2214 914 2268 καὶ
947 2210 1264 2285 εὐκρασίαν.

89 2318 131 2350 25
282 2300 329 2352 2.
357 2293 724 2367 Ἐμπεδοκλῆς
743 2340 757 2366 ,
788 2299 887 2352 τοῦ
918 2293 1076 2367 ἀέρος
1110 2298 1353 2363 εἴξαντος
1382 2301 1448 2370 τῇ
1478 2301 1575 2352 τοῦ
1599 2295 1760 2367 ἡλίου

152 2374 326 2452 ὁρμῇ,
371 2382 724 2451 ἐπικλιθῆναι
755 2379 850 2446 τὰς
880 2377 1116 2453 ἄρκτους
1161 2381 1252 2436 καὶ
1283 2382 1348 2436 τὰ
1381 2379 1573 2453 βόρεια
1603 2378 1761 2446 ὑψω-

154 2467 347 2534 θῆναι,
377 2461 443 2519 τά
475 2464 536 2520 δὲ
566 2462 722 2520 νότια
752 2467 1189 2536 ταπεινωθῆναι,
1222 2463 1365 2521 καθὸ
1397 2466 1489 2521 καὶ
1512 2462 1608 2520 τὸν
1631 2462 1762 2520 ὅλον

155 2544 419 2620 κόσμον.”

153 2671 274 2720 XL.
320 2655 503 2733 “Περὶ
532 2662 629 2716 τοῦ
663 2657 811 2726 ἐκτὸς
842 2663 942 2716 τοῦ
971 2658 1209 2733 κόσμου,
1243 2666 1294 2718 εἰ
1323 2666 1436 2717 ἔστι
1466 2658 1645 2716 κενόν
1786 2691 1808 2721 (ῑ

92 2780 132 2812 30
287 2761 360 2815 Οι
385 2781 487 2830 μεν
517 2753 623 2814 ἀπὸ
653 2757 1027 2830 Πυθαγόρου,
1071 2757 1221 2824 ἐκτὸς
1255 2758 1395 2815 εἶναι
1424 2760 1524 2814 τοῦ
1552 2755 1759 2829 κόσμου

156 2840 347 2913 κενὸν,
381 2839 504 2908 εἰς
488 2866 517 2898 ο
548 2838 788 2899 ἀναπνεῖ
814 2841 842 2898 ὁ
875 2841 1105 2915 κόσμος,
1139 2844 1229 2899 καὶ
1263 2845 1318 2910 ἐξ
1348 2833 1430 2899 οὗ.

1403 2934 1509 2986 26*
