2014 3146
631 130 844 171 PRAEP.
867 129 1088 172 EVANG.
1113 131 1193 172 XI.
1228 132 1295 173 18.
1718 128 1786 180 41

179 247 483 319 παραμένει
522 246 626 318 μὲν
663 249 740 322 τῷ
774 244 1066 318 δεδωκότι,
1109 244 1332 303 σύνεστι
1364 246 1425 303 δὲ
1454 248 1534 323 τῷ
1562 244 1790 318 λαβόντι

179 326 214 403 ἡ
256 327 414 402 αὐτή.
516 334 596 387 18.
647 328 846 387 τούτου
890 331 950 387 δὲ
990 330 1049 388 τὸ
1090 339 1294 403 αἴτιον,
1343 323 1385 387 ὦ
1426 333 1574 404 ξένε,
1621 327 1789 388 οὐδέν
1808 347 1898 389 (539)

183 418 333 472 ἐστιν
380 412 768 488 ἀνθρώπινον·
844 411 968 471 ἀλλ’
1009 413 1093 472 ὅτι
1142 418 1249 484 ἕξις
1298 438 1358 472 τε
1407 417 1500 472 καὶ
1549 413 1714 472 οὐσία
1754 411 1788 488 ἡ

181 505 381 573 ἔχουσα
421 498 525 571 τὴν
560 497 866 572 ἐπιστήμην
907 498 940 572 ἡ
981 498 1122 571 αὐτή
1164 503 1279 557 ἐστι
1320 499 1470 574 παρά
1498 523 1557 557 τε
1586 503 1662 576 τῷ
1696 504 1791 556 δε-

137 606 157 638 5
184 583 383 640 δωκότι
432 588 550 660 θεῷ
601 586 694 640 καὶ
743 583 893 657 παρὰ
942 588 1019 659 τῷ
1067 582 1314 657 εἰληφότι
1368 586 1487 658 ἐμοὶ
1539 586 1631 641 καὶ
1684 590 1787 642 σοί.

183 673 263 725 19.
311 667 395 725 διὸ
437 671 529 725 καὶ
568 669 596 724 6
629 666 869 726 Πλάτων
907 666 1009 741 τὴν
1050 675 1257 741 σοφίαν
1294 667 1403 725 ὑπὸ
1444 670 1791 743 Προμηθέως

182 755 374 810 ἐλθεῖν
425 758 503 820 εἰς
551 750 889 826 ἀνθρώπους
937 750 1071 825 μετα
1122 751 1438 824 φανοτάτου
1478 751 1627 819 τινὸς
1682 776 1790 810 πυ-

180 835 275 913 ρὸς
317 833 482 909 ἔφη.”

307 923 418 977 Καὶ
448 919 617 977 πάλιν
644 915 861 992 ὑποβὰς
893 923 1014 993 ἑξῆς
1045 940 1219 1028 φησιν

116 1029 158 1060 10
306 1003 440 1062 20.‘
445 1000 595 1062 Εἰσὶ
629 1003 680 1061 δ’
717 1006 869 1062 οῦτοι
899 1005 1065 1077 βίοι“
1042 1030 1070 1062 ο
1101 1030 1203 1079 μεν
1233 1003 1474 1079 πρώτου,
1506 1003 1534 1061 6
1566 1006 1627 1062 δε
1661 1010 1793 1062 δευ-

176 1090 341 1163 τέρου
370 1094 527 1147 θεοῦ.
580 1094 612 1146 δ
619 1088 881 1162 ηλονοτι
859 1114 887 1146 ο
911 1091 1014 1163 μὲν
1036 1094 1249 1164 πρῶτος
1272 1089 1404 1156 θεὸς
1429 1095 1577 1146 ἔσται
1603 1088 1791 1162 ἑστως,

177 1169 205 1230 6
251 1175 312 1231 δε
356 1173 612 1249 δεύτερος
653 1180 890 1247 ε’μπαλίν
931 1178 1045 1231 ἐστι
1086 1173 1426 1247 κινούμενος.
1475 1173 1503 1231 6
1546 1175 1650 1248 μὲν
1690 1175 1792 1232 οῦν
1818 1190 1840 1223 b

179 1279 395 1331 πρωτος
434 1261 561 1330 περὶ
592 1282 659 1315 τα
691 1282 885 1331 νοητα,
927 1257 954 1315 6
990 1260 1051 1315 δε
1083 1257 1340 1332 δεύτερος
1370 1261 1498 1332 περὶ
1527 1283 1594 1315 τα
1622 1282 1794 1332 νοητα

179 1343 273 1398 καὶ
314 1343 568 1415 αἰσθητά.
659 1347 743 1400 21.
789 1341 863 1416 μὴ
903 1342 1201 1416 θαυμάσῃς
1244 1341 1298 1400 δ’
1344 1350 1394 1400 εἰ
1431 1341 1580 1400 τοῦτ’
1619 1350 1790 1415 ἔφην’

117 1448 158 1481 15
180 1425 323 1484 πολὺ
357 1425 461 1499 γὰρ
506 1433 584 1483 ἔτι
613 1426 1070 1500 θαυμαστότερον
1100 1426 1327 1502 ἀκούσῃ.
1389 1424 1513 1485 ἀντὶ
1553 1426 1657 1501 γὰρ
1697 1431 1793 1500 τῆς

181 1509 496 1584 προσούσης
534 1514 610 1587 τῷ
652 1514 904 1588 δευτέρω
933 1531 1201 1584 κινησεως
1231 1510 1333 1584 τὴν
1362 1515 1687 1586 προσοῦσαν
1715 1535 1792 1568 τω

180 1593 381 1672 πρώτω
430 1593 625 1652 στάσιν
667 1598 811 1669 φημὶ
854 1597 997 1653 εἶναι
1041 1603 1264 1669 κίνησιν
1313 1594 1635 1670 σύμφυτον,
1689 1592 1789 1668 ἀφ’

180 1671 245 1752 ἧς
275 1678 311 1752 ἥ
351 1702 409 1736 τε
449 1678 598 1747 τάξις
635 1684 732 1737 τοῦ
773 1678 984 1754 κόσμου
1024 1684 1116 1737 καὶ
1151 1706 1185 1754 η
1227 1679 1368 1754 μονὴ
1408 1678 1585 1748 ἀΐδιος
1625 1681 1717 1736 καὶ
1758 1678 1792 1752 ἡ

181 1772 427 1837 σωτηρία
457 1762 739 1838 αναχεῖται
772 1771 849 1832 εἰς
879 1790 945 1822 τα
974 1762 1134 1823 ὅλα.”

117 1871 159 1903 20
308 1853 393 1905 22.
420 1847 540 1906 Ἐπὶ
562 1848 776 1917 τούτοις
799 1852 892 1906 καὶ
916 1853 976 1907 έν
999 1856 1074 1927 τῷ
1100 1853 1238 1926 ἕκτῳ
1262 1855 1597 1923 προστίθησι
1621 1850 1793 1906 ταῦτα

302 1930 568 2005 ωΕπειδη
609 1932 735 2008 ἤδει
780 1933 808 1991 6
849 1932 1090 1991 Πλάτων
1130 1956 1278 2007 παρα
1315 1948 1430 2000 τοῖς
1471 1931 1794 2008 ἀνθρώποις

180 2014 278 2074 τὸν
307 2041 410 2090 μεν
442 2017 782 2119 δημιουργὸν
810 2018 1228 2120 γινωσκόμενον
1256 2017 1449 2091 μόνον,
1481 2017 1579 2075 τὸν
1606 2019 1794 2119 μέντοι

181 2105 404 2175 πρῶτον
442 2107 609 2174 νοῦν,
651 2101 802 2170 ὅστις
843 2111 1090 2161 καλεῖται
1130 2099 1264 2160 αὐτὸ
1304 2099 1397 2174 ὃν,
1439 2100 1792 2159 παντάπασιν
1814 2134 1832 2156 e

182 2182 562 2258 ἀγνοούμενον
603 2185 736 2261 παρ’
781 2186 1000 2259 αὐτοῖς,
1055 2185 1147 2244 δια
1187 2190 1347 2243 τοῦτο
1392 2184 1567 2251 οῦτως
1616 2186 1792 2256 εἶπεν,

120 2291 162 2325 25
185 2267 371 2343 ὥσπερ
410 2268 481 2327 ἄν
509 2293 590 2337 τις
620 2269 762 2328 οῦτω
795 2273 972 2342 λέγοι,
1028 2275 1112 2326 23.
1147 2263 1213 2327 Ὦ
1243 2267 1564 2343 ἅνθρωποι,
1605 2267 1672 2327 ὃν
1700 2293 1794 2326 το-

183 2351 376 2421 πάζετε
403 2349 562 2426 ὑμεῖς
591 2358 730 2411 νοῦν
760 2353 864 2410 οὐκ
894 2360 1008 2411 ἔστι
1037 2358 1252 2428 πρῶτος
1263 2399 1278 2426 ,
1310 2351 1448 2411 άλλόι
1479 2357 1661 2429 ἕτερος
1687 2352 1792 2427 πρὸ

183 2434 382 2493 τούτου
412 2440 545 2503 νοῦς
575 2437 946 2511 πρεσβύτερος
977 2440 1069 2495 καὶ
1102 2437 1439 2512 θειότερος.”

312 2524 395 2577 24.
430 2522 542 2578 Καὶ
572 2520 700 2594 μεθ’
738 2526 896 2596 ἕτερα
928 2525 1166 2595 ἐπιλέγει

301 2603 703 2680 “Κυβερνη’της
742 2608 844 2679 μέν
883 2629 992 2664 που
1034 2610 1092 2665 έν
1131 2609 1280 2684 μέσῳ
1320 2604 1545 2679 πελάγει
1586 2603 1794 2680 φορού-

120 2710 162 2743 30
184 2713 347 2763 μενος
387 2688 528 2764 ὑπὲρ
568 2697 859 2763 πηδαλίων
895 2689 1161 2764 ὑψίζυγος
1198 2706 1313 2758 τοῖς
1353 2693 1494 2759 οἴαξι
1546 2688 1792 2748 διιθύνει

301 2885 326 2923 6
358 2877 580 2938 Πλάτων]
612 2884 805 2924 Philebo
836 2897 881 2936 p.
906 2885 1005 2925 160.
