2014 3146
605 125 818 172 PRAEP.
845 97 1070 166 'EVANQ
1103 124 1224 166 X1v.
1258 125 1324 164 14.
1364 108 1390 129 ⁸
1664 119 1769 173 289

154 243 306 316 με’νη.
379 237 682 315 ἁμαρτάνει
726 241 788 297 δὲ
828 243 920 297 καὶ
951 232 1110 307 οὗτος
1152 238 1224 313 μὴ
1257 240 1435 312 λέγων
1472 244 1528 296 τί
1567 242 1679 296 ἐστι
1709 237 1770 295 τὸ
1800 271 1818 293 e

154 324 414 399 ἄπειρον,
457 323 691 398 πότερον
721 322 828 425 ἀήρ
861 329 1040 397 ἐστιν,
1081 322 1115 397 ἢ
1144 322 1328 398 ὕδωρ,
1360 319 1395 425 η’
1425 326 1525 396 γῆ,
1565 320 1598 397 ἢ
1629 320 1768 380 ἀλλα

153 409 276 469 τινά
307 409 555 484 σώματα
604 406 905 484 ἁμαρτάνει
944 410 1049 467 οῦν
1087 407 1191 482 τὴν
1221 410 1323 482 μὲν
1351 406 1494 480 ὕλην
1524 406 1770 510 ἀποφαι-

153 493 413 569 νόμενος,
446 494 505 552 τὸ
540 495 600 551 δε
632 497 830 552 ποιοῦν
860 505 1037 553 αἴτιον
1067 491 1328 567 ἀναιρῶν.
1384 491 1444 550 τὸ
1475 491 1581 565 γὰρ
1613 490 1768 550 ἀπει-

110 601 130 633 5
153 604 255 654 ρον
294 578 464 637 οὐδὲν
505 577 638 636 ἀλλο
678 574 713 650 ἢ
751 576 858 651 ῦλη
899 583 1072 636 ἐστίν·
1132 575 1199 636 οῦ
1240 576 1474 635 δύναται
1507 577 1568 634 δὲ
1597 573 1631 650 ἡ
1662 575 1768 650 ῦλη

156 664 299 722 εἶναι
331 667 610 739 ἐνεργείᾳ,
645 662 741 720 ε’ἀν
771 662 845 736 μὴ
875 663 935 720 τὸ
968 669 1168 720 ποιοῦν
1198 658 1536 735 ῦπόθηταιῗ

281 754 328 806 3.
356 744 756 821 ο(Ἀναξιμένης
788 749 849 804 δὲ·
879 745 906 804 ὁ
933 745 1211 819 Μιλήσιος
1241 744 1418 847 ἀρχην
1447 752 1560 803 τῶν
1590 743 1769 804 ὄντων

153 831 249 890 τὸν
280 835 417 906 ἀέρα
447 830 797 905 ἀπεφήνατο
848 834 906 888 ἐκ
938 828 1046 904 γὰρ
1079 829 1279 889 τούτου
1304 828 1484 887 πάντα
1507 835 1768 902 γίνεσθαι

153 920 246 974 καὶ
277 923 355 984 εἰς
380 915 553 973 αὐτὸν
575 914 743 973 πάλιν
766 912 1128 973 ἀναλύεσθαι.
1172 911 1292 973 οἷον
1315 910 1348 986 ἡ
1372 913 1541 987 ψυχὴ,
1573 916 1768 987 φησὶν,

89 997 186 1074 1οὴ
218 997 453 1076 ἡμετέρα
484 998 590 1075 ἀήρ
631 1003 767 1057 ε’στι·
816 1012 1119 1073 συγκρατεῖ
1154 998 1259 1073 γὰρ
1299 997 1440 1073 ἡμᾶς
1459 1015 1469 1024 ·
1517 1001 1608 1055 καὶ
1638 997 1769 1056 ὅλον
1793 1017 1814 1048 d

154 1086 216 1142 δε
244 1085 342 1144 τὸν
373 1084 580 1160 κόσμον
619 1089 838 1159 πνεῦμα
882 1087 974 1142 καὶ
1020 1083 1125 1158 ἀὴρ
1174 1086 1504 1158 ἐμπεριέχει·
1554 1085 1769 1156 λέγεται

153 1171 214 1227 δε
245 1169 589 1243 συνωνύμως
629 1166 734 1243 ἀὴρ
778 1171 871 1226 καὶ
915 1173 1149 1243 πνεῦμα.
1222 1166 1528 1244 ἁμαρτάνει
1575 1169 1635 1225 δε
1675 1169 1767 1225 καὶ

150 1247 310 1322 οὗτος
354 1258 405 1323 ἐξ
445 1253 624 1312 ἁπλοῦ
665 1256 758 1311 καὶ
788 1258 1115 1327 μονοειδοῦς
1146 1250 1307 1327 ἀέρος
1339 1254 1432 1311 καὶ
1456 1251 1768 1327 πνεύματος
1837 1296 1842 1300 -

154 1343 336 1398 δοκῶν
367 1337 702 1397 συνεστάναι
724 1338 790 1396 τὰ
814 1343 939 1415 ζῷα.
986 1337 1270 1396 ἀδύνατον
1292 1337 1399 1411 γὰρ
1424 1335 1602 1412 ἀρχὴν
1630 1346 1765 1410 μίαν
1787 1353 1885 1397 [437]

90 1447 132 1480 15
153 1423 256 1497 τὴν
284 1423 428 1498 ῦλην
457 1427 569 1481 τῶν
598 1421 836 1482 ὄντων’
806 1427 1140 1496 υποστῆναι
1187 1419 1328 1479 ἀλλὰ
1358 1424 1450 1479 καὶ
1479 1420 1539 1479 τὸ
1570 1424 1769 1480 ποιοῦν

153 1518 332 1567 αἴτιον
370 1508 473 1583 χρὴ
516 1511 750 1566 τιθέναι.
828 1504 979 1581 οἷον,
1025 1504 1127 1565 οῦκ
1157 1505 1398 1582 ἀργυρος
1442 1504 1606 1579 ἀρκεῖ
1631 1506 1768 1581 πρὸς

151 1593 212 1650 τὸ
245 1599 469 1666 ἔκπωμα
492 1595 778 1665 γενέσθαι,
812 1590 910 1651 ἐαν
932 1591 1005 1666 μὴ
1029 1590 1089 1650 τὸ
1120 1595 1320 1668 ποιοῦν
1349 1593 1404 1666 ῂ,
1435 1589 1586 1649 τοῦτ’
1618 1596 1768 1648 ἐστιν

152 1673 181 1734 6
212 1675 622 1787 ἀργυροκόπος·
670 1677 871 1750 ὁμοίως
902 1679 995 1735 καὶ
1037 1678 1126 1734 ἐπὶ
1165 1682 1264 1734 τοῦ
1303 1679 1510 1750 χαλκοῦ
1550 1678 1643 1732 καὶ
1672 1673 1768 1744 ξῦ-

153 1769 268 1820 λων
298 1765 391 1819 καὶ
420 1765 516 1835 τῆς
546 1760 713 1834 ἄλλης
742 1761 933 1835 ῦλης.”

89 1869 131 1902 20
278 1851 327 1903 4.
368 1842 760 1920 “Ἡράκλειτος
814 1848 906 1904 καὶ
937 1845 1203 1912 Ίππασος
1256 1840 1285 1902 6
1342 1853 1767 1912 Μεταποντῖνος

151 1928 328 2004 ἀρχὴν
372 1935 485 1988 τῶν
531 1930 757 1989 πάντων
787 1929 846 1988 τὸ
892 1934 1020 2005 πῦρ.
1099 1933 1158 1987 ἐκ
1201 1933 1301 1987 τοῦ
1345 1929 1519 2003 πυρὸς
1565 1927 1670 2003 γὰρ
1700 1927 1767 1986 τά

151 2013 334 2072 πάντα
366 2022 625 2088 γίνεσθαι
655 2018 746 2072 καὶ
772 2022 850 2084 εἰς
883 2019 995 2090 πῦρ
1019 2013 1200 2072 πάντα
1223 2017 1489 2071 τελευτᾶν
1511 2017 1764 2086 λέγουσι·
1792 2037 1879 2077 (749)

151 2097 349 2156 τούτου
373 2101 433 2157 δὲ
453 2102 978 2174 κατασβεννυμένου
1000 2109 1462 2173 κοσμοποιεῖσθαι
1484 2096 1551 2155 τοὶ
1569 2097 1764 2155 πάντα.

151 2186 371 2256 πρῶτον
409 2185 510 2256 μὲν
548 2184 653 2257 γὰρ
693 2183 752 2240 τὸ
783 2185 1269 2258 παχυμερέστατον
1299 2179 1475 2239 αὐτοῦ
1508 2188 1586 2248 εἰς
1633 2178 1766 2239 αῦτό

88 2289 129 2322 25
152 2267 591 2341 συστελλόμενον
639 2274 709 2340 γῆ
757 2275 1030 2341 γίγνεται·
1100 2273 1286 2324 ἔπειτα
1327 2263 1764 2340 ἀναχαλωμένην

148 2350 251 2423 τὴν
296 2356 401 2424 γῆν
430 2351 539 2409 ὑπὸ
586 2355 687 2409 τοῦ
730 2350 905 2426 πυρὸς
949 2350 1118 2425 φύσει
1162 2348 1319 2426 ὕδωρ
1350 2347 1764 2423 ἀποτελεῖσθαι,

152 2433 623 2510 ἀναθυμιώμενον
657 2436 717 2492 δὲ
746 2433 882 2510 ἀέρα
911 2442 1186 2509 γίνεσθαι.
1258 2434 1427 2494 πάλιν
1460 2436 1522 2492 δὲ
1552 2435 1648 2494 τὸν
1678 2435 1766 2493 κό-

154 2537 293 2592 σμον
336 2523 428 2576 καὶ
469 2519 649 2578 πάντα
696 2519 762 2576 τὰ
797 2519 1021 2593 σώματα
1059 2521 1168 2578 ὑπὸ
1211 2520 1385 2596 πυρὸς
1418 2517 1767 2578 ἀναλοῦσθαι

156 2603 478 2675 ἐκπυρώσει.
535 2601 674 2678 ἀρχὴ
705 2596 807 2662 οῦν
836 2604 896 2662 τὸ
927 2609 1037 2679 πῦρ
1055 2650 1070 2679 ,
1102 2604 1185 2663 ὅτι
1217 2608 1276 2662 ἐκ
1304 2603 1502 2663 τούτου
1531 2604 1598 2662 τὰ
1627 2603 1766 2662 πάν-

90 2709 132 2741 30
155 2711 248 2760 τα,
273 2691 427 2755 τέλος
461 2689 521 2746 δὲ
551 2687 748 2746 καθότι
783 2695 860 2755 εἰς
893 2694 1055 2747 τοῦτο
1097 2687 1396 2748 ἀναλύεται
1439 2689 1504 2746 τὰ
1537 2687 1760 2748 πάντα.”

267 2883 322 2922 20
345 2876 651 2934 εΗροέκλειτος
674 2880 746 2935 —J
774 2881 1050 2924 Plutarchus
1073 2883 1182 2926 ibid.
1203 2897 1245 2937 p.
1268 2884 1367 2926 877.

240 2963 470 2993 EUSEBms
504 2965 557 2993 11.
1418 2951 1482 3003 19
