2014 3146
634 128 846 172 PRAEP.
874 128 1095 173 EVANG.
1127 129 1230 170 ΧΠ.
1260 131 1302 169 6.
1690 128 1757 181 89

145 244 282 319 ἄγῃ,
313 242 567 319 χασμήσῃ
599 245 691 301 καὶ
725 243 1044 317 ἰλιγγιάσεις
1074 240 1244 302 οὐδὲν
1274 235 1439 317 ἦττον
1467 240 1501 318 ἢ
1534 244 1640 318 ἐγώ
1673 249 1757 305 ἐν·

146 329 292 388 θάδε
323 331 415 387 καὶ
446 327 517 386 σύ
550 331 693 399 ἐκεῖ,
736 334 832 386 καί
858 347 921 386 σε
963 338 1094 396 ἴσως
1124 327 1391 402 τυπτήσει
1431 353 1512 397 τις
1543 332 1636 387 καὶ
1669 333 1757 388 ἐπὶ

149 414 349 489 κόρρης
378 411 584 486 ἀτίμως
616 414 708 470 καὶ
741 411 962 479 πάντως
993 410 1417 487 προπηλακιεῖ.”

272 502 356 556 21.
393 493 424 515 “
439 496 588 571 Τάχα
622 493 680 554 δ’
722 489 827 555 οὖν
866 499 1024 554 ταυτὶ
1060 496 1241 571 μῦθός
1282 517 1370 556 σοι
1410 503 1567 556 δοκεῖ
1604 501 1759 571 λέγε-

104 606 124 639 5
147 593 282 641 σθαι
314 580 499 655 ὥσπερ
531 579 642 639 ὑπὸ
672 581 867 656 γραὸς,
900 583 993 639 καὶ
1023 596 1389 656 καταφρονεῖς
1420 579 1619 641 αὐτῶν.
1665 585 1758 641 καὶ

146 667 314 726 οὐδέν
353 663 405 740 γ’
447 661 518 724 ἂν
557 657 627 739 ἦν
657 665 984 739 θαυμαστὸν
1025 681 1398 739 καταφρονεῖν
1437 666 1676 740 τούτων,
1711 677 1766 726 εἴ

135 771 222 824 ’πη
255 753 542 824 ζητοῦντες
583 759 804 823 εἴχομεν
835 748 1020 807 αὐτῶν
1059 756 1259 822 βελτίω
1291 752 1383 806 καὶ
1412 749 1759 825 ἀληθέστερα

147 832 350 907 εὑρεῖν.
412 839 496 891 22.
530 837 638 891 νῦν
670 835 731 890 δὲ
760 830 892 908 ὁρᾷς
921 831 1004 891 ὅτι
1034 847 1181 908 τρεῖς
1210 831 1366 900 ὄντες
1388 830 1567 907 ὑμεῖς,
1599 840 1758 909 οἵπερ

146 918 463 993 σοφώτατοί
490 921 608 975 ἐστε
637 922 750 975 τῶν
779 921 887 976 νῦν
911 916 1217 992 Ἑλλήνων,
1251 916 1321 975 σύ
1351 942 1410 976 τε
1440 921 1532 975 καὶ
1562 921 1760 986 Πῶλος
1784 950 1802 973 e

83 1029 124 1060 10
147 1006 236 1061 καὶ
270 1008 537 1076 Γοργίας,
569 999 674 1060 οὐκ
704 1009 851 1076 ἔχετε
875 999 1162 1070 ἀποδεῖξαι
1202 1001 1276 1069 ὡς
1313 1007 1400 1060 δεῖ
1436 1000 1606 1060 ἄλλον
1635 1002 1760 1062 τινὰ
1776 1023 1867 1068 [3411

146 1095 273 1161 βίον
316 1091 410 1161 ζῆν
450 1083 484 1160 ἢ
527 1089 723 1145 τοῦτον
763 1084 936 1160 ὅσπερ
975 1089 1068 1144 καὶ
1110 1090 1290 1144 ἐκεῖσε
1327 1093 1584 1159 φαίνεται
1623 1106 1760 1162 συμ-

145 1175 363 1246 φέρων,
412 1169 531 1228 ἀλλ’
581 1174 640 1228 ἐν
678 1170 958 1238 τοσούτοις
989 1170 1199 1245 λόγοις,
1241 1174 1354 1230 τῶν
1383 1170 1570 1230 ἄλλων
1612 1176 1759 1246 ἐλεγ-

147 1259 427 1330 χομένων,
467 1253 632 1329 μόνος
671 1248 831 1323 οὗτος
870 1254 1064 1329 ἠρεμεῖ
1099 1252 1127 1313 ὃ
1160 1254 1348 1327 λόγος,
1402 1255 1476 1323 ὥς
1519 1255 1761 1330 εὐλαβη-

146 1342 272 1398 τέον
318 1343 432 1398 ἐστὶ
475 1337 535 1397 τὸ
580 1337 798 1397 ἀδικεῖν
841 1344 1052 1413 μᾶλλον
1095 1336 1130 1413 ἢ
1178 1333 1238 1397 v&
1273 1339 1621 1412 ἀδικεῖσθαι,
1668 1344 1760 1398 καὶ

85 1447 126 1480 15
148 1424 353 1491 παντὸς
383 1427 594 1496 μᾶλλον
625 1422 790 1493 ἀνδρὶ
830 1426 1156 1496 μελετητέον
1196 1423 1262 1482 οὗ
1303 1422 1363 1482 τό
1400 1430 1586 1482 δοκεῖν
1618 1426 1760 1483 εἶναι

146 1507 392 1582 ἀγαθὸν,
445 1506 583 1565 ἀλλὰ
632 1506 691 1565 τὸ
733 1507 952 1581 ἀγαθὸν
994 1509 1164 1580 εἶναι,
1214 1511 1307 1566 καὶ
1349 1514 1466 1585 ἰδία
1517 1511 1610 1566 καὶ
1661 1515 1761 1582 δη-

146 1591 366 1669 μοσίᾳ.”

273 1682 358 1735 23.
398 1675 457 1734 ‘O
487 1677 590 1750 μὲν
617 1676 686 1749 δὴ
718 1675 958 1735 Πλάτων
987 1675 1084 1735 τὸν
1109 1675 1322 1735 Αἰακὸν
1346 1680 1438 1734 καὶ
1462 1670 1560 1734 τὸν
1589 1684 1759 1735 Μίνω

148 1764 240 1819 καὶ
280 1762 377 1820 τὸν
413 1759 808 1834 Ῥαδάμανθυν
857 1759 1099 1819 ὑπέθετο
1141 1765 1253 1819 τῶν
1292 1760 1760 1835 τετελευτηκότων
1784 1783 1807 1814 α

83 1868 124 1900 20
150 1844 409 1913 δικαστάς
441 1852 697 1918 ἔσεσθαι,
739 1843 767 1902 ὃ
801 1847 861 1903 δὲ
884 1856 1040 1913 θεῖος
1068 1844 1226 1917 λόγος
1256 1845 1589 1919 μαρτύρεται
1619 1845 1761 1903 πάν-

146 1955 243 1997 τας
284 1936 406 1988 δεῖν
443 1929 899 2004 παραστήσεσθαι
950 1934 1025 2006 τςό
1067 1929 1268 2003 βήματι
1311 1935 1410 1988 τοῦ
1453 1933 1621 2002 θεοῦ,
1667 1935 1761 1988 ἵνα

150 2020 438 2088 κομίσηται
471 2017 695 2080 ἕκαστος
724 2012 790 2071 τὰ
822 2014 914 2071 διὰ
942 2017 1040 2072 τοῦ
1071 2013 1318 2088 σώματος
1359 2013 1494 2088 πρὸς
1525 2013 1560 2071 ἂ
1592 2021 1762 2087 ἔπρα-

148 2103 267 2171 ξεν,
315 2107 423 2156 εἴτε
462 2096 681 2171 ἀγαθὸν
733 2107 842 2156 εἴτε
881 2105 1115 2170 φαῦλον.
1190 2103 1272 2156 24.
1318 2101 1408 2155 καὶ
1460 2098 1628 2158 πάλιν
1660 2097 1761 2155 “ε’ν

151 2182 324 2259 ἡμέρᾳ
365 2176 590 2259 (φησὶν)
632 2180 767 2239 ὅταν
819 2189 982 2255 κρίνῃ
1022 2182 1051 2239 ὃ
1102 2181 1231 2248 θεὸς
1283 2181 1349 2238 τά
1394 2181 1610 2255 κρυπτὰ
1650 2184 1761 2238 τῶν

85 2289 126 2319 25
151 2266 490 2339 ἀνθρώπων,
522 2265 580 2333 ὃς
603 2264 881 2323 ἀποδώσει
907 2265 1118 2342 ἑκάστῳ
1146 2265 1282 2322 κατὰ
1299 2263 1364 2323 τά
1397 2272 1529 2338 ἔργα
1560 2262 1757 2323 αὐτοῦ’

151 2364 263 2416 τοῖς
293 2351 395 2423 μὲν
426 2349 554 2407 καθ’
591 2348 880 2422 ὑπομονὴν
907 2355 1073 2423 ἔργου
1096 2348 1268 2406 αὐτοῦ
1292 2348 1457 2418 δόξαν
1481 2353 1574 2408 καὶ
1595 2349 1760 2423 τιμὴν

152 2436 242 2491 καὶ
295 2433 622 2507 ἀφθαρσίαν
674 2436 890 2505 ζητοῦσι
942 2433 1085 2506 ζωὴν
1134 2432 1390 2506 αἰώνιον,
1441 2449 1556 2502 τοῖς
1608 2431 1660 2491 δ’
1706 2439 1759 2502 ἐξ

153 2521 397 2591 ἐριθείας
438 2521 528 2574 καὶ
560 2519 852 2575 ἀπιστοῦσι
892 2521 958 2592 τῇ
999 2517 1264 2593 ἀληθείᾳ,
1302 2522 1653 2592 πειθομένοις
1700 2520 1761 2576 δὲ

152 2606 217 2676 τῇ
257 2599 476 2677 άδικία,
530 2601 710 2675 θυμὸς
757 2604 846 2658 καὶ
889 2598 1027 2676 ὀργὴ
1066 2610 1260 2671 θλῖψις
1302 2606 1393 2660 καὶ
1423 2610 1760 2676 στενοχωρία

88 2708 128 2740 30
156 2688 242 2743 ε’πὶ
281 2691 465 2744 πᾶσαν
506 2684 691 2760 ψυχὴν
730 2682 1036 2760 ἀνθρώπου
1076 2690 1176 2743 τοῦ
1206 2689 1671 2760 κατεργαζομένου
1701 2685 1761 2743 τὸ

155 2768 352 2842 κακὸν,
387 2769 661 2828 Ἰουδαίου
702 2793 760 2827 τε
801 2774 1020 2845 πρῶτον
1072 2774 1164 2827 καὶ
1190 2768 1476 2844 Ἕλληνος·
1538 2767 1604 2828 οὐ
1655 2769 1759 2843 γάρ

155 2856 266 2910 ἐστι
300 2851 615 2926 διαστολή.”
