2014 3146
561 133 774 176 PRAEP.
807 132 1028 175 EVANG.
1060 133 1188 174 XIII.
1222 134 1287 173 10.
1324 134 1389 173 ll.
1678 130 1779 182 189

170 251 286 308 τῶν
314 255 439 326 βίῳ,
471 241 578 322 ἆρα
608 247 796 321 φαύλη
827 245 897 306 ἂν
928 257 1012 321 εἴη
1043 246 1076 320 ἡ
1107 246 1418 321 ἀποδημίας
1495 251 1576 304 12.
1623 243 1656 320 ἢ
1709 239 1782 304 αῦ

165 333 359 408 Ὀρφεῖ
395 335 767 406 ξυγγενέσθαι
806 335 898 391 καὶ
941 338 1218 409 Μουσαίῳ
1268 334 1359 389 καὶ
1397 331 1634 408 “Ησιόδῳ
1690 334 1782 388 καὶ

165 417 385 495 Ὁμήρῳ
425 420 512 475 ἐπὶ
553 415 706 495 πόσῳ
745 415 816 475 ἄν
855 443 935 485 τις
975 415 1175 485 δέξαιτ’
1211 414 1282 474 ἂν
1311 413 1494 491 ῦμῶν;
1542 415 1648 489 ἐγῶ
1679 417 1782 490 μὲν

174 502 279 576 γὰρ
320 501 581 568 πολλάκις
635 504 810 560 ἐθέλω
863 501 1158 574 τεθνάναι,
1214 511 1367 577 εἴπερ
1419 500 1592 559 ταῦτά
1634 504 1783 558 ἐστιν

130 611 153 643 5
176 585 380 660 ἀληθῆ,
415 589 532 645 ἐπεὶ
565 593 748 661 ἔμοιγε
772 589 865 644 καὶ
889 586 1039 664 αὐτῷ
1062 585 1359 659 θαυμαστὴ
1390 583 1459 643 ἂν
1485 596 1569 658 εἴη
1599 582 1633 657 ἡ
1667 590 1782 642 δια-

174 671 335 746 τριβὴ
367 668 586 744 αὐτόθι,
618 667 782 729 ὁπότε
814 671 1090 744 ἐντύχοιμι
1114 669 1442 743 Παλαμήδει
1465 672 1557 727 καὶ
1582 680 1782 727 Αἴαντι

173 761 250 834 τῷ
301 759 625 829 Τελαμῶνος
675 757 767 812 καὶ
809 765 987 821 εἴτις
1027 753 1189 821 άλλος
1234 758 1346 813 τῶν
1397 757 1650 811 παλαιῶν
1691 752 1783 811 δια
1817 775 1833 796 0

176 847 362 916 κρίσιν
392 838 587 898 ἄδικον
617 842 915 945 τέθνηκεν
962 836 1502 942 άντιπαραβάλλοντι
1530 863 1595 896 τα
1622 841 1783 911 ἐμαυ-

175 930 274 983 τοῦ
304 923 460 998 πάθη
491 923 626 996 πρὸς
657 947 722 980 τα
755 926 1004 997 ἐκείνων,
1038 922 1111 990 ῶς
1144 925 1368 1000 ἐγῷμαι,
1393 921 1495 981 οὐκ
1518 947 1587 980 αν
1617 920 1784 995 ἄηδες

114 1035 154 1066 10
179 1011 448 1083 εἴηκαὶ
491 1007 559 1081 δὴ
604 1011 697 1065 καὶ
726 1007 787 1064 τὸ
817 1010 1106 1081 μέγιστον,
1146 1008 1275 1074 τοὺς
1317 1012 1434 1065 ἐκεῖ
1473 1006 1786 1077 ἐξετάζοντα

175 1097 268 1151 καὶ
300 1096 611 1167 ἐρευνῶντα
642 1092 826 1167 ῶσπερ
857 1092 986 1159 τοὺς
1019 1096 1264 1150 ἐνταῦθα
1305 1091 1539 1165 διάγειν,
1570 1098 1651 1159 τίς
1683 1090 1787 1148 αὗ-

176 1182 289 1236 τῶν
319 1176 489 1251 σοφός
522 1181 635 1235 ἐστι
666 1179 774 1281 κΗαὶ
794 1183 876 1244 τίς
906 1187 1082 1242 οἴεται,
1108 1178 1228 1250 μὲν,
1262 1183 1376 1235 ἔστι
1408 1180 1458 1234 δ’
1495 1172 1619 1234 οῧ.”

307 1267 388 1320 13.
435 1264 546 1320 Καὶ
578 1260 708 1335 παρ’
744 1257 878 1335 ἡμῖν
908 1258 1275 1336 “πειθαρχεῖν
1315 1267 1405 1319 δεῖ
1429 1264 1549 1338 θεῷ
1575 1264 1787 1334 μᾶλλον

178 1344 212 1420 ἢ
253 1343 613 1421 ἀνθρώποις”
649 1356 875 1421 εἴρηται.
951 1348 1044 1403 καὶ
1087 1345 1199 1419 “μὴ
1230 1353 1506 1419 φοβεῖσθε
1537 1342 1645 1402 απὸ
1675 1347 1788 1402 τῶν

113 1455 155 1487 15
178 1428 620 1489 ἀποκτεινόντων
650 1430 709 1488 τὸ
741 1434 924 1504 σῶμα,
966 1429 1069 1502 τὴν
1110 1430 1172 1486 δὲ
1213 1429 1398 1503 ψυχὴν
1435 1427 1502 1486 οὐ
1547 1431 1790 1502 δυναμέ-

178 1540 296 1574 νων
326 1514 660 1574 ἀποκτεῖναι.
720 1518 927 1573 εἰδέναι
957 1539 1035 1588 τε,
1066 1513 1149 1572 ότι
1181 1512 1278 1572 ἐαν
1306 1511 1340 1587 ἡ
1373 1512 1659 1586 ἐπίγειος“
1632 1517 1790 1586 ημῶν

178 1607 328 1658 οἰκία
356 1607 456 1658 τοῦ
488 1599 727 1674 σκήνους
757 1602 1067 1674 καταλυθῇ,
1102 1598 1403 1672 οἰκοδομὴν
1428 1602 1486 1655 ἐκ
1508 1601 1651 1656 θεοῦ
1674 1603 1788 1671 ἔχο-

180 1710 302 1758 μεν,
333 1690 516 1742 οἰκίαν
545 1684 983 1786 ἀχειροποίητον,
1016 1682 1245 1742 αἰωνιον
1277 1687 1338 1741 ἐν
1359 1696 1473 1749 τοῖς
1502 1681 1788 1756 οὐρανοῖς

180 1766 263 1827 ότι
304 1794 363 1827 τε
404 1772 773 1878 ἐκδημοῦντες
822 1766 929 1826 άπὸ
978 1773 1076 1826 τοῦ
1110 1767 1378 1841 σώματος
1441 1771 1790 1840 ἐνδημοῦμεν
1817 1789 1838 1821 «ι

116 1879 159 1910 20
182 1858 257 1911 τῶ
298 1851 531 1931 κυρίω,”
583 1851 642 1920 ὃς
683 1855 774 1910 καὶ
823 1859 956 1911 πᾶσι
1000 1866 1114 1919 τοῖς
1168 1859 1246 1919 εἰς
1288 1849 1460 1909 αὐτὸν
1496 1848 1792 1924 ηλπικόσιν

183 1937 521 2011 ἐπήγγελται
552 1944 629 2004 εἰς
667 1937 908 2005 κόλπους
942 1935 1190 2011 Αβρααμ
1231 1939 1323 1994 καὶ
1362 1933 1541 1995 Ἰσαακ
1573 1939 1665 1992 καὶ
1687 1932 1792 1994 Ἰα-

182 2020 299 2095 κῶβ
330 2019 777 2095 ἀναπαύσεσθαι,
809 2021 944 2096 μετά
973 2045 1032 2080 τε
1061 2025 1173 2079 τῶν
1202 2019 1387 2079 ἄλλων
1417 2018 1551 2095 παρ’
1578 2017 1791 2094 Ἑβραί-

163 2130 263 2174 ,οις
301 2111 590 2179 θεοφιλῶν
627 2110 930 2181 προφητῶν
967 2108 1027 2164 τε
1067 2108 1160 2163 καὶ
1194 2111 1428 2163 δικαίων
1459 2108 1520 2162 ἐν
1549 2110 1792 2179 μακαρίᾳ

185 2196 292 2263 ζωῇ
322 2189 420 2248 τὸν
430 2188 661 2293 μακρὸν
690 2194 866 2248 αἰῶνα
892 2189 1114 2257 διάξειν.

120 2296 163 2329 25
311 2285 392 2334 XI.
430 2270 602 2332 “Tc5v
633 2274 694 2330 δε
732 2273 800 2346 δὴ
842 2271 1246 2331 ἀποθανόντων
1289 2274 1378 2329 ἐπὶ
1419 2277 1704 2347 στρατείας
1734 2295 1793 2338 ος
1814 2294 1904 2335 (⁴6)

183 2382 254 2414 αν
286 2354 652 2430 εὐδοκιμήσας
681 2356 1015 2432 τελευτήσῃ,
1057 2348 1148 2431 ἆρ’
1191 2355 1258 2415 οὐ
1299 2360 1520 2430 πρῶτον
1558 2381 1660 2430 μεν
1690 2354 1792 2430 φή·
1815 2378 1867 2418 [33
1870 2378 1903 2419 ε]

185 2459 356 2515 σομεν
394 2445 493 2499 τοῦ
532 2445 744 2515 χρυσοῦ
781 2444 980 2513 γένους
1022 2451 1193 2511 εἰ’ναι;
1268 2444 1396 2499 Πᾶν
1436 2465 1500 2514 γε
1540 2440 1790 2514 μάλιστα.

179 2523 329 2583 Ἀλλ’
362 2523 429 2582 οὐ
462 2524 771 2598 πεισόμεθα
793 2524 1058 2603 Ἡσιόδῳ,
1103 2524 1330 2583 ἐπειδάν
1367 2549 1513 2592 τινες
1553 2529 1654 2583 τοῦ
1681 2550 1795 2583 τοι-

191 2608 360 2668 ούτου
390 2612 589 2682 γένους
619 2609 1113 2683 τελευτήσωσιν,“
1077 2634 1150 2677 ως
1180 2634 1287 2684 αρα

123 2716 166 2748 30
330 2705 385 2754 οἵ
402 2703 493 2768 μὲν
519 2705 745 2768 δαίμονες
769 2699 912 2770 αγνοὶ
921 2700 1222 2785 ἐπιχθόνιοι
1245 2703 1550 2765 τελέθουσιν,

330 2772 514 2836 ἐσθλοι,
539 2769 835 2838 ἀλεξίκακοι,
862 2769 1078 2838 φύλακες
1102 2771 1331 2841 μερόπων
1355 2768 1670 2840 ἆνθρώπωνς

304 2890 358 2928 25
394 2887 500 2930 Τῶν
530 2884 583 2929 δε
615 2886 689 2940 -]
725 2888 859 2929 Plato
891 2889 1003 2941 Rep.
1034 2891 1073 2929 5.
1106 2902 1148 2942 p.
1181 2890 1278 2929 468.
