2014 3146
604 112 816 156 PRAEP.
850 112 1072 156 EVANG.
1107 113 1228 157 XIV.
1263 114 1328 155 18.
1657 109 1761 161 305

152 233 335 303 λέγειν
364 226 398 302 ἢ
428 228 531 303 μὴ,
573 231 664 286 καὶ
704 226 801 286 τὸν
849 234 1074 301 Τίμωνα
1111 238 1319 286 παθεῖν
1347 251 1398 284 τι
1429 229 1522 283 καὶ
1552 247 1760 299 συγκα-

151 318 429 372 ταθέσθαι
468 327 582 380 τοῖς
623 312 804 386 λόγοις
843 308 876 386 ἢ
917 312 991 386 μὴ
1032 314 1350 386 προσέχειν;
1419 318 1469 369 εἰ
1509 312 1612 384 μὲν
1655 310 1760 383 γὰρ

151 398 253 457 οὐκ
286 403 551 472 ἐπείσθη,
586 401 699 464 πῶς
730 397 853 455 ἀντὶ
894 400 1158 471 χορευτοῦ
1200 395 1504 470 φιλόσοφος
1547 397 1761 469 ἐγένετο

152 486 243 541 καὶ
274 482 370 541 τὸν
400 485 683 556 Πύρρωνα
716 484 988 539 διετέλεσε
1019 475 1363 554 θαυμάζων,
1398 487 1447 538 εἰ
1473 481 1532 537 δὲ
1556 499 1760 553 συγκα-

109 592 129 624 5
151 571 343 626 τέθετο
374 582 486 634 τοῖς
518 569 850 640 λεγομένοις,
882 564 1081 633 ἄτοπος
1111 563 1181 623 ἂν
1214 575 1299 638 εἰή
1330 590 1428 638 τις,
1462 563 1626 631 αὐτὸς
1659 566 1760 638 μὲν

150 658 505 726 φιλοσοφῶν,
548 650 688 724 ἡμᾶς
732 652 791 707 δὲ
832 649 1078 707 κωλύων.
1172 655 1252 707 16.
1301 649 1488 717 ἁπλῶς
1522 650 1583 706 δὲ
1612 659 1761 706 θαυ-

149 735 319 810 μάσαι
362 761 442 803 τις
482 731 554 793 ἄν
583 740 639 792 οἱ
675 741 921 808 Τίμωνος
954 741 1130 791 σίλλοι
1157 736 1248 791 καὶ
1281 739 1340 791 αἱ
1369 728 1503 791 κατὰ
1535 732 1761 793 πάντων

149 818 471 894 ἀνθρώπων
511 825 886 892 βλασφημίαι,
931 820 1023 875 καὶ
1064 822 1125 874 αἱ
1158 820 1364 892 μακραὶ
1396 817 1762 891 στοιχειώσεις

151 903 558 978 Αἰνησιδήμου,
592 906 683 960 καὶ
714 907 818 970 πᾶς
848 903 877 960 ὁ
909 906 1151 968 τοιοῦτος
1182 901 1340 976 ὄχλος
1371 906 1482 959 τῶν
1508 901 1686 974 λόγων
1711 910 1765 958 τί

87 1014 127 1046 10
153 988 355 1062 δήποτε
386 988 645 1061 βούλεται
676 985 879 1055 αὐτοῖς.
961 993 1012 1044 εί
1039 988 1140 1060 μὲν
1169 986 1274 1060 γὰρ
1314 986 1555 1060 οἰόμενοι
1587 994 1760 1058 κρείτ-

148 1098 277 1141 τους
309 1073 448 1147 ἡμᾶς
480 1072 896 1147 ἀπεργάσεσθαι
936 1075 1108 1128 ταῦτα
1148 1071 1489 1145 γεγράφασι,
1533 1073 1626 1128 καὶ
1667 1068 1758 1128 διὰ

148 1162 309 1216 τοῦτο
339 1157 548 1224 πάντας
580 1167 788 1215 οἰόνται
822 1162 943 1214 δεῖν
975 1159 1217 1230 ἐλέγχειν
1238 1155 1387 1223 ὅπως
1415 1154 1761 1228 παυσώμεθα

149 1247 553 1317 φλυαροῦντες,
585 1240 879 1314 βούλονται
913 1240 1167 1314 δηλονότι
1191 1239 1292 1314 τὴν
1317 1238 1591 1314 ἀλήθειαν
1622 1238 1762 1314 ἡμᾶς

151 1329 361 1385 εἰδέναι
410 1329 499 1384 καὶ
539 1322 847 1399 ὑπολαβεῖν
878 1324 960 1383 ὅτι
1000 1327 1225 1383 τοιαῦτα
1258 1335 1342 1398 εἰή
1372 1325 1438 1383 τὰ
1468 1323 1761 1398 πράγματα

86 1436 126 1469 15
149 1411 403 1518 καθάπερ
434 1409 581 1480 ἀξιοῖ
607 1411 868 1484 Πύρρων.
926 1406 1066 1467 ὥστε
1097 1416 1147 1468 εἰ
1166 1416 1531 1483 πεισθείημεν
1552 1406 1760 1480 αὐτοῖς,

151 1499 210 1553 ἐκ
248 1495 516 1570 χειρόνων
564 1501 815 1568 βελτίους
865 1491 935 1552 ἂν
986 1501 1316 1568 γενοίμεθα,
1370 1500 1658 1567 κρίναντες
1695 1518 1761 1550 τα

150 1600 553 1654 συμφορωτερα
583 1581 676 1637 καὶ
707 1578 833 1646 τούς
863 1577 1092 1653 ἄμεινον
1122 1581 1379 1652 λέγοντας
1426 1576 1760 1651 ἀποδεξάμε-

150 1689 251 1722 νοι.
344 1669 425 1723 17.
474 1687 589 1731 πως
619 1657 722 1722 οὖν
755 1662 841 1721 ἐπ’
894 1673 1015 1736 ἴσης
1053 1661 1332 1738 αδιάφορα
1371 1687 1438 1720 τα
1469 1661 1760 1736 πράγματα

149 1750 241 1806 καὶ
272 1746 599 1821 άνεπίκριτα
630 1746 847 1806 δύναιτ’
890 1773 960 1805 αν
1001 1749 1172 1818 εἷναι;
1229 1751 1322 1805 καὶ
1362 1751 1478 1815 πῶς
1519 1744 1759 1819 ἀσυγκα-

85 1857 128 1890 20
149 1832 372 1891 τάθετοι
411 1837 503 1891 καὶ
543 1832 834 1902 ἆδόξαστοι
874 1831 1158 1907 γενοίμεθ’
1208 1830 1304 1903 &im
1382 1838 1433 1890 εἰ
1485 1828 1537 1888 δ’
1593 1830 1762 1889 οὐδὲν

149 1915 348 1991 ὄφελός
392 1921 506 1975 ἐστι
535 1920 647 1975 τῶν
678 1917 878 1991 λόγων,
909 1923 968 1974 τί
994 1913 1126 1990 ἡμῖν
1169 1921 1518 1991 ἐνοχλοῦσιν;
1593 1913 1626 1988 ἢ
1669 1914 1762 1973 διὰ

149 2009 207 2058 τί
240 2008 428 2076 Τίμων
458 2004 631 2075 φησὶν

292 2117 384 2172 οὐκ
409 2117 474 2173 ἂν
500 2116 561 2188 δὴ
590 2119 830 2190 Πύρρωνί
852 2115 902 2189 γ’
934 2123 1163 2190 ἕρίσσειεν
1187 2118 1365 2189 βροτός
1390 2119 1558 2185 ἄλλος,

151 2252 218 2310 ού
249 2253 352 2327 γὰρ
383 2258 594 2326 μᾶλλον
623 2252 907 2355 Πύρρωνα
938 2251 1226 2326 θαυμάσαι
1256 2277 1336 2320 τις
1367 2250 1438 2310 ἂν
1467 2249 1499 2325 ἢ
1531 2252 1628 2309 τὸν
1652 2250 1758 2310 Κό-

87 2362 128 2394 25
152 2345 343 2410 ροιβον
375 2334 640 2395 ἐκεῖνον
619 2362 652 2409 η
682 2337 778 2395 τὸν
809 2343 1163 2410 ΝΙελητίδην,
1207 2344 1262 2394 οἳ
1290 2337 1359 2410 δὴ
1393 2341 1619 2395 δοκοῦσι
1649 2360 1758 2410 μω-

151 2428 245 2497 ρία
291 2427 614 2494 διενεγκεῖν.
708 2427 787 2522 18.
853 2425 1225 2495 ἐνθυμεῖσθαι
1276 2425 1462 2495 μέντοι
1515 2421 1616 2495 χρὴ
1668 2423 1761 2478 καὶ

150 2509 338 2562 ταῦτα
415 2519 570 2572 ποῖος
599 2531 703 2578 γαρ
735 2501 806 2563 ἂν
835 2507 1047 2578 γένοιτο
1078 2503 1374 2608 πολίτης,
1354 2532 1388 2580 η
1423 2499 1700 2578 δικαστὴς,
1726 2501 1759 2578 ἢ

151 2589 486 2663 σύμβουλος,
519 2615 552 2662 η
584 2597 762 2663 φίλος,
795 2586 828 2662 ἢ
859 2590 1045 2659 ἁπλως
1078 2597 1255 2649 εἰπεῖν
1285 2588 1605 2663 άνθρωπος,
1637 2587 1667 2647 ὅ
1698 2614 1759 2662 γε

152 2678 426 2744 τοιοῦτος;
473 2699 505 2747 η
536 2681 593 2732 τί
618 2699 731 2732 των
762 2678 949 2733 κακῶν
972 2673 1037 2733 οὐ
1068 2674 1393 2749 τολμήσειεν
1423 2700 1493 2732 αν
1523 2674 1551 2731 ὁ
1584 2676 1760 2748 μηδεν

89 2781 130 2814 30
155 2782 228 2825 ως
266 2756 489 2831 ἆληθως
529 2758 777 2832 οἰόμενος
811 2759 952 2817 εἶναι
992 2758 1192 2832 κακὸν,
1233 2756 1267 2832 ἢ
1298 2757 1554 2834 αἰσχρὸν,
1595 2783 1629 2831 η
1674 2763 1761 2815 δί-

154 2866 344 2915 καιον,
385 2839 420 2915 ἢ
459 2841 684 2913 άδικον,
738 2841 872 2901 οὐδε
911 2868 1016 2917 γαρ
1059 2847 1238 2902 ἐκεῖνο
1276 2850 1414 2917 φαίη
1446 2867 1525 2910 τις
1556 2839 1643 2914 obv,
1676 2866 1758 2899 οτι

237 2951 467 2980 ΕυεΕΒῐυε
499 2952 553 2979 11.
1465 2936 1536 2988 20
