2014 3146
247 147 251 150 ·
265 122 369 175 348
939 122 1188 164 EUSEBH

264 249 425 297 θεῖον
455 238 521 295 τὰ
551 237 713 295 λοιπὰ
745 241 845 295 τοῦ
884 237 1092 311 κόσμου
1121 240 1259 313 μέρη
1291 237 1618 313 περιγράφει
1649 244 1743 314 τῆς
1773 243 1876 298 τοῦ

265 326 404 380 θεοῦ
448 320 793 394 διοικήσεως
843 319 934 395 ἐφ’
978 319 1060 389 οἷς
1104 324 1196 379 καὶ
1226 318 1580 396 ἀπελέγχεται
1610 323 1745 399 πρὸς
1776 327 1875 383 τοῦ

267 408 645 479 δηλωθέντος,
679 397 794 463 ωδέ
819 428 894 479 πη
928 405 1224 475 διεξιόντος

394 503 481 562 2.
485 502 694 571 “Ὀντος
734 504 786 561 δ’
833 511 911 562 ἔτι
953 510 1215 578 μεγίστου
1256 507 1347 562 καὶ
1388 504 1732 580 κυριωτάτου
1761 510 1874 564 τῶν

221 606 242 638 d
267 595 343 655 εἰς
377 587 740 662 εὐδαιμονίαν
763 587 1186 647 συντελούντων
1207 593 1306 647 τοῦ
1329 591 1455 661 περὶ
1485 595 1580 662 τῆς
1611 597 1872 664 προνοίας

266 679 596 746 πείσματος,
637 668 669 730 ὃ
712 673 779 747 δὴ
821 675 913 731 καὶ
954 671 1188 747 μάλιστα
1226 672 1324 731 τὸν
1354 671 1718 750 ἀνθρώπινον
1749 680 1875 747 βίον

266 754 466 831 ὀρθοῖ,
501 767 555 814 εἴ
579 779 642 830 γε
672 755 747 830 μὴ
777 759 1049 832 μέλλομεν
1079 756 1306 830 ἀγνοεῖν

1895 613 1916 646 27(

679 874 887 962 πότερον
917 880 1031 930 δίκα
1057 885 1214 946 τεῖχος
1231 893 1398 962 ‚vzptov

679 943 712 1014 ἢ
737 954 957 1010 σκολιαῖς
981 947 1192 1011 ἀπάταις
1216 943 1477 1016 ἀναβαίνει

678 1020 981 1085 ἐπιχθονίων
1006 1021 1146 1087 γένος
1170 1015 1395 1087 ἀνδρῶν·
1899 1035 1940 1066 1θ

263 1135 292 1195 ὁ
322 1138 424 1210 μὲν
454 1135 694 1195 Πλάτων
737 1143 813 1203 εἰς
843 1137 981 1196 θεὸν
1025 1140 1116 1194 καὶ
1158 1141 1218 1195 ἐκ
1247 1140 1387 1195 θεοῦ
1417 1136 1596 1195 πάντα
1627 1134 1873 1195 ἀνάπτει.

265 1224 401 1322 φησὶ
431 1221 536 1294 γὰρ
568 1218 737 1279 αὐτὸν
766 1219 942 1296 ἀρχήν
971 1244 1031 1279 τε
1060 1224 1152 1279 καὶ
1183 1224 1322 1296 μέσα
1352 1224 1443 1279 καὶ
1475 1221 1735 1294 τελευτὴν
1765 1246 1876 1279 των

265 1305 445 1363 ὄντων
474 1301 737 1364 ἁπάντων
769 1311 961 1379 ἔχοντα
1001 1304 1199 1364 εὐθεία
1232 1313 1518 1381 περαίνειν
1549 1329 1875 1379 περιπορευ-

265 1389 480 1463 όμενον.
564 1392 656 1447 καὶ
698 1391 768 1447 αὐ
811 1389 979 1448 πάλιν
1022 1395 1197 1464 φησὶν
1236 1387 1408 1448 αὐτὸν
1452 1389 1670 1463 ἀγαθὸν
1713 1391 1874 1462 εἶναι,

265 1471 461 1551 ἀγαθῷ
497 1475 555 1531 δε
586 1478 799 1548 μηδένα
831 1474 1052 1548 φθόνον
1084 1478 1440 1549 ἐγγίγνεσθαι
1471 1477 1598 1550 περὶ
1620 1473 1870 1549 μηδενός.
1899 1496 1943 1529 15

263 1558 466 1616 τούτου
499 1559 560 1616 δὲ
593 1558 744 1625 ἐκτὸς
774 1557 907 1618 ὄντα
946 1559 1126 1618 πάντα
1154 1559 1238 1618 ὅτι
1267 1558 1501 1633 μάλιστα
1539 1557 1727 1632 ἀγαθά
1758 1582 1874 1616 ποι-

267 1658 370 1715 εῖν,
405 1649 482 1710 εἰς
513 1642 666 1711 τάξιν
695 1641 901 1716 ἄγοντα
933 1648 992 1701 ἐκ
1021 1650 1116 1718 τῆς
1139 1641 1376 1712 ἀταξίας.
1419 1642 1645 1702 πάντων
1669 1645 1730 1701 δὲ
1762 1647 1874 1701 ε’πι-

264 1726 607 1800 μελούμενον
676 1730 766 1784 καὶ
829 1726 1009 1786 πάντα
1070 1731 1206 1785 κατὰ
1259 1727 1500 1801 δύναμιν
1565 1731 1874 1801 κοσμοῦντα

265 1813 692 1883 πεφροντικέναι
724 1814 815 1868 καὶ
846 1816 958 1869 τῶν
987 1810 1367 1885 ἀνθρώπων.”

392 1914 440 1966 3.
475 1910 587 1966 Καὶ
618 1909 753 1982 μετὰ
784 1913 991 1983 βραχέα
1896 1931 1942 1963 20

161 2024 248 2065 (799)
387 2002 535 2064 “Kal
565 2002 593 2063 ὁ
625 2009 729 2079 μὲν
758 2006 998 2066 Πλάτων
1028 2004 1218 2075 οὕτως.
1291 2006 1319 2064 ὁ
1355 2009 1413 2064 δὲ
1443 2008 1545 2081 τὴν
1580 2015 1875 2083 δαιμονίαν

263 2090 471 2164 ταύτην
501 2089 678 2164 φύσιν
703 2090 956 2150 ἐκποδών
978 2090 1325 2166 ποιούμενος,
1357 2095 1446 2149 καὶ
1469 2093 1572 2167 τήν
1594 2118 1657 2167 γε
1689 2098 1876 2151 εἰσαῦ-

263 2186 356 2244 θις
389 2179 584 2234 ἐλπίδα
614 2182 708 2248 τῆς
740 2180 918 2250 ψυχῆς
948 2175 1302 2250 ἀποτέμνων,
1348 2175 1450 2249 τήν
1479 2201 1538 2234 τε
1571 2181 1630 2235 ἐν
1659 2202 1735 2235 τω
1769 2201 1876 2235 πα-

265 2260 417 2333 ρόντι
448 2259 584 2361 πρὸς
613 2264 726 2317 τῶν
757 2259 1090 2333 κρειττόνων
1115 2260 1412 2334 ευλάβειαν
1442 2260 1873 2337 ἀφαιρούμενος,

263 2350 389 2402 τίνα
419 2343 553 2418 πρὸς
584 2344 861 2402 Πλάτωνα
893 2352 1003 2419 ἔχει
1034 2352 1364 2415 κοινωνίαν;
1396 2341 1430 2418 ἢ
1461 2350 1577 2412 πῶς
1607 2343 1677 2404 ἂν
1709 2344 1804 2420 ἐφ’
1837 2344 1872 2402 ἃ
1894 2371 1939 2404 2⁵

264 2427 523 2500 βούλεται
568 2428 808 2486 Πλάτων
857 2433 1236 2503 παρακαλέσαι
1281 2432 1374 2486 καὶ
1426 2429 1757 2488 πιστώσαιτο
1809 2430 1874 2487 τὰ

266 2515 557 2586 είρημένα;
588 2516 636 2569 4.
665 2517 779 2570 πᾶν
819 2513 923 2587 γὰρ
953 2510 1282 2571 τούναντίον
1312 2513 1579 2588 συνεργὸς
1609 2512 1680 2571 ἂν
1710 2506 1874 2580 οὗτός

264 2618 326 2669 γε
357 2599 446 2652 καὶ
480 2598 896 2670 συναγωνιστὴς
925 2601 1038 2655 τῶν
1069 2597 1380 2657 ἐθελόντων
1401 2596 1619 2656 ἀδικεῖν
1649 2604 1868 2671 φανείη.

263 2683 368 2746 πᾶς
399 2678 502 2755 γάρ
533 2704 613 2745 τις
643 2678 941 2754 ἅνθρωπος
973 2678 1052 2739 ω”ν
1083 2684 1173 2739 καὶ
1198 2697 1315 2749 ταῖς
1339 2680 1723 2756 ἀνθρωπίναις
1753 2678 1872 2755 ὀρέ-

377 2875 426 2913 11
462 2869 678 2926 Πλάτων]
712 2874 825 2926 Leg.
848 2876 892 2914 4.
915 2888 955 2926 p.
982 2877 1075 2915 716.
1109 2876 1222 2915 Tim.
1245 2888 1287 2927 p.
1311 2877 1377 2915 29.
