2014 3146
638 119 851 160 PRAEP.
883 117 1104 162 EVANG.
1139 119 1218 162 XI.
1252 121 1319 160 27.
1719 118 1787 170 59

179 236 392 308 Κέβης,
456 239 508 292 εἰ
566 236 626 291 ἐκ
677 232 903 291 πάντων
961 238 1073 291 τῶν
1122 235 1430 308 εἰρημένων
1472 232 1606 292 τάδε
1655 233 1789 308 ἡμῖν

179 323 493 392 ξυμβαίνει·
550 324 626 395 τῷ
676 319 778 391 μὲν
816 324 957 395 θείῳ
1009 320 1101 376 καὶ
1151 315 1418 395 ἀθανάτῳ
1467 322 1560 376 καὶ
1609 323 1787 397 νοητῷ
1807 341 1898 385 [325]

179 406 273 461 καὶ
310 407 593 477 μονοειδεῖ
630 405 722 461 καὶ
760 399 1040 480 ἆδιαλῦτῳ
1081 405 1174 460 καὶ
1221 401 1308 461 ἀεὶ
1349 400 1611 472 ὡσαύτως
1652 404 1789 461 κατὰ

178 487 244 545 τὰ
284 485 423 546 αὐτὰ
463 494 642 561 ἔχοντι
683 490 863 565 ἑαυτῷ
906 486 1227 561 ὁμοιότατον
1267 487 1410 548 εἶναι
1450 486 1665 597 ψυχὴν,
1710 492 1785 566 τῷ

136 595 158 627 5
183 573 243 630 δὲ
283 569 629 646 ἆνθρωπίνω
679 574 772 629 καὶ
820 576 1012 649 θνητῷ
1066 574 1158 629 καὶ
1206 570 1422 650 ἀνοήτῳ
1473 578 1565 630 καὶ
1614 581 1788 630 πολυ-

180 662 321 715 ειδεῖ
347 659 438 714 καὶ
478 659 721 734 διαλυτςό
750 659 842 714 καὶ
870 658 1144 731 μηδέποτε
1174 680 1312 715 κατα
1343 681 1408 714 τα
1439 655 1579 714 αὐτα
1610 664 1788 759 ἔχοντι

179 745 360 799 ἑαυτω
417 738 740 815 ὁμοιότατον
798 743 870 798 αὐ
931 741 1074 798 εἶναι
1126 740 1187 797 τὸ
1237 740 1790 816 σῶμα.14.”Εχο-

178 828 282 900 μέν
328 850 379 883 τι
427 826 577 900 παρὰ
625 829 797 882 ταῦτα
846 825 981 883 αλλο
1031 826 1242 898 λέγειν,
1311 849 1353 882 ω
1404 829 1534 898 φίλε
1584 829 1788 898 Κέβης.

180 909 254 977 ὡς
293 908 396 985 οὐχ
434 909 609 977 οὕτως
649 917 785 983 ἔχει,
836 908 958 968 Οὐκ
999 915 1208 982 ἔχομεν.
1294 916 1366 968 Τί
1400 910 1530 980 οῦν;
1577 909 1791 968 τούτων

116 1018 156 1051 ιο
179 992 355 1062 οὕτως
387 993 627 1068 ἐχόντων
672 985 760 1067 αρ’
809 993 874 1052 οὐ
906 992 1116 1067 σώματι
1145 994 1249 1066 μὲν
1278 994 1415 1068 ταχὺ
1458 993 1790 1053 διαλύεσθαι

179 1078 462 1154 προσήκει,
493 1084 643 1154 ψυχῇ
675 1079 736 1136 δε
767 1070 840 1136 αῦ
868 1077 927 1136 τὸ
959 1100 1223 1151 παραπαν
1252 1074 1535 1156 ἆδιαλύτςο
1568 1078 1733 1181 εἶναι,
1756 1075 1790 1151 ἢ

182 1162 345 1236 ἐγγύς
374 1187 427 1221 τι
456 1162 686 1233 τούτους
764 1168 850 1221 15
894 1167 1026 1230 Πῶς
1066 1162 1169 1235 γὰρ
1201 1160 1294 1233 οῦ;
1353 1173 1626 1230 Συννοεῖς
1666 1165 1788 1236 οῦν,
1808 1187 1899 1230 (553)

180 1255 305 1321 εφη,
331 1245 414 1305 ὅτι
447 1247 674 1305 ἐπειδὰν
703 1244 964 1322 ἄποθανη
988 1243 1017 1305 5
1048 1246 1368 1321 ἄνθρωπος,
1389 1246 1449 1306 τὸ
1468 1248 1572 1321 μὲν
1589 1246 1791 1322 ὁρατὸν

181 1329 372 1403 αὐτοῦ,
402 1332 463 1389 τὸ
493 1337 668 1406 σῶμα,
700 1334 792 1390 καὶ
826 1335 885 1390 ἐν
915 1331 1098 1409 ὁρατῷ
1126 1338 1404 1405 κείμενον,
1429 1330 1458 1390 ὃ
1490 1330 1560 1405 δὴ
1589 1332 1791 1407 νεκρὸν

117 1439 159 1473 15
181 1420 486 1490 καλοῦμεν,
538 1418 580 1494 ᾧ
630 1415 894 1491 προσήκει
946 1415 1281 1474 διαλύεσθαι
1330 1419 1421 1473 καὶ
1474 1421 1791 1475 διαπίπτειν

181 1504 272 1560 καὶ
305 1507 685 1574 διαπνεῖσθαι,
710 1499 814 1559 οῦκ
845 1499 1021 1568 εὐθυς
1043 1499 1256 1559 τούτων
1286 1499 1455 1559 οῦδεν
1485 1503 1791 1574 πέπονθεν,

181 1584 302 1643 ἀλλ’
342 1588 592 1654 ἐπιεικῶς
633 1585 842 1660 συχνὸν
882 1588 1127 1660 ἐπιμένει
1167 1584 1393 1660 χρόνον·
1443 1583 1542 1643 εὀἶν
1582 1588 1685 1659 μέν
1714 1611 1794 1654 τις

182 1673 275 1727 καὶ
304 1672 602 1744 χαριέντως
633 1677 775 1745 ἔχων
804 1670 864 1728 τὸ
896 1675 1055 1745 σῶμα
1085 1669 1414 1745 τελευτήσῃ,
1456 1673 1548 1727 καὶ
1591 1673 1651 1728 ἐν
1681 1695 1787 1728 τοι·

183 1753 322 1830 αύτῃ
355 1752 501 1831 ὥρα,
533 1758 625 1812 καὶ
655 1754 805 1813 πάνυ
835 1754 995 1829 μάλα.
1073 1754 1361 1829 συμπεσὸν
1399 1753 1504 1829 γὰρ
1545 1752 1604 1812 τὸ
1636 1759 1792 1829 σῶμα

118 1863 161 1895 20
183 1842 274 1897 καὶ
303 1841 665 1914 ταριχευθὲν,
709 1837 895 1913 ὥσπερ
935 1845 993 1897 οἱ
1029 1843 1089 1897 ἐν
1120 1839 1390 1918 Αἰγύπτῳ
1429 1842 1793 1914 ταριχευθέν-

182 1947 289 1997 τες,
320 1921 514 1997 ὀλίγον
543 1923 674 1983 ὅλον
703 1927 858 1998 μένει
887 1923 1176 1999 ἀμήχανον
1203 1923 1339 1982 ὅσον
1369 1923 1586 1998 χρόνον.
1671 1931 1791 1982 ἔνια
1819 1950 1837 1981 ι)

185 2009 246 2066 δὲ
286 2009 424 2084 μέρη
462 2013 561 2067 τοῦ
600 2009 876 2083 σώματος,
928 2011 1020 2066 καὶ
1065 2009 1162 2068 ἐὰν
1201 2012 1376 2084 σαπῇ,
1430 2007 1565 2066 ὀστᾶ
1603 2033 1661 2066 τε
1701 2011 1792 2066 καὶ

183 2095 358 2165 νεῦρα
398 2097 490 2150 καὶ
529 2093 595 2151 τὰ
635 2097 859 2152 τοιαῦτα
901 2092 1082 2151 πάντα
1120 2093 1291 2167 ὅμως,
1327 2092 1400 2160 ὡς
1432 2099 1558 2159 ἔπος
1592 2099 1790 2163 εἰπεῖν,

183 2176 438 2236 ἀθάνατα
471 2181 639 2250 ἐστιν,
672 2175 706 2251 ’ἢ
738 2177 834 2249 οῦς
882 2185 1014 2236 Ναί.
1094 2183 1173 2235 16.
1200 2176 1269 2234 ‘H
1298 2178 1360 2234 δὲ
1390 2175 1538 2250 ψυχὴ
1569 2174 1676 2249 ἄρα
1708 2176 1792 2250 (τὸ

121 2284 163 2316 25
186 2261 394 2334 ἀειδὲς,
427 2263 487 2319 τὸ
522 2269 599 2329 εἰς
630 2267 881 2320 τοιοῦτον
909 2261 1079 2319 τόπον
1111 2264 1299 2335 ἕτερον
1322 2259 1630 2334 οἰχόμενον,
1663 2283 1793 2334 γεν-

185 2360 348 2403 ναῖον
388 2348 481 2402 καὶ
520 2344 772 2419 καθαρὸν
814 2347 904 2402 καὶ
936 2344 1124 2418 ἀειδῆ,
1169 2351 1246 2412 εἰς
1274 2343 1499 2417 ‘'‘Acffov⁹
1546 2340 1619 2411 ὥς
1639 2342 1794 2447 ἄλη-

185 2431 330 2501 θοός,
377 2428 526 2503 παρὰ
566 2430 662 2488 τὸν
700 2428 917 2502 ἀγαθὸν
957 2432 1048 2487 καὶ
1086 2428 1360 2503 φρόνιμον
1390 2429 1556 2501 θεὸν,
1602 2437 1681 2502 οἱ,
1724 2427 1794 2487 ἂν

185 2511 317 2580 θεὸς
350 2516 536 2588 ἐθέλῃ,
570 2513 768 2572 αὐτίκα
798 2516 890 2571 καὶ
920 2518 986 2589 τῇ
1021 2517 1120 2589 ε’μῇ
1152 2517 1302 2588 ψυχῇ
1334 2516 1480 2572 ἰτέον
1493 2514 1529 2587 “)
1563 2513 1700 2587 αῦτη
1734 2515 1794 2571 δε

189 2596 258 2670 δὴ
299 2596 431 2671 ἡμῖν
472 2595 506 2670 ἡ
545 2598 769 2671 τοιαύτη
810 2601 903 2655 καὶ
941 2596 1084 2657 οὕτω
1125 2612 1413 2672 πεφυκυῖα
1451 2595 1793 2655 απαλλαττο-

122 2703 166 2736 30
186 2685 324 2756 μένη
355 2686 455 2740 τοῦ
484 2702 733 2757 σωματος
774 2681 947 2750 εὐθυς
987 2682 1396 2756 διαπεφῦσηται
1439 2685 1531 2740 καὶ
1571 2681 1791 2740 απόλω-
1827 2716 1844 2738 c

188 2774 309 2839 λεν,
344 2765 417 2835 ὥς
446 2786 619 2839 φασιν
649 2773 706 2825 οἱ
732 2770 925 2825 πολλοὶ
955 2765 1278 2842 ἅνθρωποις
1357 2772 1436 2825 17.
1484 2770 1702 2824 Πολλοῦ
1733 2789 1794 2838 γε

191 2855 296 2923 δεῖ,
320 2842 362 2908 ὦ
384 2857 513 2925 φίλε
534 2855 717 2925 Κέβης
746 2876 805 2911 τε
829 2855 920 2909 καὶ
944 2858 1182 2925 Σιμμία·
1215 2849 1355 2909 ἀλλὰ
1378 2855 1564 2927 πολλῷ
1584 2855 1795 2923 μᾶλλον
