2014 3146
591 104 805 148 PRAEP.
833 103 1055 150 EVANG.
1086 104 1215 146 X111.
1237 106 1306 145 13.
1646 103 1751 155 213

139 245 236 279 τον
258 225 391 292 Διά,
423 219 520 277 τὸν
553 219 614 277 δὲ
643 219 842 277 νέατον
872 223 1077 291 καλῶν,
1110 226 1353 293 ἔμφασιν
1382 219 1586 295 πατρὸς
1618 218 1751 278 ἄπο-

142 310 319 363 λείπει
360 306 451 361 καὶ
491 306 637 362 υἱοῦ.
714 306 807 361 καὶ
846 302 906 361 τὸ
948 302 1420 379 παραδοξότατον,
1452 303 1751 378 γινώσκειν
1769 329 1860 370 (682)

142 395 399 464 φαίνεται
437 387 497 446 τὸ
535 399 699 447 θεῖον
737 385 766 446 5
808 385 1285 463 ἄνθρωποπαθεῖς
1340 388 1581 463 εἰσάγων
1623 389 1752 459 τούς

139 473 340 541 θεούς·
397 470 464 531 ὃν
503 472 624 531 οὐδ’
682 470 856 540 οὕτως
909 479 1146 531 αἰδεῖται
1187 472 1524 550 Ἐπίκουρος.
1614 478 1753 549 φησὶ

96 582 116 616 5
139 563 279 632 γοῦν

279 654 413 702 τίπτε
439 671 511 717 με,
541 651 732 734 Πηλέος
759 650 852 714 υἱὲ,
881 650 1029 700 ποσὶν
1055 651 1270 717 ταχέεσσι
1300 651 1511 733 διώκεις,

282 716 430 783 αὐτὸς
455 719 643 806 θνητὸς
670 716 779 786 ε’ὠν,
807 715 930 771 θεὸν
954 718 1231 788 αμβροτον;
1273 715 1390 773 ουδέ
1411 742 1472 772 νυ
1497 720 1577 774 πῶ
1603 743 1660 789 με

281 793 434 858 ἔγνως
460 786 523 853 ῶς
548 789 667 852 θεός
692 793 806 856 εἰμι.

58 956 67 961 -
138 907 240 985 οὐχ
278 908 492 968 ἁλωτὸν
530 909 635 982 γὰρ
681 910 824 966 εἶναι
875 915 1068 986 θνητῷ
1120 907 1253 966 οὐδὲ
1305 907 1654 982 καταληπτὸν
1693 910 1753 968 τὸ

75 1017 115 1049 ιο
137 1005 300 1053 θεῖον
339 992 468 1053 οὔτε
507 996 674 1052 ποσὶν
712 992 841 1051 οὔτε
880 996 1071 1068 χερσὶν
1112 991 1239 1052 οὔτε
1278 990 1594 1067 ὀφθαλμοῖς
1625 992 1747 1052 οὐδ’
1781 1017 1805 1050 b

136 1077 278 1147 ὅλως
328 1082 406 1156 τῷ
454 1077 663 1152 σῶματι
723 1076 1023 1151 δεδήλωκε.
1093 1076 1250 1135 “τίνι
1293 1077 1612 1151 ῶμοιῶσατε
1651 1079 1754 1137 κύ-

138 1188 291 1239 ριον;
338 1160 372 1237 ἢ
404 1169 512 1221 τίνι
542 1159 842 1237 ὁμοιώματι
874 1161 1193 1236 ῶμοιῶσατε
1224 1160 1462 1234 αὐτόν;”
1513 1161 1749 1237 φησὶν“
1718 1189 1752 1238 η

138 1247 341 1324 γραφή.
411 1244 532 1322 “μὴ
574 1246 761 1306 εἰκόνα
805 1250 1028 1320 ἐποίησε
1066 1251 1301 1321 τέκτων,
1355 1244 1388 1321 ἦ
1431 1247 1752 1358 χρυσοχόος,

137 1331 422 1407 χωνεύσας
452 1339 713 1407 χρυσίον,
755 1330 1205 1406 περιεχρύσωσεν
1249 1329 1485 1403 αὐτόν;”
1565 1335 1658 1390 καὶ
1687 1358 1755 1390 τα

74 1437 115 1470 15
141 1420 229 1476 ἐπὶ
270 1415 500 1484 τούτοις.
589 1421 671 1474 44.
721 1414 751 1474 ὅ
790 1441 849 1475 τε
896 1415 1133 1490 κωμικὸς
1177 1413 1504 1490 Ἐπίχαρμος
1563 1422 1755 1492 σαφῶς

138 1505 266 1577 περὶ
296 1507 393 1559 τοῦ
425 1500 592 1574 λόγου
625 1504 686 1558 ἐν
715 1504 784 1576 τῇ
813 1507 1076 1559 Πολιτεία
1107 1503 1255 1574 λέγει
1286 1494 1399 1558 ῶδέ
1425 1524 1541 1568 πως

280 1603 305 1658 ὃ
332 1611 438 1674 βίος
464 1602 754 1671 ανθρώποις
781 1613 1016 1675 λογισμοῦ
1041 1601 1301 1674 κᾶριθμοῦ
1328 1609 1481 1659 δεῖται
1506 1628 1667 1660 πανυ·

280 1681 437 1745 ζῶμεν
476 1675 546 1747 [δ’
576 1680 650 1747 ε’ν]
689 1674 895 1748 αριθμῷ
921 1679 1002 1729 καὶ
1041 1681 1338 1816 λογιιὲμῷ·
1316 1685 1466 1730 ταῦτα
1491 1700 1584 1747 γαρ
1611 1678 1754 1740 σωζει

1191 1770 1377 1817 ρΟϊΟυς.
1775 1774 1794 1796 c

73 1870 115 1904 20
145 1852 261 1910 εἶτα
294 1851 603 1927 διαρρήδην
635 1854 883 1927 ἐπιφέρει

279 1956 305 2012 5
333 1959 476 2028 λόγος
500 1953 804 2028 ἀνθρώπους
831 1962 1068 2030 κυβερνᾷ,
1096 1955 1221 2011 κατὰ
1248 1957 1434 2026 τρόπον
1460 1956 1616 2021 σώζει.

139 2066 255 2123 εἶτα
287 2071 337 2123 εἰ

281 2159 414 2208 ἐστιν
441 2153 726 2223 ἀνθρώπων
753 2150 995 2223 λογισμὸς,
1026 2155 1128 2205 ἔστι
1154 2155 1238 2205 καὶ
1266 2161 1406 2215 θεῖος
1434 2153 1591 2221 λογος.

280 2224 306 2278 5
332 2225 474 2294 λόγος
498 2224 754 2310 ἀνθρώπῳ
780 2227 973 2290 πέφυκε
998 2225 1109 2314 περὶ
1136 2227 1251 2290 βίου
1276 2242 1634 2309 καταστροφας.

75 2319 116 2351 25
281 2298 307 2348 5
334 2298 388 2348 δέ
409 2316 462 2363 γε
488 2318 573 2357 τας
598 2297 766 2380 τέχνας
791 2311 942 2346 απασι
968 2296 1227 2347 συνέπεται
1253 2302 1393 2356 θεῖος
1418 2295 1578 2384 λόγοςῖ

282 2364 586 2418 έκδιδασκων
613 2362 760 2427 αὐτὸς
784 2360 980 2427 αὖτοὺς,
1006 2362 1033 2416 ό
1058 2388 1104 2416 τι
1131 2372 1293 2417 ποιεῖν
1318 2368 1399 2417 δεῖ
1415 2366 1681 2433 συμφέρον.
1779 2394 1802 2427 d

282 2435 340 2489 οὐ
385 2457 478 2505 γαρ
524 2433 795 2503 ανθρωπος
839 2437 1014 2503 τέχναν
1055 2429 1158 2504 εὗρ’
1168 2475 1181 2500 ‚
1235 2431 1260 2486 5
1309 2436 1362 2488 δὲ
1405 2434 1524 2498 θεὸς
1565 2434 1753 2487 ταύταν

1153 2508 1314 2587 φέρει.

284 2573 309 2628 5
336 2578 390 2629 δέ
412 2598 466 2644 γε
491 2574 797 2643 τάνθρώπου
827 2573 1012 2647 [λόγος]
1041 2577 1264 2642 πέφυκεν
1289 2570 1389 2628 ἆπό
1413 2596 1468 2644 γε
1493 2581 1581 2628 τοῦ
1607 2579 1754 2628 θείου

75 2675 116 2709 30
1157 2645 1318 2715 λόγου.

138 2754 222 2808 45.
273 2753 363 2808 ναὶ
402 2751 514 2825 μὴν
556 2750 646 2808 διὰ
686 2756 783 2808 τοῦ
809 2747 1038 2809 ”Ησαΐου
1079 2750 1391 2824 πνεύματος
1422 2747 1753 2825 κεκραγότος

132 2831 162 2852 “
178 2840 238 2892 τί
270 2859 361 2909 μοι
411 2841 626 2909 πλῆθος
667 2838 779 2893 τῶν
829 2838 1050 2893 θυσιῶν
1099 2834 1285 2909 ὑμῶν;
1343 2835 1491 2908 λέγει
1542 2833 1752 2911 κύριος,
