2014 3146
593 113 1757 166 PRAEP.EVANG.X111.13.197

149 235 265 305 ἰδίᾳ
296 228 710 314 παραλαβόντες
751 221 916 302 ἦγον,
958 230 1055 288 τὸν
1099 231 1159 287 δε
1183 228 1465 303 Ἀριδαῖον
1507 232 1597 287 καὶ
1629 230 1757 298 τοὺς

146 312 346 381 ἄλλους
387 308 829 388 συμποδίσαντες
870 314 1058 389 χεῖράς
1088 339 1146 372 τε
1177 316 1270 371 καὶ
1300 314 1506 388 πόδας,
1540 317 1630 372 καὶ
1668 338 1756 372 κε-

146 397 332 471 φαλὴν
372 397 806 471 καταβαλόντες,
849 401 940 456 καὶ
974 402 1347 473 ἐκδείραντες,
1392 397 1577 458 εἷλκον
1607 399 1756 475 παρὰ

146 482 248 556 τὴν
277 478 413 540 ὁδὸν
446 482 595 549 ἐκτὸς
629 485 712 540 ἐπ’
750 481 1096 541 ἀσπαλάθων
1127 481 1516 552 κνάπτοντες.”

102 589 124 621 5
268 563 382 624 e‘015
409 592 512 641 μεν
552 592 656 641 γαρ
688 566 890 643 άνδρες
921 572 978 625 oc
1016 566 1275 643 διάπυροι
1306 567 1574 641 ἀγγέλους
1606 566 1758 647 αὐτῷ
1778 590 1866 634 [392]

146 649 443 724 βούλονται
487 656 724 726 δηλοῦν,
778 660 835 710 οἳ
880 651 1294 727 παραλαβόντες
1347 677 1474 720 τους
1527 651 1756 726 ἀδίκους

145 734 484 806 κολάζουσιν.
558 733 638 794 e‘O
682 735 876 794 ποιῶν’
924 740 1062 810 φησὶ
1087 733 1236 803 τούς
1281 733 1548 810 ἀγγέλους
1580 734 1758 795 αυτοῦ

144 819 432 894 πνεύματα
463 823 555 878 καὶ
585 844 716 887 τους
747 820 1101 895 λειτουργούς
1133 825 1244 895 πῦρ
1275 820 1520 895 φλέγονῖ
1781 846 1871 888 (670)

272 910 319 962 6.
363 901 621 962 “”Επεται
666 906 724 963 δὲ
764 904 978 972 τούτοις
1009 903 1110 979 τὴν
1142 904 1327 980 ψυχὴν
1372 906 1514 964 εἶναι
1545 903 1756 970 ἀθάνα-

0 1052 2 1055 ,
80 1013 121 1044 10
143 1013 255 1047 τον.
318 987 378 1047 τὸ
409 988 513 1064 γὰρ
545 990 909 1064 κολαζόμενον
939 987 974 1063 ἢ
1018 989 1427 1064 παιδευόμενον
1470 995 1530 1049 ἐν
1561 990 1758 1065 αἰσθή-

145 1091 229 1131 σει
259 1069 325 1131 ὂν
360 1077 447 1149 ζῇ,
490 1071 595 1132 κᾶν
635 1074 868 1149 πάσχειν
907 1078 1144 1149 λέγηται.
1215 1084 1271 1133 τί
1310 1078 1397 1147 δέ;
1440 1074 1562 1150 οὐχὶ
1603 1076 1761 1135 οἶδεν

142 1154 171 1216 ὁ
204 1158 444 1218 Πλάτων
473 1161 565 1216 καὶ
591 1158 763 1233 πυρὸς
799 1158 1077 1234 ποταμούς
1108 1163 1197 1218 καὶ
1233 1164 1328 1234 τῆς
1350 1164 1450 1234 γῆς
1473 1159 1533 1218 τὸ
1558 1160 1754 1236 βάθος,

142 1241 246 1316 τὴν
275 1243 412 1318 πρὸς
442 1248 555 1301 τῶν
584 1243 886 1319 βαρβάρων
926 1247 1162 1318 γέενναν
1192 1248 1568 1319 καλουμένην,
1611 1244 1755 1320 Τάρ-

141 1351 312 1402 ταρον
335 1333 630 1402 ποιητικῶς
655 1328 956 1402 ὀνομάζων,
983 1329 1254 1388 Κωκυτόν
1277 1354 1336 1387 τε
1355 1333 1446 1387 καὶ
1465 1327 1757 1404 Ἀχέροντα

79 1435 120 1467 15
144 1415 235 1470 καὶ
249 1415 751 1487 Πυριφλεγέθοντα
763 1416 853 1471 καὶ
868 1413 1096 1472 τοιαῦτά
1115 1440 1237 1472 τινα
1253 1421 1328 1481 εἰς
1343 1415 1446 1488 τὴν
1457 1421 1756 1473 παίδευσιν

145 1504 559 1571 σωφρονίζοντα
584 1497 941 1573 παρεισάγων
971 1498 1332 1575 κολαστήρια;
1364 1503 1476 1557 τῶν
1508 1503 1756 1574 σμικρῶν

146 1583 206 1638 δὲ
246 1582 383 1639 κατὰ
423 1580 525 1655 τὴν
574 1581 799 1658 γραφὴν
840 1586 931 1641 καὶ
975 1588 1276 1658 ἐλαχίστων
1319 1582 1447 1652 τούς
1488 1583 1758 1658 ἀγγέλους

142 1664 268 1733 τούς
298 1662 543 1741 ὁρῶντας
573 1666 669 1725 τὸν
699 1667 866 1742 θεὸν,
900 1667 1036 1742 πρὸς
1069 1669 1130 1726 δὲ
1161 1671 1251 1727 καὶ
1275 1667 1376 1742 τὴν
1402 1675 1478 1737 εἰς
1509 1665 1649 1743 ἡμᾶς
1675 1666 1753 1726 δι’
1779 1694 1804 1726 b

139 1748 391 1823 ἀγγέλων
420 1758 532 1810 τῶν
565 1752 890 1826 ἐφεστώτων
928 1753 1175 1827 ἥκουσαν
1217 1753 1523 1827 ἐπισκοπὴν
1556 1757 1755 1829 ἐμφαί-

77 1858 118 1890 20
141 1860 258 1893 νων
300 1833 402 1893 οὐκ
432 1838 590 1895 ὀκνεῖ
615 1836 854 1912 γράφειν

219 1916 247 1937 “
259 1918 479 1996 Ἐπειδὴ
498 1920 676 1990 πάσας
687 1922 783 1990 τὰς
794 1921 1102 1997 ψυχὰςτούς
1113 1929 1271 1996 βίους
1284 1919 1549 1998 ᾑρῆσθαι,
1566 1920 1755 1998 ῶσπερ

140 2011 356 2079 ἔλαχον,
392 2009 450 2064 ἐν
472 2006 620 2075 τάξει
643 2010 931 2081 προσιέναι
961 2007 1096 2082 πρὸς
1120 2008 1221 2081 τὴν
1243 2007 1506 2081 Λάχεσιν,
1534 2011 1757 2081 ἐκείνην

142 2089 203 2146 δὲ
245 2089 484 2167 ἑκάστω,
529 2087 594 2148 ὃν
641 2098 813 2150 εἵλετο
848 2098 1111 2165 δαίμονα,
1151 2094 1350 2150 τοῦτον
1392 2091 1616 2164 φύλακα
1653 2095 1754 2149 τοῦ

138 2177 267 2244 βίου
288 2178 656 2248 συμπέμπειν,
689 2179 782 2233 καὶ
812 2175 1334 2250 ἀποπληρωτὴντῶν
1356 2172 1750 2250 αἰρεθέντων.”

75 2280 117 2312 25
260 2253 291 2275 “
307 2256 455 2330 Τάχα
480 2260 541 2316 δὲ
558 2261 649 2316 καὶ
673 2264 748 2336 τῷ
773 2259 1060 2335 Σωκράτει
1091 2258 1150 2317 τὸ
1184 2258 1471 2333 δαιμόνιον
1495 2258 1754 2319 τοιοῦτόν

137 2364 189 2397 τι
219 2337 535 2415 ᾑνίσσετο.”

243 2430 285 2482 7.
313 2421 466 2483 “Nat
489 2426 600 2500 μὴν
621 2425 889 2500 γεννητὸν
907 2428 1049 2486 εἶναι
1072 2427 1169 2485 τὸν
1194 2427 1400 2502 κόσμον
1426 2431 1484 2486 ἐκ
1497 2430 1750 2496 Μωσέως

137 2509 554 2583 παραλαβόντες
598 2511 965 2585 ἐδογμάτισαν
1006 2518 1063 2571 οὗ
1098 2511 1410 2587 φιλόσοφοι.
1483 2517 1574 2571 καὶ
1614 2510 1645 2571 ὅ
1685 2537 1749 2587 γε

137 2592 377 2653 Πλάτων
406 2593 666 2671 ἄντικρυς
699 2605 883 2670 εἴρηκε

72 2699 114 2732 30
256 2674 544 2755 “Πότερον
585 2681 654 2753 ἠν
693 2677 869 2754 ἀρχὴν
900 2687 1042 2756 ἐχων
1079 2684 1347 2755 γενέσεως
1379 2681 1678 2756 οὐδεμίαν,
1710 2706 1746 2755 η

222 2818 274 2856 21
302 2809 499 2872 Ἐπειδὴ
531 2818 602 2870 -“-]
635 2818 768 2859 Plato
798 2820 911 2872 Rep.
937 2822 1002 2864 10.
1035 2834 1077 2873 p.
1103 2822 1198 2862 620.

222 2875 276 2913 30
307 2833 520 2926 Πότερον
541 2873 615 2928 -]
652 2875 786 2915 Plato
808 2876 923 2916 Tim.
946 2889 988 2929 p.
1014 2879 1081 2918 28.
