2014 3146
710 146 925 191 PRAEP.
957 147 1178 191 EVANG.
1210 149 1291 190 XI.
1323 150 1362 192 2.
1777 147 1809 199 3

197 270 490 338 λοσοφίας,
535 272 613 329 εἴς
653 285 712 319 τε
752 261 849 319 τὸν
889 260 1090 335 ἠθικὸν
1130 261 1477 336 καλούμενον
1515 261 1686 321 τόπον
1715 266 1809 320 καὶ

174 348 292 406 ,τὸν
321 345 563 421 φυσικὸν
592 348 684 403 καὶ
715 353 796 404 ἔτι
825 345 922 404 τὸν
949 346 1190 419 λογικὸν,
1222 349 1313 404 καὶ
1337 350 1433 405 τοῦ
1460 349 1561 420 μὲν
1585 346 1808 422 πρώτου

196 430 695 500 κατασκευάζοντος
734 430 891 504 ἡμῶν
935 435 1168 490 ἕκαστον
1208 430 1379 489 καλὸν
1427 434 1520 489 καὶ
1568 430 1806 505 ἀγαθὸν,

195 519 287 575 καὶ
317 516 445 583 τοὺς
476 525 664 582 οἴκους
693 512 856 582 ὅλους
889 522 966 583 εἰς
996 514 1057 572 τὸ
1087 513 1314 589 ἄριστον
1340 520 1805 590 ἐπανορθοῦντος,

151 624 172 656 5
195 599 302 675 ἤδη
335 602 396 658 δὲ
426 603 518 658 καὶ
551 603 728 672 δῆμον
759 599 1052 673 σύμπαντα
1083 607 1330 675 πολιτεία
1359 604 1427 676 τῇ
1463 599 1806 676 διαφερούσῃ
1829 629 1846 652 e

194 689 286 743 καὶ
324 684 511 758 νόμοις
549 699 663 751 τοῖς
693 681 1104 757 ἀκριβεστάτοις
1135 688 1500 757 κοσμοῦντος,
1547 688 1647 742 τοῦ
1678 691 1810 742 δευ-

175 772 355 843 τέρου
387 770 450 826 δὲ
481 768 616 842 πρὸς
646 766 749 841 τὴν
778 771 905 840 περὶ
927 774 1040 825 τῶν
1063 775 1243 826 θείων
1266 773 1477 842 γνῶσιν
1501 767 1807 841 διήκοντος,

193 851 379 911 αὐτῶν
429 877 488 910 τε
540 855 654 909 τῶν
702 850 940 927 πρώτων
997 854 1091 910 καὶ
1139 856 1251 911 τῶν
1303 859 1499 911 αι’τίων
1557 855 1648 911 καὶ
1696 857 1809 910 τῶν

190 936 406 1010 ἄλλων,
448 935 552 994 ὅσα
595 939 654 993 ἐκ
694 935 908 994 τούτων
946 943 1186 1010 γίνεται,
1229 935 1264 994 ἃ
1307 936 1375 1010 δὴ
1416 940 1544 1011 περὶ
1584 936 1807 1012 φύσεως

128 1045 170 1077 10
194 1027 444 1094 ἱστορίαν
473 1017 502 1079 ὃ
534 1019 775 1080 Πλάτων
807 1019 1117 1095 ὠνόμακεν·
1169 1028 1247 1090 εἰς
1280 1023 1340 1079 δὲ
1370 1022 1472 1096 τὴν
1511 1025 1642 1097 περὶ
1679 1021 1806 1080 τού-

193 1131 307 1165 των
337 1106 666 1180 ἀμφοτέρων
699 1105 980 1180 διάκρισίν
1009 1131 1068 1165 τε
1098 1110 1191 1164 καὶ
1224 1104 1449 1180 εὕρεσιν
1477 1111 1578 1165 τοῦ
1618 1113 1807 1182 τρίτου

192 1193 793 1265 παραλαμβανομένου·
869 1188 954 1248 ὅτι
1004 1191 1108 1264 μὲν
1159 1191 1400 1250 Πλάτων
1450 1196 1664 1266 πρῶτος
1715 1194 1806 1248 καὶ

193 1274 428 1349 μάλιστα
459 1281 794 1350 συναγείρας
827 1281 903 1341 εἰς
936 1280 999 1332 ἓν
1029 1274 1209 1333 πάντα
1238 1274 1303 1334 τὰ
1336 1280 1432 1350 τῆς
1473 1283 1806 1350 φιλοσοφίας

190 1363 359 1433 μέρη,
399 1362 533 1426 τέως
574 1362 951 1433 ἐσκεδασμένοι
992 1362 1085 1417 καὶ
1131 1363 1492 1435 διερριμμένα
1523 1360 1710 1434 ὥσπερ
1740 1360 1806 1416 τὰ

127 1466 168 1498 15
191 1448 291 1502 τοῦ
319 1445 589 1510 Πενθέως
629 1446 794 1517 μέλη,
839 1442 1095 1517 καθάπερ
1138 1444 1260 1502 εἶπέ
1295 1469 1403 1517 τις,
1446 1444 1603 1518 σῶμά
1634 1469 1685 1502 τι
1715 1447 1808 1502 καὶ

191 1532 331 1606 ζῷον
353 1525 658 1602 ὁλόκληρον
680 1526 934 1602 ἀπέφηνε
955 1528 1058 1601 τὴν
1081 1535 1441 1602 φιλοσοφίαν,
1476 1533 1616 1601 δῆλα
1640 1530 1805 1587 παντὶ
1828 1546 1849 1579 d

191 1611 476 1686 λεγόμενα.
568 1618 616 1669 3.
662 1611 790 1671 οὔτε
827 1611 933 1686 γάρ
972 1617 1030 1670 οἶ
1063 1616 1194 1687 περὶ
1234 1617 1426 1686 Θαλῆν
1465 1616 1558 1671 καὶ
1591 1612 1808 1682 Ἀναξι-

189 1699 365 1771 μένην
404 1700 497 1754 καὶ
524 1695 926 1771 Ἀναξαγόραν,
970 1699 1063 1755 καὶ
1103 1697 1223 1755 ὅσοι
1261 1698 1400 1755 κατὰ
1438 1695 1605 1756 ταυτὸ
1644 1696 1807 1771 γεγό-

191 1801 320 1839 νασι
359 1780 601 1854 τούτοις,
643 1778 979 1854 ἀγνοοῦνται
1020 1784 1147 1856 περὶ
1189 1781 1367 1856 μόνην
1403 1782 1506 1855 τὴν
1535 1783 1679 1857 υπερ
1709 1806 1807 1854 της

125 1889 167 1922 20
190 1865 412 1940 φύσεως
459 1891 572 1924 των
609 1864 802 1924 ὅντων
844 1869 1042 1935 σκέψιν
1090 1873 1502 1941 διατρίψαντες
1579 1891 1645 1924 ου
1694 1865 1807 1940 μὴν

190 1948 324 2009 οὐδε
355 1951 627 2017 Πιττακὸς
668 1953 761 2008 καὶ
799 1957 1152 2026 Περίανδρος
1195 1954 1286 2008 καὶ
1321 1950 1523 2010 Σόλων
1564 1953 1657 2008 καὶ
1687 1961 1806 2009 Λυ-

190 2038 424 2109 κοῦργος
483 2039 576 2093 καὶ
630 2041 689 2093 οἱ
749 2035 1126 2108 παραπλήσιοι
1190 2035 1404 2103 τούτοις
1456 2034 1812 2094 λανθάνουσί

188 2143 343 2186 τινας
385 2119 487 2192 τὴν
517 2119 704 2178 αὑτῶν
734 2126 1076 2193 φιλοσοφίαν
1107 2127 1184 2186 εἰς
1215 2126 1499 2177 πολιτείαν
1529 2121 1805 2177 καταθέν-

188 2228 290 2271 τες.
354 2202 554 2277 Ζήνων
595 2205 657 2261 δὲ
707 2206 800 2261 καὶ
841 2209 954 2260 πᾶν
991 2202 1051 2260 τὸ
1089 2201 1399 2261 Ἐλεατικὸν
1438 2206 1601 2260 τοῦτο
1643 2207 1805 2260 διδαᾳ

125 2309 167 2341 25
189 2295 449 2346 σκαλεῖον
497 2290 588 2344 καὶ
630 2285 764 2344 αὗτό
803 2285 1084 2360 γνώριμον
1126 2289 1215 2344 ἐπὶ
1253 2291 1320 2362 τῇ
1360 2290 1524 2362 τέχνῃ
1566 2290 1682 2344 τῶν
1712 2285 1806 2344 λό-

192 2395 309 2443 γων
340 2369 575 2443 μάλιστα
606 2370 950 2429 σπουδάσαν.
997 2376 1045 2428 4.
1081 2370 1293 2439 τούτοις
1327 2372 1388 2429 δὲ
1419 2370 1806 2445 ἐπιγενόμενος

193 2454 459 2526 Πλάτων,
500 2453 642 2528 ἀνὴρ
685 2457 744 2512 ἐκ
783 2453 1006 2528 φύσεως
1043 2454 1328 2529 ἀρτιτελὴς
1377 2459 1468 2513 καὶ
1510 2457 1654 2513 πολὺ
1696 2460 1804 2512 διε·
1825 2473 1914 2513 (510)

189 2538 432 2611 νεγκών,
475 2536 565 2596 οἷα
595 2538 976 2613 κατάπεμπτος
1017 2538 1090 2606 ὡς
1130 2537 1356 2614 ἀληθῶς
1399 2543 1458 2598 ἐκ
1497 2543 1681 2612 θεῶν,
1724 2537 1798 2596 ἵν’

188 2621 486 2696 ὁλόκληρος
524 2621 680 2698 ὀφθῇ
723 2620 756 2695 ἡ
799 2621 875 2681 δι’
910 2621 1085 2681 αὐτοῦ
1122 2631 1454 2698 φιλοσοφία,
1495 2627 1711 2699 παρῆκέ
1745 2646 1804 2680 τε

126 2728 168 2761 30
191 2704 360 2775 οὐδὲν
399 2709 490 2764 καὶ
531 2711 732 2765 ἕκαστα
762 2705 1068 2783 ἠκρίβωσε,
1111 2707 1246 2781 μήτε
1279 2712 1548 2766 ἐλλείπων
1577 2707 1713 2783 πρὸς
1742 2706 1804 2764 τὸ

190 2788 494 2863 ἀναγκαῖον
523 2791 657 2865 μήτε
687 2791 823 2866 πρὸς
853 2791 912 2849 τὸ
943 2789 1217 2865 ἄχρηστον
1241 2796 1564 2866 ἐξενεχθείς.
1614 2796 1662 2849 5.
1684 2793 1804 2849 ἐπεὶ

189 2880 383 2932 τοίνυν
413 2874 639 2934 πάντων
678 2883 891 2949 ἔφαμεν
932 2889 1179 2949 μετεῖναι
1218 2883 1295 2954 τῷ
1327 2878 1672 2952 Πλατωνικῷ
1711 2876 1801 2931 καὶ

1436 2971 1505 3020 1*
