2014 3146
601 130 816 174 PRAEP
840 130 1064 173 EVANG.
1089 131 1211 171 XIV.
1244 132 1309 173 14
1648 127 1751 179 291

140 265 262 304 στιν
295 246 356 303 δὲ
387 248 478 302 καὶ
509 244 805 319 κρούνωμα
837 244 1107 320 βρότειον,
1140 247 1314 302 οιονεὶ
1336 243 1395 302 τὸ
1420 247 1637 319 σπέρμα
1661 247 1752 301 καὶ

140 329 200 388 τὸ
229 329 438 404 ὕδωρ.’

271 420 316 472 7.
373 413 623 487 Τοσαύτη
665 439 766 488 μεν
804 410 837 486 ἡ
877 418 990 472 τῶν
1029 413 1266 488 πρώτων
1307 417 1564 487 φυσικῶν
1598 421 1753 486 φιλο-

140 498 334 571 σόφων
366 504 673 573 διαφωνία,
718 498 944 572 τοιαύτη
989 501 1048 556 δὲ
1089 497 1277 555 αὐτῶν
1316 501 1407 555 καὶ
1437 497 1470 572 ἡ
1503 502 1628 573 περὶ
1660 497 1754 572 ἀρ-

95 607 116 640 5
139 588 254 659 χῶν
290 582 440 656 δόξα,
471 580 539 640 οὐ
569 582 725 656 θεὸν,
758 579 824 640 οῦ
857 581 1108 656 ποιητὴν,
1140 579 1207 640 ού
1234 581 1591 655 δημιουργὸν,
1623 580 1761 639 Οῦδέ

138 693 190 726 τι
219 672 332 726 τῶν
363 667 512 726 ὅλων
543 677 739 740 αἴτιον,
772 665 906 725 οὐδὲ
927 667 1036 741 μὴν
1057 665 1245 739 θεοὺς,
1278 666 1401 724 οὐδ’
1429 665 1754 741 ἀσωμάτους

140 752 425 826 δυνάμεις,
457 751 524 810 οὐ
556 775 752 827 νοερας
783 751 1001 825 φύσεις,
1032 749 1098 809 ού
1121 749 1341 823 λογικάς
1372 749 1587 823 οὐσίας,
1621 749 1751 808 οὐδ’

87 862 91 865 ·
137 835 277 905 ὅλως
307 861 360 894 τι
389 861 501 894 των
534 834 684 902 ἐκτὸς
717 834 1040 908 αἰσθήσεων
1073 839 1133 892 ἐν
1163 850 1281 901 ταῖς
1312 832 1504 910 άρχαῖς
1535 832 1752 893 ὑποθε-

136 925 334 995 μένων.
408 926 453 978 8:
487 919 653 994 μόνος
687 922 737 976 δ’
785 922 888 978 οὐν
918 926 1131 994 πρῶτος
1158 918 1439 991 Ελλήνων
1461 918 1754 992 Ἀναξαγό-
1780 934 1802 965 b

72 1030 113 1061 10
138 1030 237 1080 ρας
267 1003 671 1080 μνημονεύεται
703 1009 763 1062 ἐν
791 1018 906 1071 τοῖς
930 1003 1107 1079 περὶ’
1080 1008 1267 1078 αρχῶν
1291 1003 1473 1077 λόγοις
1496 1009 1636 1062 νοῦν
1658 1004 1754 1062 τὸν

137 1088 364 1148 πάντων
393 1099 571 1147 αἴτιον
602 1087 1020 1164 ἀποφήνασθαι.
1082 1092 1220 1162 φασὶ
1250 1095 1390 1162 γοῦν
1421 1114 1494 1155 ως
1524 1088 1631 1163 άρα
1662 1082 1754 1146 οῦ-

136 1199 226 1242 τος
255 1174 492 1248 μάλιστα
523 1197 671 1247 παρα
710 1174 837 1241 τοῦς
876 1172 982 1248 πρὸ
1025 1172 1196 1231 αὐτοῦ
1239 1172 1523 1247 ἐθαύμασε
1553 1193 1754 1246 φυσιο-

137 1265 357 1332 λογίαν·
403 1257 711 1332 μηλόβοτόν
749 1284 813 1332 γε
843 1283 926 1316 τοι
956 1257 1057 1330 τὴν
1090 1261 1289 1316 ἑαυτοῦ
1320 1257 1508 1331 χώραν
1539 1258 1613 1316 δι’
1652 1256 1755 1316 αῦ-

134 1343 235 1424 την
267 1354 448 1416 εἰάσε,
479 1343 576 1402 τόν
605 1367 663 1401 τε
686 1347 813 1418 περὶ
838 1342 1023 1417 ἀρχῶν
1047 1341 1214 1414 λόγον
1237 1347 1450 1418 πρῶτος
1474 1339 1754 1415 Ἑλλήνων

72 1451 113 1484 15
138 1427 508 1503 διήρθρωσεν.
586 1425 651 1485 οῦ
682 1427 787 1502 γάρ
819 1427 991 1500 μόνον
1021 1430 1147 1502 περὶ
1178 1431 1273 1500 τῆς
1304 1426 1529 1485 πάντων
1558 1426 1752 1494 οὐσίας

134 1510 484 1586 ἀπεφήνατο,
534 1511 607 1579 ὥς
654 1517 710 1569 οἰ
758 1512 863 1586 πρὸ
906 1509 1108 1584 αὐτοῦ,
1163 1509 1302 1569 άλλὰ
1351 1514 1442 1569 καὶ
1484 1514 1612 1584 περὶ
1651 1518 1750 1569 τοῦ

136 1604 426 1665 κινοῦντος
471 1595 648 1669 αὐτὴν
689 1603 884 1655 αἰτίου.
937 1589 1058 1670 ,“ἦν
1098 1595 1202 1671 γάρ
1248 1600 1308 1654 ἐν
1348 1593 1488 1671 άρχῇ
1522 1596 1746 1671 (φησὶν)

132 1681 273 1754 ομοῦ
311 1682 377 1739 τὰ
427 1680 720 1755 πράγματα
772 1684 1128 1756 πεφυρμένα,
1195 1685 1330 1747 νοῦς
1374 1682 1435 1738 δὲ
1478 1679 1751 1738 εἰσελθών

134 1763 275 1824 αὐτα
307 1771 366 1824 ἐκ
395 1771 490 1839 τῆς
521 1765 742 1834 ἀταξίας
775 1772 851 1832 εἰς
881 1763 1088 1834 τάξιν
1067 1764 1252 1838 η’γαγε.
1263 1762 1295 1784 ”
1370 1764 1660 1839 θαυμάσαι
1694 1762 1748 1822 δ’
1769 1779 1865 1824 [438]

70 1873 111 1905 20
136 1857 285 1908 ε’στιν
328 1875 400 1917 ως
440 1851 597 1918 οὗτος
637 1873 850 1926 πρωτος
889 1847 1022 1925 παρ’
1051 1847 1276 1923 Ἐλλησι
1316 1854 1514 1908 τοῦτον
1552 1859 1798 1908 &sono-e

134 1935 306 2008 γήσας
337 1934 433 1993 τὸν
463 1935 696 2008 τρόπον,
741 1934 900 2004 δόξας
923 1934 1244 2008 Ἀθηναίοις
1275 1934 1443 2002 άθεος
1475 1934 1635 2007 εἶναι,
1668 1934 1751 1992 ὅτι

134 2045 208 2093 μη
238 2019 336 2078 τὸν
360 2018 518 2093 ἥλιον
545 2018 844 2092 ἐθεολόγει,
868 2019 966 2077 τὸν
993 2021 1054 2076 δε
1076 2016 1242 2092 ἡλίου
1265 2017 1516 2093 ποιητὴν,
1551 2024 1749 2092 μικροῦ

138 2109 258 2161 δεῖν
289 2107 687 2170 καταλευσθεὶς
718 2104 904 2162 ἔθανε.
969 2109 1050 2161 10.
1084 2107 1300 2176 λέγεται
1326 2104 1388 2161 δὲ
1418 2105 1558 2177 μηδὲ
1589 2095 1749 2170 οὗτος

135 2191 282 2246 σῶον
321 2187 562 2261 φυλάξαι
604 2186 664 2244 τό
707 2186 898 2261 δόγμα.
996 2190 1284 2260 ἐπιστῆσαι
1324 2188 1426 2260 μὲν
1465 2187 1570 2259 γὰρ
1611 2191 1749 2244 νοῦν

71 2293 114 2327 25
133 2286 247 2339 τοῖς
278 2276 440 2344 πᾶσι,
473 2268 658 2329 οὐκέτι
677 2273 738 2328 δὲ
769 2271 906 2329 κατὰ
922 2275 1062 2329 νοῦν
1085 2274 1177 2328 καὶ
1195 2269 1458 2345 λογισμὸν
1488 2272 1589 2344 τὴν
1620 2274 1750 2346 περὶ

133 2361 248 2414 τῶν
290 2355 469 2414 ὄντων
508 2353 817 2414 ἀποδοῦναι
866 2362 1248 2428 φυσιολογίαν.
1334 2355 1643 2413 ἐπάκουσον
1686 2354 1742 2411 δ’

135 2435 239 2498 οῦν
279 2438 369 2498 οἷα
410 2440 438 2498 ὁ
471 2439 773 2513 Σωκράτης
815 2443 876 2498 ἐν
921 2444 996 2517 τῷ
1036 2439 1338 2507 Πλάτωνος
1378 2442 1520 2514 Περὶ
1566 2445 1746 2514 ψυχῆς

136 2529 373 2582 αι’τιᾶται
402 2523 498 2582 τὸν
528 2522 708 2594 ἄνδρα
741 2527 800 2581 ἐν
829 2523 1043 2592 τούτοις

261 2621 358 2670 XV.
399 2605 591 2666 “'AM'
635 2607 876 2676 ἀκούσας
915 2611 1018 2682 μέν
1058 2631 1188 2666 ποτε
1235 2613 1294 2666 ἐκ
1324 2615 1546 2681 βιβλίου
1576 2608 1743 2680 τινὸς,
1770 2626 1792 2659 d

71 2714 112 2747 30
136 2689 209 2760 ὡς
240 2700 375 2767 ἔφη,
408 2691 779 2766 Ἀναξαγόρου
820 2691 1325 2767 ἀναγινώσκοντος,
1369 2695 1459 2750 καὶ
1490 2695 1744 2766 λε’γοντος

250 2890 304 2930 29
330 2882 442 2929 Ἀλλ’
470 2879 676 2934 ἀκούσας
701 2884 772 2940 -]
806 2886 940 2928 Plato
961 2887 1195 2928 Phaedon.
1218 2900 1261 2940 p.
1285 2889 1353 2929 97.

1335 2954 1440 3006 19*
