2014 3146
551 121 766 163 PRAEP.
799 121 1022 163 EVANG.
1054 121 1157 163 ΧΠ.
1191 122 1258 162 28.
1285 123 1354 165 29.
1662 122 1761 174 115

280 235 486 310 Τρόποι
527 237 589 294 δὲ
633 239 726 294 καὶ
769 234 883 310 ἤθη
925 238 1015 293 καὶ
1058 235 1353 310 βουλήσεις
1384 239 1476 294 καὶ
1507 241 1760 312 λογισμοὶ

146 324 237 380 καὶ
273 321 424 390 δόξαι
455 320 686 395 ἀληθεῖς
719 324 1026 395 ἐπιμέλειαί
1057 345 1116 378 τε
1155 324 1249 379 καὶ
1278 326 1488 396 μνῆμαι
1519 322 1759 398 πρότερα

146 406 354 481 μήκους
386 405 657 480 σωμάτων
688 409 780 463 καὶ
810 405 1050 473 πλάτους
1080 409 1172 463 καὶ
1203 405 1419 480 βάθους
1451 409 1540 464 καὶ
1573 407 1759 482 ῥῶμης

147 500 233 565 εἰή
263 490 530 564 γεγονότα
560 487 648 564 ἂν,
684 500 838 566 εἴπερ
870 493 961 548 καὶ
993 490 1141 564 ψυχὴ
1174 490 1437 565 σώματος.

100 599 120 632 5
268 573 518 649 Ἀνάγκη.

272 666 321 718 2.
362 652 478 731 Ἆρ’
512 653 615 717 οὖν
643 658 703 716 τὸ
733 657 868 732 μετα
906 663 1070 717 τοῦτο
1111 655 1401 732 ὁμολογεῖν
1432 659 1757 734 ἀναγκαῖον,
1779 685 1871 727 (602)

143 751 256 803 τῶν
297 768 356 802 τε
397 741 633 817 ἆγαθῶν
672 750 858 801 αἰτίαν
898 743 1043 801 εἶναι
1084 742 1269 818 ψυχὴν
1309 747 1401 802 καὶ
1430 748 1542 802 τῶν
1573 749 1760 804 κακῶν

145 833 238 887 καὶ
278 833 464 886 καλῶν
505 831 596 886 καὶ
635 831 881 902 αἰσχρῶν
922 834 1155 885 δικαίων
1192 852 1252 886 τε
1291 830 1382 885 καὶ
1422 827 1636 887 ἀδίκων
1666 833 1758 887 καὶ

144 912 369 971 πάντων
399 917 511 970 τῶν
543 916 842 985 ἐναντίων,
886 921 1041 987 εἴπερ
1080 914 1192 971 τῶν
1232 911 1459 971 πάντων
1488 938 1551 987 γε
1582 911 1758 988 αὐτὴν

81 1023 121 1055 10
143 997 395 1071 θήσομεν
426 996 672 1067 αἰτίαν;”
1137 1062 1140 1063 ⁷

270 1084 382 1140 Καὶ
412 1086 583 1140 ταῦτα
616 1083 676 1139 δὲ
706 1077 811 1139 dud
842 1084 943 1139 τοῦ
973 1079 1207 1140 δεκάτου
1237 1085 1350 1140 τῶν
1381 1080 1592 1156 Νόμων
1622 1106 1759 1158 προ-

144 1174 369 1225 κείσθω.
446 1165 680 1242 συνᾴδει
722 1167 784 1224 δὲ
824 1163 1012 1233 αὐτοῖς
1053 1165 1082 1224 ὃ
1125 1171 1340 1240 Μωσῆς
1379 1166 1644 1236 πολλάκις
1698 1172 1758 1226 ἐν

144 1265 257 1318 τοῖς
286 1251 474 1326 νόμοις
507 1249 679 1309 εἰπῶν
701 1249 732 1270 “
750 1253 842 1308 καὶ
874 1251 972 1308 ἐὰν
1003 1249 1151 1324 ψυχὴ
1182 1247 1397 1325 ἁμάρτῃ
1428 1254 1521 1309 καὶ
1553 1252 1756 1328 ποιήσῃ

143 1340 508 1410 πλημμέλημα
525 1333 575 1361 ·”
633 1338 725 1392 καὶ
748 1332 850 1394 ὅσα
874 1335 1086 1403 τούτοις
1112 1339 1360 1410 ἐμφερῶς
1386 1346 1597 1411 εἴρηται
1620 1336 1751 1411 παρ’

78 1443 119 1476 15
142 1418 307 1498 αὐτῷ.

269 1517 438 1566 ΧΧΙΧ.
521 1509 630 1578 Τῆς
689 1501 823 1578 παρ’
879 1499 1148 1577 Ἑβραίοις
1206 1509 1422 1578 γραφῆς
1475 1507 1602 1579 περὶ
1656 1512 1756 1564 τοῦ
1781 1530 1803 1563 b

144 1593 366 1664 σπουδῇ
415 1594 854 1663 φιλοσοφοῦντος
906 1588 1226 1662 φασκούσης
1273 1588 1539 1662 “οἰγαθὸν
1591 1588 1758 1665 ἀνδρὶ

141 1672 276 1731 ὅταν
315 1673 422 1749 ἄρῃ
466 1672 631 1747 ζυγὸν
672 1678 733 1731 ἐν
772 1672 988 1746 νεότητι
1030 1672 1229 1731 αὐτοῦ·
1278 1672 1583 1746 καθήσεται
1621 1674 1758 1732 κατὰ

141 1757 311 1832 μόνας
324 1773 343 1831 ,’
381 1761 474 1816 καὶ
514 1757 848 1831 σιωπήσεται
908 1756 992 1815 ὅτι
1035 1751 1172 1832 ἦρεν
1227 1757 1313 1831 ἐφ’
1361 1755 1604 1835 ἑαυτῷ·”
1665 1762 1758 1816 καὶ

79 1865 120 1897 20
145 1845 272 1918 περὶ
303 1847 415 1900 τῶν
444 1848 731 1917 θεοφιλῶν
761 1847 1088 1916 προφητῶν,
1130 1839 1203 1908 ῶς
1243 1841 1350 1917 ἄρα
1382 1841 1455 1900 δι’
1485 1841 1758 1917 ἀκρότητα

141 1935 474 2001 φιλοσοφίας
507 1931 565 1985 ἐν
597 1931 844 2003 ἐρημίαις
875 1930 967 1984 καὶ
1008 1925 1161 2001 ὄρεσι
1191 1930 1283 1984 καὶ
1314 1934 1602 2001 σπηλαίοις
1636 1932 1758 2002 διῆ-
1786 1962 1803 1983 e

141 2036 260 2085 γον,
292 2012 428 2087 πρὸς
457 2011 608 2089 μόνῳ
639 2015 715 2090 τῶ
748 2015 868 2088 θεῷ
896 2011 999 2084 τὴν
1031 2010 1284 2071 διάνοιαν
1314 2019 1560 2086 ἔχοντες,
1623 2011 1757 2069 ἐπά-

142 2114 348 2154 κουσον
397 2100 498 2154 τοῦ
536 2096 837 2163 Πλάτωνος
876 2095 1024 2162 ὅπως
1065 2099 1158 2153 καὶ
1201 2095 1364 2163 αὐτὸς
1403 2096 1501 2153 τὸν
1539 2095 1756 2153 τοιόνδε

141 2187 239 2238 τοῦ
270 2187 399 2254 βίου
428 2179 635 2253 τρόπον
666 2179 961 2252 ἐκθειάζει,
1005 2172 1118 2236 ῶδέ
1152 2202 1227 2252 πη
1268 2183 1395 2253 περὶ
1435 2181 1535 2236 τοῦ
1573 2177 1754 2254 ἄκρως

78 2289 120 2321 25
144 2268 584 2338 φιλοσοφοῦντος
617 2263 837 2332 διεξιών

270 2353 319 2405 2.
360 2344 672 2421 “Λε’γωμεν
715 2347 803 2421 δὴ,
846 2346 918 2414 ῶς
959 2352 1165 2420 ἔοικεν,
1209 2349 1327 2405 ἐπεὶ
1367 2353 1458 2404 σοί
1485 2371 1550 2421 γε
1583 2354 1753 2422 δοκεῖ,

144 2435 271 2506 περὶ
301 2435 413 2489 τῶν
443 2438 794 2507 κορυφαίων·
840 2438 899 2489 τί
923 2430 1027 2505 γὰρ
1067 2430 1138 2489 ἄν
1167 2457 1247 2500 τις
1278 2431 1404 2499 τούς
1434 2455 1498 2504 γε
1528 2431 1755 2506 φαύλως

145 2521 528 2591 διατρίβοντας
571 2519 631 2574 ἐν
670 2522 972 2591 φιλοσοφίᾳ
1013 2518 1189 2589 λέγοις
1236 2509 1386 2575 οὗτοι
1430 2518 1496 2574 δέ
1532 2539 1641 2574 που
1695 2520 1755 2574 ἐκ

144 2604 288 2659 νέων
329 2605 549 2675 πρῶτον
601 2602 705 2675 μὲν
751 2607 827 2668 εἰς
870 2597 1080 2674 ἄγοροὲν
1121 2600 1223 2658 οὐκ
1266 2611 1415 2660 ἴσασι
1454 2600 1556 2674 τὴν
1599 2597 1753 2673 ὁδὸν,

82 2709 122 2742 30
145 2682 279 2742 οὐδὲ
309 2683 450 2744 ὅπου
484 2684 857 2761 δικαστήριον,
897 2680 930 2758 ἢ
971 2685 1388 2761 βουλευτήριον,
1421 2683 1456 2758 ἥ
1484 2710 1535 2742 τι
1565 2683 1754 2743 κοινὸν

258 2881 312 2919 ‘26
343 2876 565 2933 Λέγωμεν
596 2878 670 2933 -]
705 2879 840 2921 Plato
872 2877 1063 2923 Theaet.
1097 2894 1140 2932 p.
1165 2882 1259 2920 173.

1421 2946 1496 2998 8*
