2014 3146
257 139 325 192 32
932 140 1180 182 EUSEBH

259 253 523 327 συνήθως
557 257 645 311 ἐπὶ
674 258 786 311 τῶν
819 252 920 310 δύο
951 252 1053 325 τὴν
1081 250 1277 326 ὁμοίαν
1307 259 1419 312 τῶν
1448 252 1569 327 παρ’
1588 252 1860 328 Ἑβραίοις

258 337 620 413 χαρακτήρων
652 335 944 409 ἐποιήσατο
975 336 1318 411 παράθεσιν·
1382 337 1521 412 αὕτη
1555 341 1617 395 δέ
1648 342 1796 395 ἐστιν
1826 336 1860 410 ἡ

212 448 235 480 b
262 423 353 480 διὰ
381 429 493 480 τῶν
522 419 806 494 τεσσάρων
844 426 1130 494 στοιχείων
1168 418 1555 495 ἀνεκφεόνητος
1593 417 1862 495 παρ’-αὐ-

258 520 370 573 τοῖς
401 512 678 578 θεολογία.
728 509 775 561 3.
808 503 984 582 τούτῳ
1018 505 1079 561 δὲ
1109 507 1201 562 καὶ
1229 503 1258 562 ὁ
1293 507 1500 578 Δαβὶδ,
1532 503 1694 571 ἄλλος
1724 528 1863 579 προ-

258 589 432 662 φήτης
471 585 610 662 ὁμοῦ
649 590 740 646 καὶ
773 587 1034 662 βασιλεὺς
1057 587 1356 662 Ἑβραίων,
1396 588 1660 664 συνᾴδων
1689 590 1863 661 φησὶν
1884 620 1905 654 5

249 670 447 732 “εἷπεν
489 672 518 730 ὁ
560 672 747 747 κύριος
786 676 864 750 '⁶93
907 678 1083 750 κυρίῳ
1135 697 1269 746 μου,
1322 671 1505 730 κάθου
1556 676 1615 729 ἐκ
1666 675 1864 740 δεξιῶν

256 756 423 830 μου·”
461 756 558 814 τὸν
587 759 689 830 μὲν
719 754 978 815 ἀνωτάτω
1002 755 1141 815 θεὸν
1166 756 1256 814 δια
1278 760 1380 815 τοῦ
1401 755 1622 836 πρώτου
1645 762 1864 830 κυρίου,

148 861 238 904 [313]
256 841 353 899 τὸν
394 840 692 899 δὲ’τούτου
735 840 1002 916 δεύτερον
1033 841 1124 898 διὰ
1154 845 1249 914 τῆς
1282 843 1542 915 δευτέρας
1571 836 1865 913 ὑποφήνας

256 931 641 1028 προσηγορίας.
689 930 800 982 τίνι
830 925 935 999 γὰρ
966 924 1114 982 άλλω
1144 928 1305 998 θέμις
1335 924 1601 982 ὑπονοειν
1623 949 1689 981 τα
1714 920 1864 991 δεξια

254 1015 349 1082 τῆς
389 1008 696 1083 αγεννήτου
734 1009 996 1082 θεότητος
1036 1019 1492 1084 παραχωρεῖσθαι
1531 1005 1565 1081 ἢ
1604 1006 1757 1085 μόνω
1787 1010 1862 1084 τῷ
1888 1038 1927 1070 ιο

255 1096 381 1167 περὶ
412 1094 476 1151 οὐ
507 1089 536 1150 ὁ
567 1092 755 1166 λόγοςς
815 1098 864 1150 4.
899 1118 965 1150 ον
994 1118 1022 1150 ο
1056 1092 1221 1161 αὐτὸς
1253 1091 1537 1168 προφήτης
1569 1096 1630 1150 ἐν
1661 1094 1863 1164 ἑτέροις

210 1210 227 1232 e
257 1175 583 1251 λευκότερον
614 1183 881 1250 διασαφεῖ
918 1177 1084 1250 λόγον
1120 1181 1220 1236 τοῦ
1249 1177 1481 1250 πατρὸς,
1524 1175 1864 1250 δημιουργὸν

253 1266 365 1318 τῶν
394 1260 540 1319 ὅλων
568 1260 942 1334 ὑφιστάμενος
974 1261 1117 1319 εἶναι
1154 1260 1251 1319 τὸν
1288 1259 1760 1334 θεολογούμενον,
1805 1262 1864 1317 ἐν

255 1341 337 1411 οἷς
388 1364 526 1417 φησι
570 1341 682 1422 “τς5
733 1344 878 1422 λόγῳ
919 1352 1117 1419 κυρίου
1157 1352 1214 1403 οἷ
1249 1344 1479 1420 οὐρανοὶ
1521 1342 1864 1418 ἐστερεώθη-

257 1426 414 1487 σαν.”
503 1433 550 1486 5.
593 1431 686 1486 καὶ
727 1433 948 1503 σωτῆρα
988 1431 1048 1487 δὲ
1086 1428 1182 1488 τὸν
1222 1429 1392 1487 αὐτὸν
1431 1434 1543 1486 τῶν
1583 1430 1862 1502 δεομένων
1885 1455 1926 1488 15

254 1516 349 1585 τῆς
401 1510 534 1587 παρ’
591 1510 762 1570 αὐτοῦ
815 1520 1121 1588 θεραπείας
1174 1512 1410 1587 εἰσάγει,
1468 1515 1646 1586 λέγων
1687 1508 1862 1570 “άπε’-

254 1604 433 1654 στειλε
462 1595 559 1653 τὸν
589 1595 755 1669 λόγον
786 1594 975 1670 αὐτοῦ,
1007 1600 1100 1654 καὶ
1134 1597 1324 1656 ἰάσατο
1355 1593 1609 1664 αὖτούς.”
1687 1602 1735 1654 6.
1768 1598 1862 1654 καὶ

254 1676 283 1736 ὁ
312 1679 512 1738 τούτου
545 1681 607 1737 δὲ
637 1695 765 1748 παῖς
795 1677 934 1754 ὁμοῦ
965 1683 1056 1739 καὶ
1091 1681 1344 1756 διάδοχος
1370 1684 1662 1755 Σολομῶν,
1694 1683 1860 1758 ἑτέρῳ

253 1762 597 1839 προσρήματι
626 1764 729 1837 τὴν
753 1763 928 1838 αὐτὴν
950 1764 1216 1841 παριστὰς
1242 1765 1513 1839 διάνοιαν,
1546 1762 1670 1823 ἀντὶ
1693 1763 1860 1837 λόγου

254 1853 459 1920 σοφίαν
491 1847 681 1920 εἰπών,
713 1848 847 1906 τάδε
879 1848 951 1916 ὡς
985 1853 1036 1918 ἐξ
1062 1849 1231 1923 αὐτῆς
1265 1849 1564 1926 προσώπου
1599 1851 1859 1917 διέξεισιν
1881 1877 1923 1910 20

257 1937 301 1988 7.
333 1930 484 2004 “s'ycb
522 1931 556 2004 ἡ
596 1939 766 2005 σοφία
806 1933 1198 2007 κατεσκήνωσα
1237 1935 1475 2007 βουλὴν,
1517 1935 1608 1990 καὶ
1649 1938 1860 2005 γνῶσιν

203 2039 225 2070 d
252 2018 344 2072 καὶ
385 2023 607 2077 ἔννοιαν
646 2018 753 2089 ἐγω
786 2015 1256 2091 ἐπεκαλεσάμην.”
1313 2017 1422 2076 εἷθ’
1460 2021 1580 2090 ἑξῆς
1623 2019 1859 2089 ἐπιλέγει

243 2096 469 2173 “κύριος
500 2103 680 2157 ἔκτισέ
704 2124 772 2174 με
801 2099 977 2175 ἀρχὴν
1007 2098 1156 2159 ὁδῶν
1186 2099 1361 2159 αὐτοῦ
1392 2108 1468 2167 εἰς
1500 2108 1633 2175 ἔργα
1658 2103 1856 2158 αὐτοῦ·

251 2183 356 2256 πρὸ
387 2187 485 2242 τοῦ
517 2188 717 2252 αἰῶνος
751 2188 1091 2259 ἐθεμελίωσέ
1116 2209 1204 2259 με,
1239 2189 1300 2243 ἐν
1329 2182 1468 2260 άρχῇ
1500 2185 1604 2260 πρὸ
1635 2187 1734 2243 τοῦ
1755 2183 1858 2258 τὴν

251 2271 358 2339 γῆν
409 2272 659 2340 ποιῆσαι,
719 2268 824 2344 πρὸ
876 2274 973 2328 τοῦ
1025 2268 1126 2344 ὅρη
1181 2273 1553 2344 ἑδρασθῆναι·
1635 2268 1740 2343 πρὸ
1794 2269 1856 2326 δὲ
1879 2291 1919 2323 25
1991 2266 1994 2269 “

252 2348 477 2407 πάντων
515 2355 738 2422 βουνῶν
776 2357 949 2429 γεννᾷ
987 2379 1069 2427 με.
1130 2351 1295 2426 ἡνίκα
1333 2350 1585 2427 ἡτοίμαζε
1625 2351 1720 2419 τὸν
1761 2350 1860 2410 οὖ-

253 2432 444 2506 ρανὸν,
477 2435 851 2508 συμπαρήμην
881 2435 1094 2513 αὐτῷ.”,
1164 2443 1211 2495 8.
1254 2441 1355 2496 τοῦ
1395 2437 1444 2495 δ’
1482 2436 1654 2495 αὐτοῦ
1690 2435 1859 2495 πάλιν

252 2519 344 2573 καὶ
385 2516 517 2574 τάδε
559 2521 708 2575 ἐστὶν
740 2515 805 2575 “ὁ
835 2518 970 2585 θεὸς
1003 2523 1062 2577 ἐν
1091 2525 1156 2594 τῇ
1188 2527 1359 2596 σοφία
1391 2525 1727 2594 ἐθεμελίωσε
1755 2520 1857 2593 τῆν

252 2604 386 2673 γῆν,
432 2599 730 2674 ἡτοίμασεν
771 2603 832 2659 δὲ
873 2602 1144 2678 οὐρανοὺς
1186 2607 1246 2661 ἐν
1288 2600 1611 2678 φρονήσει.”
1673 2610 1751 2660 ἔτι
1795 2603 1856 2659 δὲ

253 2687 344 2740 καὶ
394 2683 526 2741 τάδε
578 2688 792 2758 λέγεται
845 2687 988 2744 εἶναι
1038 2690 1138 2744 τοῦ
1188 2684 1358 2744 αὐτοῦ
1406 2683 1532 2744 “uod
1586 2685 1688 2743 ὅσα
1742 2688 1918 2743 ἐστὶεο

252 2766 466 2840 κρυπτοὶ
507 2771 598 2826 καὶ
641 2773 857 2843 ἐμφανῆ
900 2778 1105 2844 ἔγνων·
1167 2770 1336 2844 ἡγὰρ
1367 2769 1593 2828 πάντων
1622 2784 1854 2844 τεχνῖτις

253 2854 475 2920 ἐδίδαξέ
523 2878 590 2926 με
642 2852 867 2928 σοφία.”
973 2861 1018 2912 9.
1074 2851 1175 2912 εἶτ’
1221 2855 1455 2927 ἐπιλέγει
1497 2851 1592 2912 “vl
1639 2851 1694 2910 δ’
1739 2855 1854 2912 ἐστὶ
