2014 3146
281 138 380 189 166
964 134 1212 177 EUSEBH

278 262 388 324 ζειν
416 253 475 310 τὸ
507 256 712 327 ῥᾳδίως
753 248 1008 324 ἀλλήλοις
1048 248 1487 324 ἀπεχθάνεσθαι.
1558 253 1767 309 πολλοῦ
1799 255 1890 310 δεῖ

275 341 701 411 γιγαντομαχίας
739 359 798 392 τε
836 337 1251 408 μυθολογητέον
1303 333 1489 402 αὐτοῖς
1538 337 1629 392 καὶ
1669 344 1886 393 ποικιλ-

274 424 399 479 τέον
430 423 520 478 καὶ
551 418 718 487 ἄλλας
751 425 953 495 ἔχθρας
984 418 1190 485 πολλὰς
1222 421 1312 475 καὶ
1342 417 1697 486 παντοδαπὰς
1727 424 1885 478 θεῶν

274 530 333 563 τε
364 507 455 562 καὶ
486 500 685 578 ἡρώων
716 503 851 578 πρὸς
882 517 1171 576 συγγενεῖς
1202 527 1261 560 τε
1287 505 1378 560 καὶ
1408 509 1646 571 οἰκείους
1678 502 1880 578 αὐτῶν,

274 588 393 646 ἀλλ’
432 599 487 647 εἴ
510 611 625 655 πως
654 590 947 662 μέλλοιμεν
977 594 1191 645 πείσειν
1223 584 1296 654 ὦς
1321 584 1506 655 οὐδεὶς
1536 587 1756 646 πώποτε
1787 611 1883 647 πο·
1906 612 1926 645 5

274 681 425 747 λίτης
458 677 638 747 ἕτερος
672 675 839 750 ἑτέρῳ
880 671 1160 746 ἀπήχθετο
1203 669 1328 729 οὐδ’
1365 674 1478 729 ἐστὶ
1510 678 1671 730 τοῦτο
1711 671 1883 748 ὅσιον,

272 762 499 817 τοιαῦτα
543 761 753 831 μαλλον
793 759 983 815 λεκτέα
1024 757 1159 831 πρὸς
1199 756 1265 814 τὰ
1306 762 1503 814 παιδία
1543 753 1742 831 εὐθὺς,
1791 760 1884 816 καὶ

274 846 498 945 γέρουσι
522 846 613 900 καὶ
635 844 840 916 γραυσὶ
869 844 960 899 καὶ
985 843 1378 916 πρεσβυτέροις
1401 845 1767 916 γιγνομένοις,
1792 844 1885 900 καὶ

228 947 249 980 b
272 927 403 995 τούς
436 950 665 1001 ποιητας
699 924 859 1000 ε’γγύς
889 926 1102 984 τούτων
1142 923 1521 999 αναγκαστέον
1550 934 1882 999 λογοποιεῖν,

273 1018 320 1070 6.
342 1011 518 1086 ρἨρας
550 1013 610 1070 δε
645 1012 883 1085 δεσμοὺς
913 1010 1022 1068 ὑπὸ
1053 1013 1200 1078 υἱέος
1242 1013 1334 1068 καὶ
1358 1009 1666 1084 Ηφαίστου
1701 1015 1881 1085 ῥίψεις
1906 1034 1946 1066 ιο

271 1093 380 1155 ὑπὸ
411 1096 641 1170 πατρὸς,
673 1099 966 1170 μέλλοντος
995 1099 1063 1170 τῇ
1091 1098 1254 1170 μητρὶ
1285 1093 1520 1168 ἀμύνειν
1548 1098 1882 1171 τυπτομένῃ,

274 1185 364 1239 καὶ
397 1187 698 1255 θεομαχίας
739 1178 871 1247 ὅσας
889 1179 1127 1254 Ὅμηρος
1169 1186 1499 1253 πεποίηκεν,
1541 1178 1607 1237 οὐ
1638 1186 1886 1255 παραδε-

274 1269 433 1324 κτέον
466 1273 542 1333 εἰς
572 1265 674 1338 τὴν
704 1263 895 1338 πόλιν,
936 1262 1061 1322 οὔτ’
1098 1268 1158 1322 ἐν
1187 1261 1478 1331 ὑπονοίαις
1511 1269 1884 1339 πεποιημένας

273 1349 401 1408 οὔτε
431 1349 576 1409 ἄνευ
598 1347 893 1408 ὑπονοιῶν.
968 1355 1013 1407 7.
1048 1347 1077 1406 ὁ
1108 1348 1213 1423 γὰρ
1244 1352 1368 1416 νέος
1398 1346 1500 1423 οὐχ
1530 1347 1644 1417 οἶός
1673 1374 1732 1408 τε
1762 1357 1884 1424 κρί-

273 1460 394 1494 νειν
438 1433 468 1493 ὅ
507 1460 558 1492 τι
597 1459 655 1493 τε
685 1433 925 1492 ὑπόνοια
964 1436 1057 1491 καὶ
1096 1432 1128 1491 ὅ
1167 1459 1219 1491 τι
1248 1431 1350 1507 μὴ,
1406 1430 1528 1491 ἀλλ’
1563 1430 1597 1491 ὁὶ
1627 1430 1698 1492 ἂν
1726 1443 1877 1508 τηλι-
1907 1454 1947 1487 15

273 1523 464 1588 κοῦτος
507 1517 585 1577 ὢν
625 1518 769 1593 λαβῃ
812 1523 871 1577 ἐν
909 1534 1028 1587 ταῖς
1060 1517 1271 1590 δόξαις,
1316 1517 1654 1576 δυσέκνιπτα
1691 1543 1750 1577 τε
1791 1523 1883 1578 καὶ

231 1604 614 1679 οοέμεταστατα
644 1612 799 1678 φιλεῖ
825 1610 1135 1676 γίγνεσθαι.
1197 1627 1276 1660 ων
1308 1602 1375 1676 δὴ
1409 1613 1539 1669 ἴσως
1564 1606 1724 1662 ἕνεκα
1755 1607 1880 1678 περὶ

273 1689 478 1755 παντὸς
509 1691 792 1762 ποιητέον,
833 1712 868 1744 α
898 1710 1087 1763 πρωτα
1127 1685 1459 1760 ακούουσιν,
1500 1686 1583 1745 ὅτι
1624 1686 1884 1747 καλλιστα

273 1776 773 1847 μεμυθολογημένα
805 1794 941 1846 προς
972 1796 1176 1846 αρετην
1207 1768 1446 1829 ακούειν.
1510 1777 1556 1828 8.
1581 1769 1726 1873 ’Έχει
1755 1771 1880 1847 γὰρ,

274 1863 409 1930 ἔφη,
444 1856 631 1929 λόγον·
684 1855 803 1913 ἀλλ’
852 1865 1020 1922 εἴτις
1051 1857 1122 1912 αὐ
1162 1857 1252 1912 καὶ
1283 1859 1456 1912 ταῦτα
1488 1855 1708 1933 ἐρωτῴη
1739 1856 1882 1931 ἡμας
1904 1879 1946 1910 20

273 1965 405 1999 αττα
439 1944 550 1998 ἐστὶ
591 1943 682 1997 καὶ
723 1947 868 2007 τίνες
908 1945 967 1997 οί
990 1944 1191 2013 μῦθοι,
1233 1946 1387 2008 τίνας
1418 1964 1489 1997 αν
1519 1954 1756 2014 φαῖμεν;
1789 1944 1919 1999 καὶ·

274 2025 380 2098 ἐγώ
414 2025 598 2098 εἶπον,
633 2017 676 2081 ὦ
702 2022 1049 2097 Ἀδείμαντε,
1093 2020 1199 2081 οὐκ
1233 2025 1394 2096 ἐσμὲν
1425 2027 1643 2096 ποιηταὶ
1687 2025 1793 2098 ἐγώ
1822 2051 1881 2084 τε

272 2109 465 2168 καὶσὺ
498 2113 557 2167 ἐν
587 2114 663 2184 τῷ
703 2107 967 2182 παρόντι,
1009 2106 1129 2165 ἀλλ’
1178 2110 1413 2165 οἰκισταὶ
1460 2107 1686 2175 πόλεως.
1741 2115 1882 2167 οἰκι-

272 2209 425 2262 σταῖς
458 2195 519 2252 δὲ
550 2194 676 2260 τοὺς
707 2195 808 2266 μὲν
836 2192 1043 2259 τύπους
1075 2191 1340 2267 προσήκει
1366 2195 1574 2251 εἰδέναι
1599 2197 1658 2250 ἐν
1681 2191 1762 2260 οἷς
1795 2199 1885 2251 δεῖ

272 2287 612 2352 μυθολογεῖν
642 2278 768 2344 τούς
799 2277 1051 2351 ποιητὰς,
1084 2274 1219 2351 παρ’
1251 2273 1348 2344 οὓς
1381 2275 1476 2335 ἐὰν
1510 2281 1744 2336 ποιῶσιν
1773 2275 1877 2336 οὐκ
1900 2298 1943 2330 ‘25

222 2381 241 2413 d
277 2365 656 2435 ἐπιτρεπτέον,
708 2361 775 2420 οὐ
827 2361 938 2435 μὴν
988 2359 1176 2430 αὐτοῖς
1225 2385 1289 2434 γε
1342 2363 1598 2434 ποιητέον
1644 2360 1879 2436 μύθους.

275 2452 322 2504 9.
349 2445 589 2518 Ὀρθῶς,
635 2453 768 2519 ἔφη·
815 2443 939 2503 ἀλλ’
982 2444 1115 2504 αὐτὸ
1156 2445 1224 2518 δὴ
1264 2450 1424 2503 τοῦτο
1471 2451 1525 2504 οἱ
1562 2445 1724 2504 τύποι
1754 2450 1880 2520 περὶ

273 2535 565 2602 θεολογίας
603 2536 749 2595 τίνες
787 2527 855 2587 ἂν
897 2531 1037 2601 εἶεν;
1092 2535 1308 2589 Τοιοίδε
1349 2529 1457 2588 πού
1495 2554 1669 2604 τινες,
1711 2523 1782 2602 ἦν
1821 2528 1877 2588 δ’

277 2614 401 2687 ἐγὼ,
434 2611 546 2680 οἷος
576 2612 834 2687 τυγχάνει
867 2611 945 2671 ὢν
974 2611 1002 2671 ὁ
1034 2612 1184 2686 θεὸς,
1216 2612 1302 2672 ἀεὶ
1323 2613 1393 2686 δή
1416 2637 1524 2672 που
1555 2611 1877 2686 ἀποδοτέον,

277 2697 373 2755 ἐάν
403 2700 466 2755 τέ
492 2722 572 2764 τις
605 2696 774 2756 αὐτὸν
807 2701 866 2756 ἐν
897 2703 1049 2755 ἔπεσι
1080 2704 1210 2773 ποιῇ
1245 2697 1340 2756 εόἓν
1360 2723 1418 2756 τε
1450 2701 1509 2755 έν
1527 2700 1750 2771 μέλεσιν
1782 2697 1879 2758 εὀἓν
1900 2718 1941 2750 30

273 2806 333 2840 τε
364 2779 424 2840 ἓν
453 2787 750 2859 τραγῳδία.
825 2792 935 2839 Δεῖ
968 2780 1088 2856 γάρ.
1165 2781 1389 2840 Οὐκοῦν
1427 2779 1636 2855 ἆγαθὸς
1676 2779 1705 2840 ὁ
1744 2782 1878 2851 θεὸς

273 2873 350 2944 τῷ
391 2865 510 2925 ὄντι
548 2890 607 2923 τε
658 2868 748 2923 καὶ
790 2869 1011 2923 λεκτέον
1051 2865 1210 2924 οὕτω.
1299 2871 1376 2924 10.
1430 2873 1498 2924 Τί
1530 2865 1668 2941 μήν;
1716 2864 1877 2926 Ἀλλὰ

158 1649 250 1694 [377]
