2014 3146
244 137 348 188 248
427 150 429 152 v
542 128 545 131 '
929 135 1178 176 EUSEBII

245 255 392 328 μένω
424 249 685 325 άλλήλοιν
717 252 1020 308 δεδωκέναι
1051 273 1108 306 τε
1140 251 1231 306 καὶ
1265 247 1601 323 δεδέχθαι,
1579 275 1642 317 ας
1674 246 1741 308 οῦ
1765 260 1860 307 θε-

244 338 403 412 μιτὸν
436 336 578 392 εἶναι
609 333 883 400 λύσαντας
919 340 995 401 εἰς
1028 339 1238 407 ἔχθραν
1268 335 1395 391 ποτὲ
1430 338 1631 392 ἐλθεῖν.
1689 341 1734 392 6.
1800 337 1859 411 ἐν

248 423 309 478 δὲ
339 427 404 495 τῇ
437 422 665 494 τελευτῇ
693 416 919 491 άπτεροι
943 443 1074 519 μεν,
1094 413 1405 491 ωρμηκότες
1434 419 1495 475 δε
1517 409 1860 491 πτεροῦσθαι

248 509 569 577 ἐκβαίνουσι
599 506 699 560 τοῦ
729 522 997 576 σωματος,
1031 500 1171 560 ὥστε
1202 501 1269 560 οὐ
1302 501 1534 575 σμικρὸν
1564 495 1741 560 αθλον
1764 505 1859 604 τῇς

248 593 507 661 ἐρωτικῆς
546 594 746 661 μανίας
788 590 1067 661 φέρονται.
1139 592 1216 653 εἰς
1257 611 1362 659 γαρ
1405 585 1603 644 σκότον
1637 589 1727 644 καὶ
1758 607 1904 669 την5

247 671 356 732 ὑπὸ
387 676 487 780 γῇς
519 679 752 746 πορείαν
782 668 847 729 οῦ
883 671 1050 746 νόμος
1083 674 1233 728 ἐστὶν
1275 677 1352 728 ε”τι
1397 675 1586 729 ἐλθεῖν
1625 687 1737 737 τοῖς
1769 695 1862 728 κα-

245 761 568 832 τηργμένοις
601 755 709 830 ἤδη
740 759 835 830 τῆς
866 755 1218 831 ὑπουρανιόυ
1243 762 1486 829 πορείας,
1518 754 1656 813 αλλα
1681 753 1864 828 φανὸν

248 849 376 915 βίον
408 841 773 915 διαγαγόντας
808 839 1162 914 εὐδαιμονεῖν
1192 838 1311 914 μετ’
1348 837 1603 914 ἀλλήλων
1633 864 1863 913 πορευο-

246 929 475 1001 μένους,
531 929 622 982 καὶ
666 922 1003 999 ὁμοπτέρους
1060 931 1259 998 ἔρωτος
1303 923 1478 998 χάριν
1548 929 1721 982 ταῦτα
1777 949 1862 982 το-

200 1038 222 1070 d
247 1018 451 1083 σαῦτα,
485 1002 529 1067 οἶ
559 1025 685 1082 παῖ,
733 1012 824 1066 καὶ
856 1007 999 1067 οὕτω
1041 1007 1171 1066 θεῖά
1202 1027 1288 1067 σοι
1321 1007 1630 1083 δωρήσεται
1660 1007 1693 1082 ἡ
1725 1005 1859 1083 παρ’
1887 1030 1928 1062 10

250 1098 484 1170 ἐραστοῦ
514 1093 719 1167 φιλία.”

378 1186 421 1238 7.
479 1183 715 1238 Τοιαῦτα
745 1203 847 1251 μεν
876 1176 941 1235 τά
981 1176 1311 1250 Πλάτωνος,
1355 1173 1479 1234 ἀλλ’
1530 1174 1595 1235 οῦ
1626 1176 1691 1234 τὰ
1722 1186 1866 1234 Meo-

249 1266 413 1335 σε’ως,
456 1261 515 1329 ὃς
558 1261 867 1336 διαρρήδην
907 1261 1120 1329 τούτοις
1163 1266 1386 1319 ἐναντία
1419 1272 1739 1335 νομοθετεῖ,
1772 1285 1863 1335 με·

248 1347 389 1423 γάλῇ
420 1354 485 1421 τῇ
518 1351 681 1422 φωνῇ
720 1347 823 1419 τὴν
863 1345 1000 1404 κατὰ
1045 1349 1432 1420 παιδεραστῶν
1473 1345 1864 1420 προσήκουσαν

248 1432 660 1506 προφερόμενος
688 1437 864 1504 δίκην.
908 1433 1046 1505 φησὶ
1078 1435 1215 1504 γοῦν
1232 1430 1262 1450 “
1281 1427 1339 1497 ὃς
1366 1428 1435 1488 ἂν
1453 1434 1697 1505 κοιμηθῇ
1726 1430 1860 1503 μετὰ
1884 1452 1927 1483 15

249 1516 479 1591 ἄρσενος
511 1523 700 1590 κοίτην
734 1515 1023 1589 γυναικὸς,
1066 1518 1353 1589 βδέλυγμα
1386 1519 1653 1588 ἐποίησαν
1682 1512 1864 1588 άμφό-

249 1618 418 1677 τεροι’
492 1600 721 1678 θανάτῳ
774 1599 1289 1672 θανατούσθωσαν,
1337 1606 1523 1673 ἔνοχοί
1558 1598 1707 1658 εἰσι.”
1771 1601 1864 1656 καὶ

241 1686 270 1706 “
291 1684 682 1757 ἐπικατάρατος
706 1689 811 1752 πᾶς
840 1682 868 1742 ὁ
891 1684 1228 1759 κοιμώμενος
1252 1685 1385 1758 μετὰ
1419 1684 1650 1756 ἄρσενος
1675 1691 1866 1756 κοίτην

251 1767 559 1843 γυναικός.”
629 1776 686 1826 τί
727 1776 817 1827 δεῖ
852 1775 1031 1826 τανῦν
1071 1767 1424 1842 ἀπελέγχειν,
1481 1767 1553 1836 ὡς
1599 1770 1791 1840 παρεὶς
1835 1764 1863 1824 ὁ

140 1883 229 1924 (711)
251 1854 568 1928 σοφώτατος
599 1854 694 1910 τὸν
734 1851 1140 1927 παιδεραστὴν,
1182 1850 1317 1910 οὐδὲ
1355 1853 1459 1927 γὰρ
1503 1856 1561 1909 ἐν
1601 1866 1712 1919 τοῖς
1745 1851 1863 1910 Νό-
1887 1873 1929 1904 20

250 1963 370 2012 μοις
401 1935 600 2010 ἠξίωσε
643 1936 780 1994 κατά
825 1943 1211 2011 παιδεραστοόν
1250 1935 1501 1995 θανάτου
1543 1942 1706 2009 δίκην
1746 1933 1866 2010 ὁρί-

251 2033 488 2095 σασθαι,
531 2021 854 2096 προστάττει
885 2021 1112 2099 θανάτῳ
1155 2026 1382 2095 ζημιοῦν
1412 2024 1642 2079 οἰκετῶν
1671 2021 1767 2078 τὸν
1791 2022 1864 2093 μὴ

251 2106 715 2181 καταμηνύσαντα
745 2101 1040 2180 θησαυρὸν
1071 2103 1174 2179 ὑφ’
1213 2108 1402 2181 ἑτέρου
1444 2107 1590 2172 τινὸς
1632 2104 1862 2178 εὑρημέ-

251 2217 377 2261 νον;
413 2190 723 2249 ἐπάκουσον
756 2193 818 2248 δὲ
842 2194 933 2248 καὶ
956 2195 1152 2261 τῶνδε,
1186 2196 1278 2247 ἵνα
1302 2189 1376 2265 μή
1400 2213 1467 2264 με
1493 2203 1865 2263 συκοφαντεῖν

251 2273 538 2349 ὑπολάβῃς
1887 2295 1929 2327 25

207 2380 226 2412 b
376 2372 502 2421 XXI.
541 2358 649 2417 “⁹0
679 2384 729 2416 τι
762 2357 815 2416 δ’
850 2357 920 2416 ἂν
949 2358 977 2416 ὁ
1009 2360 1158 2430 θεὸς,
1191 2361 1384 2432 φησὶν,
1417 2356 1618 2432 ἀναιρῇ
1650 2364 1782 2431 περί
1806 2382 1864 2415 τε

252 2448 363 2500 τῶν
404 2442 694 2516 κτημάτων
735 2446 826 2501 καὶ
872 2447 973 2501 τοῦ
1022 2441 1379 2517 κινήσαντος,
1425 2441 1587 2499 τοῦθ’
1634 2441 1666 2512 ἡ
1708 2441 1863 2507 πόλις

251 2526 602 2605 ὑπηρετοῦσα
632 2543 750 2594 ταῖς
767 2532 1062 2601 μαντείαις
1097 2526 1278 2600 δράτω
1312 2530 1410 2583 τοῦ
1438 2529 1593 2584 θεοῦ.
1642 2527 1733 2582 καὶ
1769 2524 1864 2582 ἐὰν

252 2612 354 2685 μὲν
387 2610 679 2684 ἐλεύθερος
704 2610 732 2667 ὁ
757 2612 1006 2684 μηνύσας
1039 2605 1092 2685 ᾖ,
1127 2611 1294 2679 δόξαν
1325 2607 1523 2683 ἀρετῆς
1554 2608 1862 2680 κεκτήσθω,

252 2695 325 2769 μὴ
355 2694 587 2769 μηνύων
633 2697 692 2752 δὲ
736 2702 946 2762 κακίας·
1010 2699 1208 2761 δοῦλος
1252 2696 1312 2751 δὲ
1357 2692 1427 2751 ὄὶν
1457 2686 1510 2768 ῇ,
1553 2690 1582 2750 ὃ
1613 2691 1861 2766 μηνύσας
1886 2713 1955 2746 30·

368 2890 421 2929 26
451 2880 561 2929 ”Ότι
587 2879 633 2928 δ’
662 2880 721 2928 ἂν
746 2890 816 2936 ——]
839 2887 978 2928 Plato
1001 2889 1113 2940 Leg.
1150 2889 1213 2928 11.
1246 2900 1290 2939 p,
1316 2887 1410 2928 914.
