2014 3146
654 130 870 175 PRAEP
892 130 1117 174 EVANG
1140 133 1268 173 xm
1293 134 1358 176 18.
1696 131 1803 183 239

193 245 446 304 θανάτου
484 252 707 320 μοίρας,
751 252 846 319 τῆς
893 250 1023 320 ε’μῆς
1071 245 1388 354 βουλήσεως
1438 253 1682 321 μείζονος
1722 255 1802 306 ἔτι

197 337 402 404 δεσμοῦ
434 333 524 387 καὶ
557 333 896 434 κυριωτέρου
926 329 1182 404 λαχόντες
1209 335 1438 390 ἐκείνων
1461 339 1542 399 οἱς
1566 356 1656 390 οτε
1688 336 1802 405 ε’γί-

195 426 401 489 γνεσθε
431 413 815 483 ξυνεδεῐσθεΫ

324 504 402 556 11.
446 504 630 558 Ταῦτα
659 499 687 556 ὃ
719 499 973 560 Πλάτων.
1037 499 1257 567 εἰκότως
1295 505 1432 573 δῆτα
1466 505 1676 574 Μωσῆς
1707 504 1800 559 καὶ

151 606 171 638 5
193 582 258 642 τά
282 580 555 658 Ἑβραίων
585 583 742 657 λόγια
783 588 968 658 σέβειν
1013 586 1115 658 μὲν
1144 582 1476 659 ἀπαγορεύει
1507 589 1678 643 ταῦτα
1709 588 1802 646 καὶ

191 667 360 736 θεοὺς
400 667 688 742 ἡγεῖσθαι,
731 667 847 727 ἅνω
891 671 952 727 δὲ
983 668 1118 743 πρὸς
1158 667 1254 726 τὸν
1284 672 1633 743 παμβασιλέα
1662 669 1802 729 θεὸν

189 752 486 826 ἀνάγοντα,
513 752 681 811 αὐτὸν
708 751 774 827 δὴ
797 753 893 811 τὸν
915 751 1076 827 ἡλίου
1099 756 1191 810 καὶ
1215 752 1448 826 σελήνης
1473 757 1561 811 καὶ
1581 752 1801 828 ἄστρων

191 836 324 896 ὅλου
354 862 413 895 τε
443 835 689 911 οὐρανοῦ
721 840 812 894 καὶ
843 837 1050 912 κόσμου
1086 836 1454 911 δημιουργὸν,
1497 838 1595 896 τὸν
1637 839 1705 911 δὴ
1735 838 1799 896 τά

191 922 371 980 πάντα
394 930 533 999 θείω
559 921 702 998 λόγῳ
717 921 1074 996 συνδήσαντά
1084 946 1142 980 τε
1166 924 1257 979 καὶ
1282 922 1798 996 συναρμοσάμενον,

128 1029 168 1061 10
191 1006 364 1081 μόνον
394 1003 653 1080 ἡγεῖσθαι
685 1006 852 1080 θεὸν,
888 1011 980 1065 καὶ
1010 1006 1161 1084 μόνῳ
1193 1007 1295 1080 τὴν
1327 1006 1631 1081 σεβάσμιον
1663 1005 1803 1065 ἀπο-

191 1096 379 1166 νέμειν
419 1102 716 1165 νομοθετεῖ
751 1092 914 1165 τιμὴν
934 1137 949 1164 ,
982 1096 1160 1166 λέγων
1182 1087 1293 1165 “μὴ
1328 1091 1468 1150 ἰδών
1496 1090 1593 1150 τὸν
1626 1089 1801 1166 ἥλιον,

190 1180 281 1234 καὶ
311 1174 412 1250 τὴν
443 1175 704 1250 σελήνην,
736 1178 826 1233 καὶ
849 1175 1057 1245 πάντας
1077 1174 1203 1243 τούς
1227 1173 1480 1250 ἀστέρας,
1512 1179 1603 1234 καὶ
1622 1176 1802 1234 πάντα

188 1259 286 1319 τὸν
327 1260 535 1334 κόσμον
582 1265 680 1319 τοῦ
729 1258 1000 1335 οὐρανοῦ,
1053 1263 1362 1334 πλανηθεὶς
1412 1260 1802 1336 προσκυνήσῃς

189 1343 432 1412 αὐτοῖς.”
496 1351 574 1402 12.
612 1345 904 1420 ἕρμηνεύει
936 1348 995 1403 δὲ
1025 1347 1198 1404 ταῦτα
1230 1349 1524 1419 διασαφῶν
1554 1353 1630 1412 εἰς
1662 1345 1803 1404 πλά-

129 1451 169 1485 15
191 1455 281 1497 τος
321 1430 349 1488 ὁ
395 1429 461 1487 τά
503 1429 780 1503 Ἑβραίων
834 1434 1274 1505 πεπαιδευμένος
1327 1437 1516 1489 Φίλων
1569 1422 1684 1487 οἶδε’
1726 1453 1802 1503 πη

191 1518 370 1588 λέγων
401 1515 536 1590 πρὸς
569 1519 717 1583 λέξιν

309 1597 340 1619 “
359 1600 517 1666 Τινὲς
546 1599 704 1673 ἥλιον
735 1602 827 1657 καὶ
858 1599 1100 1673 σελήνην
1130 1602 1218 1657 καὶ
1252 1599 1378 1666 τοὺς
1410 1597 1610 1666 ἄλλους
1641 1597 1803 1656 ἀστέ-

190 1708 290 1759 ρας
318 1682 601 1756 ὑπέλαβον
633 1684 775 1742 εἶναι
798 1683 966 1752 θεοὺς
991 1683 1422 1758 αὐτοκράτορας,
1455 1680 1537 1751 οἷς
1566 1683 1660 1750 τὰς
1688 1687 1802 1742 τῶν

189 1771 535 1842 γιγνομένων
576 1766 837 1827 ἀπάντων
876 1775 1053 1836 αἰτίας
1084 1768 1380 1827 ἀνέθεσαν.
1451 1778 1655 1827 Μωσεῖ
1685 1767 1735 1824 δ’
1772 1764 1800 1826 ὁ

124 1875 166 1908 20
190 1852 389 1928 κόσμος
423 1857 612 1922 ἔδοξεν
643 1855 786 1912 εἶναι
816 1857 907 1911 καὶ
937 1852 1230 1928 γεννητὸς,
1273 1856 1366 1911 καὶ
1396 1852 1552 1920 πόλις
1581 1851 1615 1926 ἡ
1646 1859 1800 1927 μεγί-

192 1957 292 2011 στη
338 1937 607 2012 ἄρχοντας
661 1946 861 2012 ἔχουσα
902 1942 993 1996 καὶ
1034 1938 1342 2012 ὑπηκόους·
1390 1936 1660 2012 ἄρχοντας
1700 1938 1803 2011 μὲν

189 2021 316 2089 τούς
350 2026 408 2080 ἐν
439 2020 662 2101 οὐρανῷ
693 2022 929 2096 πάντας,
963 2020 1083 2082 οἷον
1113 2022 1385 2096 πλάνητες
1414 2025 1505 2079 καὶ
1537 2021 1803 2088 ἀπλανεῖς

190 2106 438 2182 ἀστέρες·
485 2106 766 2181 ὑπηκόους
792 2109 854 2165 δὲ
883 2106 979 2175 τάς
1011 2108 1147 2181 μετὰ
1182 2106 1424 2179 σελήνην
1458 2111 1518 2163 ἐν
1556 2105 1677 2180 ἀέρι
1709 2108 1801 2162 καὶ

191 2198 502 2265 περιγείους
533 2191 744 2264 φύσεις.
824 2197 902 2248 13.
937 2216 1064 2258 τους
1098 2193 1159 2248 δε
1190 2194 1489 2263 λεχθέντας
1534 2187 1801 2264 ἀρχοντας

129 2295 169 2328 25
193 2272 294 2333 οὐκ
346 2272 764 2347 αὐτεξουσίους,
819 2272 944 2332 ἀλλ’
1000 2273 1121 2341 ενός
1171 2279 1268 2332 τοῦ
1320 2273 1546 2332 πάντων
1598 2273 1802 2348 πατρὸς

192 2356 502 2433 υπάρχους
561 2384 624 2417 ου
667 2362 1038 2433 μιμουμένους
1090 2358 1192 2432 τὴν
1243 2363 1565 2416 ἐπιστασίαν
1604 2383 1803 2432 κατορ-

194 2448 369 2516 θοῦν,
402 2443 846 2517 πρυτανεύοντος
878 2444 1013 2501 κατὰ
1047 2449 1210 2517 δίκην
1240 2446 1332 2501 καὶ
1373 2442 1542 2515 νόμον
1573 2447 1802 2500 ἕκαστον

191 2533 306 2585 τῶν
334 2527 658 2600 γεγονότων.
719 2527 847 2594 τούς
883 2530 941 2586 δὲ
971 2528 1044 2603 μὴ
1076 2531 1382 2602 βλέποντας
1411 2527 1510 2585 τὸν
1541 2531 1802 2600 ἐπιβεβη-

195 2611 325 2669 κότα
374 2611 599 2686 ἡνίοχον
658 2627 770 2680 τοῖς
818 2612 1240 2687 ὑπεζευγμένοις
1260 2659 1274 2684 ,
1327 2609 1399 2680 ὦς
1452 2609 1800 2686 αὐτουργοῖς,
1827 2636 1849 2667 a

131 2717 171 2750 30
183 2701 308 2759 ,τῶν
340 2700 400 2755 ἐν
429 2702 503 2774 τῷ
537 2697 722 2774 κόσμῳ
753 2701 1064 2771 γινομένων
1093 2697 1302 2768 ἀνάψαι
1342 2697 1436 2764 τὰς
1467 2702 1658 2763 αἰτίας.
1723 2688 1802 2753 ὧν

244 2903 248 2906 ·
312 2893 364 2932 15
395 2889 568 2946 Φίλων]
604 2891 702 2932 Vol.
728 2893 766 2931 2.
791 2906 833 2944 p.
856 2894 951 2933 213.
