2014 3146
193 521 285 564 [322]

187 1783 275 1824 (548)

251 2540 274 2573 b

306 116 374 186 5}
982 136 1230 177 EUSEBII

304 251 472 325 θμὸν,
506 250 577 318 ὡς
608 250 668 308 τὸ
694 247 776 308 ἐν
805 249 945 325 ἀρχῇ
971 247 1240 323 ἐποίησεν’
1266 260 1390 310 ἴσον
1414 252 1556 310 εἶναι
1575 256 1651 330 τῷ
1671 249 1912 325 “πρῶτον

880 334 892 350 Ι
928 331 940 351 7
969 331 1000 353 9,

307 339 530 408 ἐποίησε
559 334 656 392 τὸν
686 332 958 408 οὐρανον.

435 426 480 476 7.
514 415 650 477 Εἶθ’
684 421 805 492 ἑξῆς
836 421 984 491 λέγει

423 500 699 579 “Πρῶτον
729 504 832 560 οὐν
861 501 890 560 ὃ
922 507 1097 561 ποιῶν
1130 507 1300 562 ἐποίει
1335 503 1579 578 οὐρανὸν
1619 503 1911 579 ἀσώματον

303 589 394 645 καὶ
425 590 532 662 γῆν
561 584 798 662 ἀόρατον
837 590 930 645 καὶ
959 584 1119 663 ἀέρος
1152 591 1308 647 ἰδέαν
1347 591 1440 646 καὶ
1484 593 1675 647 κενοῦ·
1738 601 1818 647 ων
1847 587 1907 647 τὸ
1932 612 1952 645 5

302 673 406 744 μὲν
438 671 745 746 ἐπεφήμισε
775 671 988 744 σκότος,
1021 667 1212 746 ἐπειδὴ
1245 675 1410 748 μέλας
1441 671 1470 730 ὁ
1501 671 1607 748 ἀὴρ
1632 676 1700 747 τῇ
1721 673 1910 746 φύσει,
1942 690 1949 700 ·

301 756 404 829 τὴν
446 757 508 814 δὲ
547 755 823 829 ἄβυσσον·
889 755 1220 831 πολύβυθον
1263 756 1368 833 γὰρ
1408 756 1470 815 τό
1509 782 1573 831 γε
1612 755 1777 816 κενὸν
1817 759 1910 815 καὶ

301 832 515 915 ἀχανές.
592 846 641 898 8.
682 840 792 899 εἷθ’
828 839 1031 909 ν’δατος
1063 839 1355 917 ἀσώματον
1385 839 1585 900 οὐσίαν
1614 843 1705 899 καὶ
1736 840 1911 901 πνεύ-

301 950 497 999 ματος,
540 928 634 983 καὶ
668 929 757 983 ἐπὶ
787 932 958 984 πᾶσιν
991 926 1233 1001 ἑβδόμου
1264 925 1466 1000 φωτὸς,
1501 951 1530 983 ο
1562 924 1730 984 παλιν
1759 924 1911 983 ἀσώ-

300 1034 475 1083 ματον
512 1004 610 1083 ἦν,
651 1013 742 1067 καὶ
772 1011 970 1083 νοητὸν
999 1007 1160 1084 ἡλίου
1190 1010 1564 1087 παράδειγμα,
1607 1013 1700 1068 καὶ
1729 1009 1909 1068 πάντα
1933 1034 1972 1066 10

300 1091 404 1151 ὅσα
445 1093 723 1169 φωσφόρα
752 1093 925 1168 ἄστρα
956 1096 1094 1153 κατὰ
1123 1095 1220 1155 τὸν
1250 1094 1494 1170 οὐρανὸν
1525 1102 1716 1168 ἔμελλε
1747 1100 1910 1153 συνί-

301 1189 557 1237 στασθαι.
642 1185 688 1237 9.
723 1187 1026 1254 προνομίας
1059 1182 1120 1238 δὲ
1149 1180 1211 1239 τό
1240 1204 1298 1238 τε
1329 1182 1547 1253 πνεῦμα
1577 1182 1669 1236 καὶ
1698 1177 1758 1236 τὸ
1789 1185 1908 1252 φῶς

299 1262 543 1335 ἠξιοῦτο·
601 1262 661 1320 τὸ
701 1264 802 1336 μὲν
842 1265 946 1340 γὰρ
989 1262 1239 1338 ὠνόμασε
1278 1267 1447 1338 θεοῦ,
1491 1262 1630 1320 διότι
1671 1262 1909 1332 ζωτικώ-

299 1371 464 1405 τατον
492 1346 553 1405 τὸ
583 1351 831 1422 πνεῦμα,
873 1356 1006 1424 ζωῆς
1041 1351 1104 1407 δὲ
1141 1348 1273 1417 θεὸς
1312 1358 1509 1416 αἴτιος·
1566 1346 1627 1405 τὸ
1669 1349 1730 1405 δὲ
1769 1351 1908 1422 φῶς,

298 1428 381 1488 ὅτι
420 1431 775 1506 ὑπερβάλλον
813 1433 1009 1492 καλόν·
1067 1433 1311 1511 τοσούτῳ
1350 1431 1456 1508 γὰρ
1486 1432 1546 1489 τὸ
1578 1430 1779 1504 νοητὸν
1807 1435 1907 1489 τοῦ
1930 1454 1970 1488 15

297 1512 500 1590 ὁρατοῦ
529 1516 909 1592 λαμπρότερόν
938 1542 997 1576 τε
1035 1521 1129 1576 καὶ
1169 1517 1651 1592 αὐγοειδέστερον,
1686 1515 1906 1593 ὅσῳπερ

298 1597 469 1673 ἥλιος,
501 1601 681 1674 οἶμαι,
714 1602 944 1669 σκότους
976 1605 1068 1660 καὶ
1099 1599 1274 1676 ἡμέρα
1305 1601 1533 1675 νυκτὸς,
1567 1604 1656 1658 καὶ
1690 1600 1756 1657 τὰ
1786 1625 1907 1675 κρι-

298 1683 459 1757 τήρια
508 1689 638 1752 νοῦς
687 1681 715 1741 ὁ
763 1691 858 1759 τῆς
902 1684 1032 1760 ὅλης
1073 1690 1251 1761 ’ψυχῆς
1293 1684 1563 1760 &ysaram
1595 1682 1906 1761 ὀφθαλμῶν

300 1767 566 1842 σώματος.
656 1774 734 1826 10.
767 1770 827 1827 τὸ
861 1772 922 1828 δὲ
952 1769 1191 1846 ἀόρατον
1220 1774 1313 1829 καὶ
1343 1769 1545 1844 νοητόν
1574 1773 1693 1844 φῶς
1726 1772 1904 1828 ἐκεῖνο

298 1859 461 1910 θείου
522 1852 690 1926 λόγου
748 1857 978 1927 γέγονεν
1039 1856 1206 1914 εἰκών
1253 1858 1353 1914 τοῦ
1405 1852 1904 1931 διερμηνεύσαντος
1927 1878 1968 1909 20

298 1935 400 2009 τὴν
439 1940 661 2009 γένεσιν
703 1937 902 1997 αὐτοῦ
950 1943 1042 1998 καὶ
1076 1947 1226 1998 ἔστιν
1244 1938 1668 2043 ὑπερονρανιος
1709 1937 1902 2012 ἀστὴρ,

299 2019 447 2095 πηγὴ
476 2026 589 2079 τῶν
619 2029 905 2096 αἰσθητῶν
935 2023 1203 2098 ἀστέρων,
1234 2022 1307 2096 ἣν
1337 2022 1438 2081 οὐκ
1468 2021 1538 2081 ὂὶν
1564 2021 1670 2080 ἀπὸ
1694 2027 1905 2081 σκοποῦ

297 2107 603 2164 καλέσειειν
633 2105 703 2165 ἅν
731 2132 812 2175 τις
852 2107 1227 2181 παναύγειαν,
1266 2104 1369 2180 ἀφ’
1402 2100 1466 2180 ἧς
1505 2105 1656 2181 η’λιος
1687 2109 1778 2164 καὶ
1810 2127 1904 2164 σε-

297 2189 438 2263 λήνη
479 2193 571 2247 καὶ
612 2216 664 2248 οι
704 2190 860 2249 ἄλλοι
899 2197 1171 2265 πλανῆται
1203 2195 1295 2249 καὶ
1324 2190 1590 2259 ἆπλανεις
1619 2189 1901 2265 ἀρύονται,

298 2273 427 2331 καθ’
457 2273 590 2332 ὅσον
623 2275 833 2333 ἑκαστω
867 2276 1120 2350 δύναμις,
1152 2301 1217 2334 τα
1248 2277 1528 2351 πρέποντα
1559 2279 1766 2349 φέγγη,
1807 2278 1902 2348 τῆς
1925 2298 1965 2329 25

297 2355 530 2430 ἀμιγοῦς
571 2362 662 2415 καὶ
702 2336 953 2434 καθαρᾶς
993 2360 1166 2434 αὐγῆς
1207 2365 1420 2433 ἐκείνης
1442 2359 1901 2468 ἆμαυρουμένης,

298 2442 365 2497 οὑ
405 2438 475 2498 ἂν
514 2439 739 2516 αρξηται
778 2448 1078 2519 τρέπεσθαι
1119 2470 1254 2503 κατα
1292 2443 1394 2517 τὴν
1427 2449 1487 2502 ἐκ
1525 2447 1729 2518 νοητοῦ
1766 2443 1901 2517 πρὸς

297 2523 568 2598 αἰσθητὸν
607 2528 930 2601 μεταβολήν.
1008 2530 1297 2604 εἰλικρινὲς
1336 2553 1440 2602 γαρ
1480 2527 1650 2586 ουδὲν
1688 2532 1800 2584 τῶν
1841 2532 1901 2585 ἐν

299 2608 573 2681 αἰσθήσει.

428 2698 508 2749 11.
549 2697 656 2751 Καὶ
686 2696 821 2767 μετὰ
850 2701 1058 2771 βραχέα
1090 2699 1329 2771 ἐπιλέγει
1865 2695 1868 2697 v
1922 2717 1962 2750 30

425 2775 456 2796 “
474 2775 623 2835 Ἐπεὶ
657 2780 717 2835 δὲ
747 2783 864 2851 φῶς
894 2783 995 2853 μὲν
1028 2784 1269 2856 ἐγένετο,
1311 2779 1500 2847 σκότος
1543 2778 1595 2837 δ’
1630 2778 1897 2853 ὑπεξέστη

298 2862 388 2917 καὶ
421 2857 790 2938 ἀνεχώρησεν,
821 2862 941 2938 ὅροι
977 2864 1027 2921 δ’
1068 2869 1128 2923 ἐν
1156 2882 1269 2934 τοῖς
1298 2863 1499 2940 μεταξύ
1533 2863 1896 2939 διαστήμασιν
