2014 3146
278 89 385 141 294
962 89 1210 130 EUSEBII

276 205 403 272 τοὺς
446 196 543 277 ἦν,
585 201 694 262 ὑπὸ
735 202 897 277 δόξης
937 202 1216 277 φερόμενα
1245 207 1344 262 τοῦ
1374 211 1690 279 βελτίστου,
1734 205 1887 278 εἰμὴ

280 290 623 362 δικαιότερον
654 286 811 365 ᾤμην
841 290 932 345 καὶ
963 287 1190 346 κάλλιον
1221 289 1363 347 εἶναι
1393 289 1498 363 πρὸ
1527 293 1627 348 τοῦ
1654 289 1888 363 φεύγειν

275 399 333 431 τε
363 376 455 430 καὶ
484 371 919 446 ἀποδιδράσκειν
957 369 1187 447 ὑπέχειν
1224 377 1290 448 τῇ
1322 372 1477 431 πόλει
1510 379 1672 446 δίκην
1702 371 1883 446 ἥντιν’

276 455 346 516 ἂν
375 456 555 532 τάττῃ.
626 463 672 515 9.
723 454 845 515 ἀλλ’
883 467 1031 515 αἴτια
1061 482 1164 531 μεν
1192 455 1259 514 τά
1289 464 1513 515 τοιαῦτα
1543 466 1738 516 καλεῖν
1760 465 1887 516 λίαν

275 541 505 600 ἄτοπον
556 548 606 599 εἰ
638 543 704 599 δέ
729 566 810 608 τις
841 541 1035 615 λέγοι“”
1015 541 1099 599 ότι
1122 540 1259 600 ἄνευ
1283 545 1381 600 τοῦ
1403 542 1469 600 τὰ
1491 545 1716 600 τοιαῦτα
1739 549 1887 616 ἔχειν
1931 571 1950 603 5

275 629 367 684 καὶ
408 626 543 685 ὀστᾶ
583 629 674 684 καὶ
713 630 888 698 νεῦρα
929 629 1022 684 καὶ
1065 625 1168 684 ὅσα
1197 625 1336 684 ἄλλα
1368 633 1502 700 ε’,χω
1542 625 1646 684 οὐκ
1675 623 1746 684 ἂν
1775 624 1889 694 οἷός

275 736 334 770 τε
362 704 397 785 ἦ
429 726 611 769 ποιεῖν
640 711 706 769 τὰ
741 710 975 779 δόξαντά
1004 736 1114 785 μοι,
1139 710 1327 784 ἀληθῆ
1350 736 1421 769 αν
1446 714 1618 784 λέγοι·
1667 710 1740 778 ὥς
1764 715 1889 785 μέν·

274 820 358 853 τοι
399 795 491 853 διὰ
530 802 704 853 ταῦτα
742 800 881 854 ποιῶ
923 821 956 852 α
988 796 1154 870 ποιῶ,
1197 798 1290 852 καὶ
1328 800 1500 853 ταῦτα
1537 800 1617 872 νῷ
1649 794 1889 898 πράττω,

230 903 253 936 d
276 878 396 937 ἀλλ’
447 872 518 938 οὐ
571 884 639 955 τῇ
685 884 785 939 τοῦ
833 887 1122 953 βελτίστου
1172 883 1409 953 αἱρέσει,
1462 855 1636 953 πολλὴ
1686 877 1757 938 &v
1798 882 1889 938 καὶ

275 963 457 1040 μακροὶ
488 969 740 1041 ῥαθυμία
772 973 856 1038 εἰή
887 970 984 1023 τοῦ
1015 962 1242 1038 λόγου.”
1914 992 1952 1024 ιο

406 1082 487 1135 10.
536 1077 673 1135 Εἶτα
706 1080 943 1150 ἐπιλέγει

397 1185 551 1247 “And
585 1186 653 1262 δὴ
686 1192 778 1246 καὶ
807 1187 836 1246 ὁ
866 1192 969 1263 μέν
999 1213 1079 1257 τις
1112 1194 1276 1262 δίνην
1307 1192 1557 1263 περιθεὶς
1585 1192 1653 1264 τῇ
1681 1195 1753 1263 γῇ
1778 1182 1888 1247 ὑπὸ

274 1277 374 1332 τοῦ
415 1272 664 1348 οὐρανοῦ
704 1275 892 1347 μένειν
934 1272 1002 1346 δὴ
1045 1288 1196 1332 ποιεῖ
1232 1272 1334 1346 τὴν
1363 1279 1499 1347 γῆν,
1546 1270 1575 1331 ὁ
1609 1275 1669 1331 δὲ
1701 1270 1888 1348 ὥσπερ

274 1358 539 1436 καρδόπῳ
582 1365 814 1435 πλατείᾳ
855 1357 1075 1432 βάθρον
1114 1357 1210 1416 τὸν
1251 1356 1386 1434 ἀέρα
1430 1355 1741 1432 ὑπερείδει·
1787 1356 1890 1430 τὴν

278 1445 338 1501 δὲ
377 1447 476 1501 τοῦ
519 1441 591 1511 ὡς
631 1440 750 1501 οἶόν
791 1466 850 1500 τε
890 1446 1146 1516 βέλτιστα
1186 1442 1326 1500 αὐτοὶ
1363 1446 1597 1516 τεθῆναι
1643 1441 1887 1516 δύναμιν
1912 1468 1950 1501 15

275 1525 420 1586 οὕτω
451 1531 559 1586 νῦν
589 1538 845 1600 κεῖσθαι,
885 1527 1093 1601 ταύτην
1124 1526 1253 1586 οὔτε
1297 1532 1551 1601 ζητοῦσιν
1602 1525 1729 1586 οὔτε
1769 1525 1892 1585 τινὰ

274 1623 485 1671 οἴονται
529 1618 823 1686 δαιμονίαν
864 1611 1027 1686 ἰσχὺν
1067 1619 1213 1686 ἔχειν
1226 1657 1240 1685 ,
1282 1609 1421 1670 ἀλλὰ
1460 1612 1726 1685 ἡγοῦνται
1765 1610 1889 1670 τού-

274 1721 374 1755 του
404 1695 476 1755 ἅν
505 1719 636 1754 ποτε
654 1695 923 1756 ’Ἄτλαντα
956 1696 1313 1772 ἰσχυρότερον
1337 1699 1429 1754 καὶ
1458 1694 1891 1769 ἀθανατώτερον

275 1783 367 1838 καὶ
398 1785 610 1854 μᾶλλον
640 1779 857 1838 ἅπαντα
887 1784 1192 1854 συνέχοντα
1227 1784 1491 1854 ἐξευρεῖν,
1523 1783 1615 1838 καὶ
1649 1779 1721 1846 ὡς
1753 1779 1891 1852 ἀλη-

274 1868 392 1932 θῶς
423 1864 482 1922 τὸ
513 1861 731 1938 ἀγαθὸν
762 1867 853 1922 καὶ
887 1867 1016 1922 δέον
1047 1869 1274 1933 ξυνδεῖν
1307 1867 1398 1922 καὶ
1431 1867 1688 1938 συνέχειν
1719 1862 1887 1923 οὐδὲν
1910 1891 1951 1924 20

274 1947 535 2007 οἱόνται.”

405 2067 486 2119 11.
542 2066 794 2120 Τοσαῦτα
823 2058 852 2119 ὁ
885 2060 1188 2135 Σωκράτης
1220 2065 1347 2137 περὶ
1386 2068 1482 2135 τῆς
1518 2059 1886 2135 Ἀναξαγόρου

165 2168 257 2213 (753)
278 2145 455 2218 δόξης.
531 2137 603 2219 ἦν
637 2147 698 2203 δὲ
721 2144 1091 2219 Ἀναξαγόρου
1121 2147 1223 2219 μὲν
1255 2145 1507 2220 διάδοχος
1547 2149 1643 2219 τῆς
1673 2169 1733 2203 τε
1765 2151 1888 2203 δια-

273 2234 465 2303 τριβῆς
504 2227 644 2304 ὁμοῦ
685 2233 777 2287 καὶ
818 2234 913 2304 τῆς
957 2229 1116 2303 δόξης
1143 2227 1458 2304 Ἀρχέλαος,
1497 2227 1792 2305 Ἀρχελάου
1826 2231 1887 2287 δὲ

274 2313 546 2387 ἀκουστὴς
586 2318 875 2388 γεγονέναι
919 2317 1131 2387 λέγεται
1163 2314 1480 2389 Σωκράτης.
1557 2313 1703 2387 πλὴν
1746 2312 1885 2371 ἀλλά
1910 2338 1950 2371 25

274 2402 502 2471 φυσικοὶ
528 2402 621 2456 καὶ
650 2398 806 2456 ἄλλοι
829 2398 1151 2472 Ξενοφάνης
1188 2401 1280 2456 καὶ
1312 2397 1674 2474 Πυθαγόρας,
1713 2417 1888 2456 συνα-

275 2482 586 2555 κμάσαντες
605 2480 960 2559 Ἀναξαγόρᾳ,
976 2486 1102 2556 περὶ
1133 2481 1454 2558 ἀφθαρσίας
1484 2487 1625 2541 θεοῦ
1656 2485 1748 2540 καὶ
1777 2495 1887 2551 ψυ-

274 2570 371 2639 χῆς
401 2565 715 2634 ἀθανασίας
748 2567 1188 2641 ἐφιλοσόφησαν·
1239 2571 1297 2625 ἐκ
1320 2567 1533 2626 τούτων
1555 2590 1614 2624 τε
1638 2569 1730 2623 καὶ
1751 2563 1885 2638 μετὰ

273 2649 504 2718 τούτους
535 2655 597 2707 αἰ
621 2654 716 2724 τῆς
748 2650 1028 2724 Ἑλλήνων
1068 2659 1400 2725 φιλοσοφίας
1439 2651 1757 2722 ὑπέστησαν
1797 2654 1885 2707 αἶ-

275 2737 480 2809 ρέσεις,
527 2738 639 2793 τῶν
668 2735 771 2808 μὲν
799 2741 1004 2808 τοῖσδε,
1037 2740 1149 2795 τῶν
1180 2738 1242 2793 δὲ
1281 2738 1482 2809 ἑτέροις
1515 2737 1885 2807 ἐξηκολουθη-
1907 2757 1948 2789 30

275 2818 481 2893 κότων,
534 2823 703 2877 τινῶν
758 2820 818 2876 δὲ
869 2822 958 2876 καὶ
1015 2825 1158 2887 ἰδίας
1213 2818 1373 2888 δόξας
1433 2817 1883 2891 ἐπινενοηκότων.
