2014 3146
617 161 833 206 PRAEP.
856 161 1080 205 EVANG.
1113 164 1192 205 XI.
1226 165 1291 207 14.
1693 163 1762 215 33

154 283 324 351 σοφία
353 279 447 335 καὶ
475 280 590 344 πῶς
623 278 868 349 ἐγένετο;
902 277 1007 351 ἐγὼ
1037 276 1336 351 ἀπαγγελῶ
1369 280 1460 335 καὶ
1492 275 1594 337 οῦκ
1624 276 1764 337 άπο-

156 361 353 438 κρύψω
391 363 528 435 ὑμῖν
567 360 869 436 μυστήρια,
910 359 1034 419 ἀλλ’
1071 365 1123 431 ἐξ
1154 361 1323 437 ἀρχῆς
1354 366 1623 436 γενέσεως
1656 367 1763 433 ἐξι-

157 445 380 520 χνιάσω.
393 443 422 464 ”
487 450 566 503 10.
600 448 692 503 καὶ
724 449 844 520 ἑξῆς
877 452 1146 520 διασαφεῖ
1171 471 1237 505 τα
1265 444 1505 506 τοιάδε“
1513 454 1628 506 ἔστι
1656 473 1761 524 γαρ

155 529 295 604 αῦτη
326 535 546 604 πνεῦμα
581 555 805 604 νοερον,
845 528 1032 604 ἅγιον,
1072 533 1395 605 μονογενὲς,
1437 534 1761 608 πολυμερὲς,

111 640 132 673 5
156 615 384 689 λεπτὸν,
428 614 746 688 εὐκίνητον,
778 615 1010 690 τρανὸν,
1042 613 1379 689 αμόλυντον,
1411 616 1764 675 παντοδύνα-

153 724 284 773 μον,
327 707 772 772 πανεπίσκοπον,
815 702 908 756 καὶ
950 698 1039 756 διὰ
1078 699 1305 758 πάντων
1341 706 1561 774 χωροῦν
1590 724 1764 760 πνευ-

153 783 342 857 μάτων
383 788 620 858 νοερῶν,
662 790 959 856 καθαρῶν,
1001 783 1362 841 λεπτοτάτων.
1436 784 1615 858 πάσης
1656 783 1873 861 γάρ(533)

154 866 422 940 κινήσεως
452 866 877 940 κινητικώτερον
907 873 1091 940 σοφία.
1165 867 1344 941 διήκει
1375 869 1438 926 δὲ
1467 871 1559 926 καὶ
1597 885 1769 944 χωρεῖ

155 950 244 1009 διὰ
278 950 505 1010 πάντων
537 951 628 1009 διὰ
659 949 759 1025 τὴν
787 950 1151 1027 καθαρότητα.
1199 951 1356 1031 ἀτμὶς
1386 951 1491 1027 γάρ
1526 956 1639 1010 ε’στι
1667 958 1764 1027 τῆς

91 1062 132 1094 10
154 1039 256 1094 τοῦ
305 1039 448 1095 θεοῦ
497 1035 787 1110 δυνάμεως
837 1038 931 1094 καὶ
971 1033 1242 1110 ἀπόρροια
1280 1041 1376 1109 τῆς
1416 1042 1515 1095 τοῦ
1559 1061 1765 1096 παντο-

155 1120 419 1196 κράτορος
461 1119 621 1194 δόξης
662 1119 978 1195 εἰλικρινής.
1051 1120 1142 1179 διὰ
1180 1124 1342 1179 τοῦτο
1382 1120 1553 1180 οὐδὲν
1594 1147 1764 1197 μεμο-

156 1207 433 1279 λυσμένον
482 1212 561 1272 εἰς
601 1204 776 1278 αὐτὴν
815 1212 1200 1279 παρεμπίπτει.
1273 1203 1609 1280 ἀπαύγασμα
1660 1207 1764 1281 γὰρ

157 1293 271 1347 ε’στι
311 1287 494 1362 φωτὸς
523 1287 709 1347 ἀϊδίου
740 1293 833 1347 καὶ
863 1297 1131 1363 ἔσοπτρον
1160 1287 1507 1362 άκηλίδωτον
1535 1296 1631 1364 τῆς
1667 1296 1767 1349 τοῦ

156 1377 302 1431 θεοῦ
353 1377 633 1448 ἐνεργείας
682 1376 773 1431 καὶ
821 1373 986 1432 εἰκών
1035 1379 1130 1447 τῆς
1181 1374 1524 1447 ἀγαθότητος
1575 1374 1763 1434 αὐτοῦ.

94 1482 134 1515 15
160 1463 422 1516 διατείνει
474 1459 534 1515 δὲ
573 1456 680 1515 ἀπὸ
723 1461 957 1532 πέρατος
1002 1465 1078 1526 εἰς
1118 1461 1288 1532 πέρας
1337 1456 1624 1533 εὐρώστως
1675 1463 1767 1517 καὶ

159 1547 356 1600 διοικεῖ
404 1541 470 1600 τὰ
519 1541 700 1599 πάντα
751 1542 1050 1617 χρηστῶς.”
1119 1548 1292 1600 ταῦτα
1340 1545 1442 1617 μὲν
1481 1543 1515 1616 ἡ
1560 1543 1763 1618 γραφή.

155 1626 257 1699 τὴν
309 1627 371 1683 δὲ
421 1631 519 1684 τοῦ
575 1626 844 1700 δόγματος
900 1626 1154 1686 διάνοιαν
1202 1634 1393 1686 Φίλων
1445 1624 1473 1685 ὃ
1517 1627 1813 1702 Ἑβραϊοςῑ)

156 1710 484 1783 λευκότερον
514 1711 836 1785 ἑρμηνεύων
865 1716 1062 1770 τοῦτον
1093 1718 1390 1785 παρίστησι
1420 1712 1521 1770 τὸν
1559 1712 1768 1787 τρόπον

282 1806 380 1856 XV.
423 1791 756 1870 “Εὐπρεπὲς
786 1794 890 1871 γάρ
921 1812 1036 1864 τοῖς
1069 1799 1347 1870 ἑταιρείαν
1377 1795 1512 1869 πρὸς
1546 1796 1769 1870 ἐπιστή-

93 1903 135 1937 20
156 1903 266 1954 μην
306 1882 564 1953 θεμένοις
605 1885 865 1952 ἐφίεσθαι
904 1882 1008 1955 μὲν
1047 1885 1147 1940 τοῦ
1185 1880 1245 1939 τὸ
1284 1877 1351 1940 ὂν
1392 1888 1559 1940 ἰδεῖν·
1618 1888 1667 1940 εἰ
1708 1883 1769 1940 δὲ

156 1962 229 2038 μή
271 1963 561 2038 δύναιντο,
607 1965 709 2038 τὴν
748 1969 888 2039 γοῦν
919 1964 1107 2025 εἰκόνα
1140 1964 1311 2024 αὐτοῦ
1342 1966 1439 2024 τὸν
1471 1966 1770 2042 ἱερώτατον

156 2046 380 2122 λόγον.”

283 2138 333 2192 2.
373 2131 465 2191 ’Ev
493 2137 572 2211 τῷ
603 2131 656 2191 δ’
691 2131 842 2212 αὐτῷ
872 2135 1258 2208 συγγράμματι
1288 2137 1380 2191 καὶ
1411 2134 1544 2192 τάδε
1573 2141 1717 2208 φησί
1791 2167 1808 2189 e

275 2213 439 2275 “Kssiv
467 2221 697 2291 μηδέπω
728 2222 915 2292 μέντοι
945 2217 1189 2292 τυγχάνῃ
1221 2242 1301 2286 τις
1331 2217 1623 2292 ἀξιόχρεως
1647 2216 1768 2285 υίὸς

28 2355 30 2357 ,
96 2324 137 2358 25
158 2306 298 2360 θεοῦ
321 2302 860 2375 προσαγορεύεσθαι,
894 2305 1244 2371 σπουδαζέτω
1277 2313 1607 2376 κοσμεῖσθαι
1631 2301 1768 2360 κατὰ

157 2384 256 2442 τὸν
286 2384 641 2458 πρωτόγονον
671 2386 842 2444 αὐτοῦ
874 2385 1066 2458 λόγον,
1113 2385 1209 2444 τὸν
1239 2384 1490 2460 ἀγγέλων
1521 2386 1769 2462 πρεσβύ-

157 2492 350 2539 τατον,
401 2467 474 2535 ὡς
525 2466 595 2527 ἂν
637 2469 979 2543 ἀρχάγγελον
1020 2469 1391 2545 πολυώνυμον
1431 2470 1766 2546 ὑπάρχοντα.

158 2557 207 2610 3.
254 2555 347 2610 καὶ
385 2552 490 2628 γὰρ
530 2553 671 2628 ἀρχὴ
719 2557 810 2612 καὶ
850 2553 1022 2629 ὄνομα
1073 2560 1213 2613 θεοῦ
1263 2559 1357 2613 καὶ
1398 2555 1557 2629 λόγος
1608 2559 1700 2614 καὶ
1741 2553 1769 2613 ὃ

158 2635 270 2694 κατ’
300 2637 487 2695 εἰκόνα
516 2636 816 2714 ἄνθρωπος
847 2642 938 2697 καὶ
980 2639 1008 2697 ὁ
1049 2639 1198 2715 ὁρῶν
1234 2639 1450 2714 Ἰσραὴλ
1491 2660 1770 2715 προσαγο-

30 2730 35 2758 ³
95 2743 139 2776 30
162 2719 393 2796 ρεύεται.
468 2722 555 2780 διὸ
606 2723 898 2799 προήχθην
947 2723 1115 2802 ὀλίγῳ
1168 2724 1438 2800 πρότερον
1483 2728 1768 2783 ἐπαινέσαι

278 2916 328 2954 17
360 2913 531 2967 Φίλων]
563 2916 652 2960 vol.
679 2919 715 2959 1.
740 2931 782 2970 p.
805 2918 901 2969 419,
931 2920 994 2959 16.
1027 2920 1124 2971 427,
1150 2922 1187 2959 1.
1220 2921 1318 2973 414,
1342 2922 1409 2961 22.

248 2996 481 3025 EUSEBIUS
514 2999 565 3028 11.
1484 2989 1518 3040 3
