2014 3146
256 139 363 192 238
937 137 1186 179 EUSEBII

259 253 427 313 πάλιν
457 260 569 310 τῶν
598 255 886 324 νεωτέρων
909 255 1366 325 Περιπατητικῶν
1395 276 1454 310 τε
1477 254 1569 310 καὶ
1600 258 1869 311 Στωϊκῶν

261 342 352 396 καὶ
375 338 770 411 Ἐπικουρείων
807 334 903 404 τὰς
946 334 1104 403 δοξας
1145 334 1480 409 συναγαγών
1517 333 1546 394 ὁ
1578 336 1869 411 Πλούταρ-

260 447 351 496 χος
410 425 469 478 ἐν
523 429 605 489 οἱς
664 422 938 494 ἐπέγραψε
973 416 1154 492 “Περὶ
1207 424 1319 478 τῶν
1362 417 1712 491 ἀρεσκόντων
1755 435 1868 488 τοῖς

211 530 236 563 d
261 504 586 580 φιλοσόφοις
617 524 874 578 φυσικων
906 500 1256 578 δογμάτων,”
1292 507 1345 573 ἐξ
1371 528 1450 562 ων
1474 501 1869 579 παραθήσομαι

261 593 434 647 ταῦτα
1893 614 1912 646 5

387 685 508 734 XIV.
529 672 834 774 “Θαλῆς
811 698 840 730 ο
872 671 1178 745 Μιλήσιος,
1223 669 1299 740 εἷς
1339 675 1451 730 τῶν
1493 671 1628 729 ἑπτὰ
1659 691 1868 746 σοφων,

261 756 437 833 ἀρχὴν
477 762 590 815 τῶν
629 755 808 815 ὅντων
849 755 1172 830 ἀπεφήνατο
1214 757 1358 815 εἶναι
1396 755 1456 814 τὸ
1486 753 1656 832 ὕδωρ.
1722 761 1874 815 δοκεῖ

265 844 326 901 δε
366 839 395 899 ὁ
433 838 573 915 ἀνὴρ
613 834 773 908 οὗτος
805 839 962 914 ἀρξαι
992 844 1086 914 τῆς
1117 847 1476 914 φιλοσοφιάς,
1519 843 1609 897 καὶ
1642 837 1737 897 ἀπ’
1775 840 1871 899 αὐ-

147 948 243 988 (ι48)
261 929 361 985 τοῦ
399 925 431 998 ἡ
459 923 669 999 Ἰωνικὴ
710 931 919 1000 αι’ρεσις
961 924 1414 1001 προσηγορεύθη·
1474 927 1725 1032 ἐγένοντο
1766 924 1872 999 γὰρ

263 1020 514 1069 πλεῖσται
570 1016 839 1083 διαδοχαί.
937 1009 1319 1084 φιλοσοφήσας
1374 1010 1434 1066 δε
1491 1013 1551 1066 ἐν
1605 1007 1871 1086 Αίγυπτω
1896 1036 1934 1067 10

263 1093 635 1171 πρεσβύτερος
666 1086 843 1167 ἦλθεν
874 1100 952 1161 εἰς
991 1101 1253 1166 Μίλητον.
1326 1096 1378 1162 ἐξ
1409 1089 1612 1160 ῦδατος
1647 1095 1711 1150 δέ
1735 1112 1873 1166 φησι

263 1178 446 1237 πάντα
489 1180 632 1237 εἶναι
675 1180 765 1235 καὶ
810 1185 887 1244 εἰς
926 1176 1083 1253 ὕδωρ
1114 1176 1293 1235 πάντα
1332 1175 1692 1236 ἀναλύεσθαι.
1754 1196 1872 1234 στο-

264 1263 477 1337 χάζεται
520 1264 580 1320 δε
627 1266 685 1320 ἐκ
728 1260 928 1320 τούτου
979 1285 1200 1336 πρωτον
1246 1259 1330 1319 ὅτι
1369 1260 1595 1320 πάντων
1645 1259 1799 1338 ζςόων
1839 1286 1875 1363 η

262 1347 399 1420 γονὴ
445 1344 585 1421 ἀρχή
632 1351 772 1418 ἐστι,
828 1345 972 1421 ὑγρὰ
1026 1348 1191 1404 οὐσα·
1259 1344 1434 1413 οὕτως
1493 1344 1635 1414 εἰκὸς
1672 1347 1766 1403 καὶ
1808 1345 1875 1402 τὰ

263 1431 443 1489 πάντα
490 1435 542 1499 ἐξ
587 1430 766 1506 ὑγροῦ
820 1432 922 1503 τὴν
974 1429 1151 1504 ἀρχὴν
1207 1436 1366 1504 ἔ.χειν
1455 1429 1741 1504 δεύτερον,
1789 1428 1870 1487 ὅτι
1899 1453 1936 1486 15

262 1515 445 1573 πάντα
489 1516 556 1573 τὰ
599 1514 748 1589 φυτά
791 1514 947 1591 ὑγρῷ
989 1517 1250 1590 τρέφεταί
1290 1539 1347 1573 τε
1388 1517 1478 1571 καὶ
1511 1528 1871 1588 καρποφορεῖ,

263 1597 600 1673 ἀμοιροῦντα
642 1601 700 1657 δὲ
743 1603 1073 1673 ξηραίνεται.
1135 1606 1323 1673 τρίτον
1355 1601 1447 1672 δὲ,
1488 1596 1572 1656 ὅτι
1615 1601 1707 1656 καὶ
1738 1597 1873 1655 αὐτὸ

263 1682 323 1741 τό
354 1689 464 1757 πῦρ
496 1684 556 1741 τὸ
587 1687 687 1741 τοῦ
724 1680 886 1756 ἡλίου
917 1685 1007 1740 καὶ
1051 1686 1165 1740 τεᾶν
1195 1681 1416 1757 ἄστρων
1445 1697 1562 1761 ταῖς
1592 1687 1704 1741 τῶν
1732 1679 1874 1740 ῦὸἀ-

218 1787 238 1818 b
263 1792 376 1825 των
405 1765 816 1840 ἀναθυμιάσεσι
846 1769 1122 1841 τρέφεται,
1155 1770 1246 1824 καὶ
1270 1765 1431 1834 αὐτὸς
1455 1767 1484 1824 ὁ
1515 1765 1731 1840 κόσμος.
1783 1765 1874 1823 διὰ

264 1855 422 1909 τοῦτο
468 1854 559 1908 καὶ
591 1851 826 1924 Ὅμηρος
870 1850 1077 1923 ταύτην
1130 1850 1232 1923 τὴν
1275 1851 1503 1924 γνώμην
1546 1850 1871 1909 ὑποτίθεται
1895 1874 1934 1906 20

266 1938 392 2010 περὶ
424 1939 522 1992 τοῦ
550 1932 777 2007 ὕδατος,

474 2050 741 2118 Ὠκεανὸν,
772 2052 921 2123 ὅσπερ
949 2056 1134 2123 γένεσις
1159 2055 1392 2106 πάντεσσι
1420 2057 1655 2107 τέτυκται.

267 2179 441 2231 ταῦτα
471 2197 573 2246 μεν
602 2170 630 2230 ὁ
666 2169 902 2245 ΘαλῆςΪ

477 2267 530 2290 (θ’

392 2275 441 2328 2.
527 2274 949 2345 Αναξίμανὸρος
983 2273 1044 2328 δε
1074 2268 1102 2328 ὁ
1137 2270 1409 2378 Μιλήσιός
1449 2289 1585 2344 φησι
1625 2275 1738 2330 τῶν
1776 2269 1872 2329 ὅν-
1894 2294 1934 2325 25
1971 2324 1975 2328 .

264 2377 377 2411 των
399 2353 500 2426 τὴν
524 2354 699 2428 ἀρχὴν
732 2355 873 2412 εἶναι
895 2353 954 2412 τὸ
973 2353 1224 2428 ἀπειρον·
1261 2360 1319 2412 ἐκ
1342 2353 1445 2430 γὰρ
1470 2355 1669 2413 τούτου
1693 2354 1871 2412 πάντα

265 2443 524 2509 γίνεσθαι
571 2442 661 2495 καὶ
705 2445 782 2505 εἰς
824 2445 984 2496 τοῦτο
1027 2438 1207 2496 πάντα
1248 2445 1615 2512 φθείρεσθαι
1666 2437 1748 2496 διὸ
1780 2441 1870 2496 καὶ

266 2524 575 2593 γεννᾶσθαι
607 2521 872 2595 ἀπείρους
904 2521 1169 2596 κόσμους,
1212 2525 1303 2580 καὶ
1335 2523 1502 2580 πάλιν
1531 2529 1871 2597 φθείρεσθαι

270 2611 348 2670 εἰς
378 2604 437 2661 τὸ
473 2608 523 2672 ἐξ
554 2606 621 2661 οὑ
653 2611 879 2677 γίνεται.
943 2611 1089 2679 λέγει
1123 2605 1176 2663 δ’
1214 2600 1344 2680 οῦν,
1381 2606 1518 2664 διότι
1540 2607 1600 2663 τὸ
1630 2605 1871 2677 ἀπέραν-

267 2687 363 2745 τόν
395 2692 560 2759 ἐστιν,
593 2695 686 2745 ἵνα
716 2691 891 2761 μηδεν
916 2693 1136 2764 ἐλλείπῃ
1169 2693 1259 2748 καὶ
1283 2692 1316 2764 ἡ
1339 2693 1553 2762 γένεσις
1576 2686 1609 2762 ἡ
1632 2688 1869 2761 ῦφιστα-
1893 2713 1933 2744 30

380 2883 404 2920 2
439 2874 758 2934 Πλούταρχος]
794 2882 862 2922 De
886 2881 1045 2934 placit.
1070 2882 1234 2934 philos.
1258 2897 1299 2934 p.
1324 2884 1418 2923 875.
