2014 3146
256 124 361 177 296
949 124 1199 166 EUSEBII

145 240 467 315 (754)κόσμου
508 237 870 312 κατασκευήν.
960 243 1008 296 4.
1059 241 1150 296 καὶ
1191 238 1390 313 πάλιν,
1433 236 1462 298 ὁ
1501 240 1633 309 θεὸς
1673 238 1739 300 ὂν
1782 244 1873 300 λε’-

216 2713 234 2744 d

255 343 479 399 γουσιν,
523 323 643 397 ἤτοι
683 322 780 381 τὸν
821 328 1142 398 ἔμπροσθεν
1181 327 1358 382 αἰῶνα
1399 323 1501 382 οὐκ
1539 327 1639 398 ἦν,
1680 324 1770 384 ὅτε
1801 320 1871 399 ἦν

255 407 489 482 ἀκίνητα
517 407 585 466 τοὶ
616 407 869 482 σώματα,
901 403 936 480 ἢ
967 405 1057 465 ὅτε
1087 407 1333 475 ἀτάκτως
1366 412 1626 482 ἐκινεῖτο,
1659 407 1693 483 ἢ
1727 414 1865 468 ἐκοι-

255 496 419 567 μᾶτο,
462 490 496 566 ἢ
528 491 841 567 ἐγρηγόρει,
884 489 919 567 ἢ
948 491 1244 566 οὐδέτερον
1273 491 1500 551 τούτων.
1575 491 1610 567 ἢ
1650 493 1777 554 οὔτε
1807 495 1864 553 τὸ

256 582 478 652 πρῶτον
509 584 623 636 ἔστι
656 581 951 646 δέξασθαι·
997 581 1104 644 πᾶς
1134 577 1239 651 γὰρ
1270 575 1402 644 θεὸς
1434 576 1683 646 αἰώνιος·
1743 577 1869 637 οὔτε
1912 599 1934 632 5

255 661 316 720 τὸ
350 660 636 736 δεύτερον·
686 669 736 719 εἰ
763 661 869 737 γὰρ
902 665 1154 736 ἐκοιμᾶτο
1187 666 1240 731 ἐξ
1272 666 1473 730 αἰῶνος
1503 661 1532 720 ὅ
1562 661 1724 736 θεὸς,
1758 665 1874 720 ἐτε-

255 745 477 821 θνήκει·
526 745 749 814 αἰώνιος
779 746 884 821 γὰρ
914 744 1088 814 ὕπνος
1119 730 1362 814 θάνατός
1400 749 1563 805 ἐστιν.
1641 745 1780 804 ἀλλά
1809 771 1872 820 γε

256 830 485 941 ἅδεξτές
525 829 709 890 ὕπνου
750 827 779 889 ὁ
821 829 974 898 θεός·
1041 829 1101 889 τὸ
1141 831 1247 906 γὰρ
1290 829 1721 917 ἀθάνατονακαὶ
1771 835 1875 889 τοῦ

256 926 396 974 θεου
438 915 603 989 εγγύς
642 914 827 974 ὕπνου
866 915 1206 990 κεχώρισται.
1296 921 1344 974 5.
1396 922 1446 973 εἰ
1490 917 1551 974 δὲ
1580 917 1652 988 ἠν
1681 915 1710 974 ὁ
1741 914 1873 983 θεὸς

257 1001 588 1076 ἐγρηγορώς,
615 998 739 1073 ’ἤτοι
772 1003 1023 1059 ἐνέλιπεν
1054 1006 1132 1068 εἰς
1164 999 1562 1075 εὐδαιμονίαν,
1593 998 1628 1073 ἢ
1659 999 1871 1073 πεπλή-
1895 1032 1937 1064 ιο

257 1109 399 1159 ρωτο
432 1087 492 1142 ἐν
521 1083 891 1159 μακαριότητι.
967 1087 1061 1142 καὶ
1091 1083 1219 1143 οὔτε
1250 1084 1387 1143 κατὰ
1415 1085 1475 1142 τὸ
1507 1084 1728 1159 πρῶτόν
1761 1088 1875 1143 ἐστι

256 1167 523 1243 μακάριος
563 1168 591 1226 ὅ
632 1168 790 1236 θεός·
836 1169 898 1227 τὸ
939 1168 1045 1245 γὰρ
1089 1173 1346 1228 ἐλλεῖπον
1388 1175 1464 1236 εἰς
1508 1168 1874 1243 εὐδαιμονίαν

256 1251 321 1311 οὐ
354 1252 651 1328 μακάριον·
698 1252 830 1311 οὔτε
861 1252 999 1311 κατὰ
1031 1256 1091 1311 τὸ
1124 1253 1414 1330 δεύτερον·
1448 1255 1623 1327 μηδὲν
1646 1254 1750 1329 γὰρ
1784 1257 1875 1312 ἐλ-

258 1345 467 1396 λείπων
505 1351 694 1404 κεναῖς
735 1345 964 1411 ἔμελλεν
994 1342 1292 1413 ἐπιχειρεῖν
1323 1337 1568 1413 πράξεσι.
1644 1342 1759 1405 πῶς
1793 1339 1871 1410 δὲ,

258 1432 412 1497 εἴπερ
454 1419 483 1480 ὁ
525 1421 657 1489 θεός
699 1426 812 1480 ἐστι
853 1425 945 1480 καὶ
983 1429 1050 1498 τῇ
1089 1422 1290 1481 τούτου
1330 1429 1590 1498 φροντίδι
1629 1423 1695 1480 ’τὰ
1735 1425 1872 1480 κατὰ
1895 1451 1937 1483 15

255 1505 561 1580 ἄνθρωπον
599 1513 996 1581 οἰκονομεῖται,
1049 1507 1109 1565 τὸ
1162 1509 1265 1582 μὲν
1317 1514 1586 1581 κίβδηλον
1632 1505 1870 1581 εὐτυχεῖ,

256 1591 316 1649 τὸ
371 1593 431 1649 δὲ
483 1590 708 1650 ἀστεῖον
766 1592 827 1650 τὸ
881 1596 1137 1651 ἐναντίον
1195 1591 1421 1667 πάσχει;
1514 1594 1872 1667 Ἀγαμέμνων

257 1699 316 1732 τε
344 1676 450 1750 γὰρ

315 1776 615 1850 ἀμφότερον,
642 1782 872 1850 βασιλεύς
896 1779 944 1834 τ’
975 1779 1170 1851 ἀγαθός
1196 1783 1431 1850 κρατερός
1457 1780 1505 1834 τ’
1533 1779 1788 1850 αἰχμητής,

257 1911 367 1971 ὑπὸ
406 1921 600 1993 μοιχοῦ
641 1918 733 1972 καὶ
774 1921 1090 1988 μοιχαλίδος
1141 1913 1398 1988 ἡττηθεὶς
1451 1914 1864 1989 ἐδολοφονήθη·
1890 1936 1934 1969 20

259 2001 352 2055 καὶ
382 1997 408 2054 ὁ
442 1995 643 2056 τούτου
676 2000 738 2056 δὲ
769 1999 1042 2072 συγγενὴς
1065 1999 1366 2074 “Ηρακλῆς,
1399 1999 1573 2057 πολλὰ
1609 2003 1721 2057 τῶν
1753 2003 1873 2057 ἐπι-

259 2086 682 2157 λυμαινομένων
720 2084 817 2141 τὸν
856 2082 1219 2159 ἀνθρώπινον
1259 2091 1384 2157 βίον
1430 2083 1710 2159 καθάρας,
1763 2080 1871 2141 ὑπὸ

259 2174 600 2242 Δηϊανείρας
632 2171 1052 2243 φαρμακευθεὶς
1086 2166 1530 2243 ἐδολοφονήθη.”

385 2298 433 2351 6.
474 2289 698 2367 “Θαλῆς
729 2294 827 2352 τὸν
856 2294 1064 2370 κόσμον
1098 2295 1240 2353 εἶναι
1270 2293 1366 2353 τὸν
1395 2294 1548 2353 θεόν.

381 2387 812 2468 Ἀναξίμανδρος
842 2393 971 2461 τοὺς
1002 2392 1235 2467 ἀστέρας
1266 2390 1565 2467 οὐρανίους
1596 2391 1780 2459 θεούς.
1892 2406 1934 2440 25

387 2488 735 2564 Δημόκριτος
773 2491 912 2550 θεὸν
953 2495 1013 2549 ἐν
1053 2494 1189 2566 πυρὶ
1242 2495 1569 2566 σφαιροειδῆ
1623 2489 1725 2564 τὴν
1775 2493 1874 2549 τοῦ

260 2571 468 2646 κόσμου
499 2573 700 2647 ψυχήν.

387 2684 730 2758 Πυθαγόρας
769 2690 882 2744 τῶν
924 2684 1110 2761 ἀρχῶν
1149 2688 1250 2760 τὴν
1295 2689 1397 2761 μὲν
1447 2685 1664 2761 μονάδα
1704 2685 1866 2743 θεόν·

260 2771 350 2825 καὶ
382 2769 442 2826 τὸ
474 2768 711 2842 ἀγαθὸν,
744 2767 860 2842 ἥτις
893 2774 1044 2829 ἐστὶν
1075 2771 1109 2844 ἡ
1140 2776 1239 2830 τοῦ
1270 2770 1392 2838 ἐνὸς
1422 2769 1610 2843 φύσις,
1644 2767 1808 2837 αὐτὸς
1839 2767 1867 2828 ὁ

260 2859 390 2920 νοῦς
406 2871 416 2876 ”
471 2853 573 2926 τὴν
615 2851 669 2911 δ’
711 2853 969 2927 ἀόριστον
1012 2855 1193 2913 δυάδα
1242 2858 1332 2912 καὶ
1389 2861 1625 2928 δαίμονα
1676 2857 1768 2911 καὶ
1806 2854 1866 2912 τὸ
1889 2878 1930 2911 30
