<?xml version="1.0" encoding="UTF-8"?>
<!DOCTYPE html PUBLIC "-//W3C//DTD XHTML 1.0 Transitional//EN"
    "http://www.w3.org/TR/xhtml1/DTD/xhtml1-transitional.dtd">
<html xmlns="http://www.w3.org/1999/xhtml" xml:lang="en" lang="en">
 <head>
  <title>
</title>
<meta http-equiv="Content-Type" content="text/html;charset=utf-8" />
  <meta name='ocr-system' content='tesseract 3.04.00' />
  <meta name='ocr-capabilities' content='ocr_page ocr_carea ocr_par ocr_line ocrx_word'/>
</head>
<body>
  <div class='ocr_page' id='page_1' title='image "./operaeusebius02euseuoft_0283.png"; bbox 0 0 2014 3146; ppageno 0'>
   <div class='ocr_carea' id='block_1_1' title="bbox 577 102 1732 181">
    <p class='ocr_par' dir='ltr' id='par_1_1' title="bbox 577 102 1732 181">
     <span class='ocr_line' id='line_1_1' title="bbox 577 102 1732 181; baseline 0.008 -9"><span class='ocrx_word' id='word_1_1' title='bbox 577 130 790 173; x_wconf 81' lang='lat' dir='ltr'><strong>PRAEP.</strong></span> <span class='ocrx_word' id='word_1_2' title='bbox 821 130 1043 173; x_wconf 79' lang='lat' dir='ltr'>EVANG.</span> <span class='ocrx_word' id='word_1_3' title='bbox 1074 102 1195 173; x_wconf 66' lang='lat' dir='ltr'><em>xtv</em></span> <span class='ocrx_word' id='word_1_4' title='bbox 1228 132 1268 171; x_wconf 87' lang='lat'><em>9.</em></span> <span class='ocrx_word' id='word_1_5' title='bbox 1626 128 1732 181; x_wconf 81' lang='lat'><em>279</em></span> 
     </span>
    </p>
   </div>
   <div class='ocr_carea' id='block_1_2' title="bbox 33 244 1839 2930">
    <p class='ocr_par' dir='ltr' id='par_1_2' title="bbox 33 244 1839 2930">
     <span class='ocr_line' id='line_1_2' title="bbox 117 244 1731 324; baseline 0 -21"><span class='ocrx_word' id='word_1_6' title='bbox 117 251 194 324; x_wconf 78' lang='grc' dir='ltr'><em>τῷ</em></span> <span class='ocrx_word' id='word_1_7' title='bbox 225 248 517 321; x_wconf 82' lang='grc' dir='ltr'><em>καθηγητῇ</em></span> <span class='ocrx_word' id='word_1_8' title='bbox 561 244 868 321; x_wconf 79' lang='grc' dir='ltr'><em>ἐφρόνησε,</em></span> <span class='ocrx_word' id='word_1_9' title='bbox 913 251 1085 320; x_wconf 89' lang='grc' dir='ltr'><em>μυρία</em></span> <span class='ocrx_word' id='word_1_10' title='bbox 1124 268 1183 302; x_wconf 88' lang='grc' dir='ltr'><em>τε</em></span> <span class='ocrx_word' id='word_1_11' title='bbox 1222 247 1352 313; x_wconf 81' lang='grc' dir='ltr'><em>ξένα</em></span> <span class='ocrx_word' id='word_1_12' title='bbox 1382 248 1635 320; x_wconf 76' lang='grc' dir='ltr'><em>προσῆψε</em></span> <span class='ocrx_word' id='word_1_13' title='bbox 1664 250 1731 320; x_wconf 84' lang='grc' dir='ltr'><em>τῇ</em></span> 
     </span>
     <span class='ocr_line' id='line_1_3' title="bbox 111 327 769 406; baseline -0.008 -17.761"><span class='ocrx_word' id='word_1_14' title='bbox 111 327 477 406; x_wconf 77' lang='grc' dir='ltr'><em>’4καδημία.”</em></span> <span class='ocrx_word' id='word_1_15' title='bbox 767 380 769 383; x_wconf 79' lang='grc'><em>,</em></span> 
     </span>
     <span class='ocr_line' id='line_1_4' title="bbox 246 412 1730 489; baseline 0.001 -19"><span class='ocrx_word' id='word_1_16' title='bbox 246 418 296 472; x_wconf 88' lang='grc'><em>4.</em></span> <span class='ocrx_word' id='word_1_17' title='bbox 338 418 523 473; x_wconf 83' lang='grc' dir='ltr'><em>Ταῦτα</em></span> <span class='ocrx_word' id='word_1_18' title='bbox 546 416 636 471; x_wconf 85' lang='grc' dir='ltr'><em>καὶ</em></span> <span class='ocrx_word' id='word_1_19' title='bbox 663 412 1021 488; x_wconf 89' lang='grc' dir='ltr'><em>παραπλήσια</em></span> <span class='ocrx_word' id='word_1_20' title='bbox 1043 413 1255 481; x_wconf 82' lang='grc' dir='ltr'><em>τούτοις</em></span> <span class='ocrx_word' id='word_1_21' title='bbox 1272 419 1444 489; x_wconf 91' lang='grc' dir='ltr'><em>μυρία</em></span> <span class='ocrx_word' id='word_1_22' title='bbox 1466 418 1561 486; x_wconf 84' lang='grc' dir='ltr'><em>τῆς</em></span> <span class='ocrx_word' id='word_1_23' title='bbox 1578 412 1730 472; x_wconf 83' lang='grc' dir='ltr'><em>Πλα-</em></span> 
     </span>
     <span class='ocr_line' id='line_1_5' title="bbox 118 495 1729 572; baseline -0.001 -16"><span class='ocrx_word' id='word_1_24' title='bbox 118 523 289 566; x_wconf 91' lang='grc' dir='ltr'><em>τωνος</em></span> <span class='ocrx_word' id='word_1_25' title='bbox 320 501 447 571; x_wconf 80' lang='grc' dir='ltr'><em>περὶ</em></span> <span class='ocrx_word' id='word_1_26' title='bbox 472 502 734 572; x_wconf 80' lang='grc' dir='ltr'><em>διαδοχῆς</em></span> <span class='ocrx_word' id='word_1_27' title='bbox 755 497 1174 571; x_wconf 85' lang='grc' dir='ltr'><em>μνημονεύεται.</em></span> <span class='ocrx_word' id='word_1_28' title='bbox 1231 496 1347 571; x_wconf 87' lang='grc' dir='ltr'><em>ω’ρα</em></span> <span class='ocrx_word' id='word_1_29' title='bbox 1372 495 1426 555; x_wconf 88' lang='grc' dir='ltr'><em>δ’</em></span> <span class='ocrx_word' id='word_1_30' title='bbox 1459 500 1563 556; x_wconf 86' lang='grc' dir='ltr'><em>οὐν</em></span> <span class='ocrx_word' id='word_1_31' title='bbox 1586 496 1729 556; x_wconf 80' lang='grc' dir='ltr'><em>ἅνω-</em></span> 
     </span>
     <span class='ocr_line' id='line_1_6' title="bbox 71 581 1731 656; baseline 0 -16"><span class='ocrx_word' id='word_1_32' title='bbox 71 607 96 639; x_wconf 80' lang='lat'>5</span> <span class='ocrx_word' id='word_1_33' title='bbox 119 593 226 640; x_wconf 92' lang='grc' dir='ltr'><em>θεν</em></span> <span class='ocrx_word' id='word_1_34' title='bbox 256 581 353 640; x_wconf 85' lang='grc' dir='ltr'><em>τὸν</em></span> <span class='ocrx_word' id='word_1_35' title='bbox 383 581 548 656; x_wconf 83' lang='grc' dir='ltr'><em>λόγον</em></span> <span class='ocrx_word' id='word_1_36' title='bbox 579 581 958 656; x_wconf 76' lang='grc' dir='ltr'><strong><em>ἀναλαβόντας</em></strong></span> <span class='ocrx_word' id='word_1_37' title='bbox 980 607 1093 639; x_wconf 87' lang='grc' dir='ltr'><em>των</em></span> <span class='ocrx_word' id='word_1_38' title='bbox 1115 585 1374 654; x_wconf 73' lang='grc' dir='ltr'><em>φυσικῶν</em></span> <span class='ocrx_word' id='word_1_39' title='bbox 1403 581 1731 655; x_wconf 88' lang='grc' dir='ltr'><em>φιλοσόφων</em></span> 
     </span>
     <span class='ocr_line' id='line_1_7' title="bbox 117 663 1729 740; baseline 0 -16"><span class='ocrx_word' id='word_1_40' title='bbox 117 666 213 734; x_wconf 79' lang='grc' dir='ltr'><em>τὰς</em></span> <span class='ocrx_word' id='word_1_41' title='bbox 258 672 623 736; x_wconf 82' lang='grc' dir='ltr'><em>ψευδοδοξίας</em></span> <span class='ocrx_word' id='word_1_42' title='bbox 652 663 789 740; x_wconf 82' lang='grc' dir='ltr'><em>ὁμοῦ</em></span> <span class='ocrx_word' id='word_1_43' title='bbox 836 669 927 724; x_wconf 82' lang='grc' dir='ltr'><em>καὶ</em></span> <span class='ocrx_word' id='word_1_44' title='bbox 958 663 1268 735; x_wconf 75' lang='grc' dir='ltr'><em>ἀντιδοξίας</em></span> <span class='ocrx_word' id='word_1_45' title='bbox 1301 670 1729 739; x_wconf 80' lang='grc' dir='ltr'><strong><em>ἐπισκέψασθαι,</em></strong></span> 
     </span>
     <span class='ocr_line' id='line_1_8' title="bbox 117 749 1731 825; baseline -0.001 -17"><span class='ocrx_word' id='word_1_46' title='bbox 117 758 174 808; x_wconf 79' lang='grc' dir='ltr'><em>οἳ</em></span> <span class='ocrx_word' id='word_1_47' title='bbox 200 749 301 824; x_wconf 86' lang='grc' dir='ltr'><em>τὴν</em></span> <span class='ocrx_word' id='word_1_48' title='bbox 346 751 557 825; x_wconf 80' lang='grc' dir='ltr'><em>πολλὴν</em></span> <span class='ocrx_word' id='word_1_49' title='bbox 595 755 703 824; x_wconf 78' lang='grc' dir='ltr'><em>γῆν</em></span> <span class='ocrx_word' id='word_1_50' title='bbox 733 751 1146 823; x_wconf 79' lang='grc' dir='ltr'><em>πλανηθέντες,</em></span> <span class='ocrx_word' id='word_1_51' title='bbox 1191 753 1282 808; x_wconf 84' lang='grc' dir='ltr'><em>καὶ</em></span> <span class='ocrx_word' id='word_1_52' title='bbox 1323 749 1425 824; x_wconf 83' lang='grc' dir='ltr'><em>τὴν</em></span> <span class='ocrx_word' id='word_1_53' title='bbox 1465 755 1566 807; x_wconf 82' lang='grc' dir='ltr'><em>τοῦ</em></span> <span class='ocrx_word' id='word_1_54' title='bbox 1594 749 1731 824; x_wconf 79' lang='grc' dir='ltr'><em>ἄλη-</em></span> 
     </span>
     <span class='ocr_line' id='line_1_9' title="bbox 116 831 1731 910; baseline -0.001 -17"><span class='ocrx_word' id='word_1_55' title='bbox 116 839 259 902; x_wconf 84' lang='grc' dir='ltr'><em>θοῦς</em></span> <span class='ocrx_word' id='word_1_56' title='bbox 292 831 512 908; x_wconf 73' lang='grc' dir='ltr'><em>εὕρεσιν</em></span> <span class='ocrx_word' id='word_1_57' title='bbox 542 837 669 910; x_wconf 86' lang='grc' dir='ltr'><em>περὶ</em></span> <span class='ocrx_word' id='word_1_58' title='bbox 699 841 960 892; x_wconf 78' lang='grc' dir='ltr'><em>πλείστου</em></span> <span class='ocrx_word' id='word_1_59' title='bbox 984 837 1361 908; x_wconf 89' lang='grc' dir='ltr'><em>πεποιημένοι,</em></span> <span class='ocrx_word' id='word_1_60' title='bbox 1395 850 1512 900; x_wconf 82' lang='grc' dir='ltr'><em>ταῖς</em></span> <span class='ocrx_word' id='word_1_61' title='bbox 1535 859 1592 892; x_wconf 91' lang='grc' dir='ltr'><em>τε</em></span> <span class='ocrx_word' id='word_1_62' title='bbox 1617 840 1731 892; x_wconf 78' lang='grc' dir='ltr'><em>τῶν</em></span> 
     </span>
     <span class='ocr_line' id='line_1_10' title="bbox 117 916 1839 992; baseline -0.002 -16"><span class='ocrx_word' id='word_1_63' title='bbox 117 922 369 976; x_wconf 75' lang='grc' dir='ltr'><em>παλαιῶν</em></span> <span class='ocrx_word' id='word_1_64' title='bbox 400 916 662 977; x_wconf 76' lang='grc' dir='ltr'><em>ἁπάντων</em></span> <span class='ocrx_word' id='word_1_65' title='bbox 695 917 878 987; x_wconf 82' lang='grc' dir='ltr'><em>δόξαις</em></span> <span class='ocrx_word' id='word_1_66' title='bbox 908 918 1387 992; x_wconf 86' lang='grc' dir='ltr'><em>καθωμιληκότες,</em></span> <span class='ocrx_word' id='word_1_67' title='bbox 1421 921 1511 975; x_wconf 85' lang='grc' dir='ltr'><em>καὶ</em></span> <span class='ocrx_word' id='word_1_68' title='bbox 1542 918 1725 991; x_wconf 79' lang='grc' dir='ltr'><em>τάκρι-</em></span> <span class='ocrx_word' id='word_1_69' title='bbox 1751 942 1839 983; x_wconf 74' lang='lat'>[4321</span> 
     </span>
     <span class='ocr_line' id='line_1_11' title="bbox 54 1002 1729 1076; baseline 0.001 -18"><span class='ocrx_word' id='word_1_70' title='bbox 54 1027 95 1058; x_wconf 83' lang='lat'><em>10</em></span> <span class='ocrx_word' id='word_1_71' title='bbox 118 1005 210 1076; x_wconf 71' lang='grc' dir='ltr'><em>βὲς</em></span> <span class='ocrx_word' id='word_1_72' title='bbox 240 1007 336 1075; x_wconf 78' lang='grc' dir='ltr'><em>τῆς</em></span> <span class='ocrx_word' id='word_1_73' title='bbox 366 1002 515 1076; x_wconf 76' lang='grc' dir='ltr'><em>παρὰ</em></span> <span class='ocrx_word' id='word_1_74' title='bbox 560 1007 693 1060; x_wconf 77' lang='grc' dir='ltr'><em>πᾶσι</em></span> <span class='ocrx_word' id='word_1_75' title='bbox 727 1006 948 1071; x_wconf 82' lang='grc' dir='ltr'><em>Φοίνιξί</em></span> <span class='ocrx_word' id='word_1_76' title='bbox 971 1027 1030 1060; x_wconf 88' lang='grc' dir='ltr'><em>τε</em></span> <span class='ocrx_word' id='word_1_77' title='bbox 1061 1006 1153 1061; x_wconf 87' lang='grc' dir='ltr'><em>καὶ</em></span> <span class='ocrx_word' id='word_1_78' title='bbox 1185 1009 1510 1076; x_wconf 75' lang='grc' dir='ltr'><em>Αἰγυπτίοις</em></span> <span class='ocrx_word' id='word_1_79' title='bbox 1542 1002 1729 1070; x_wconf 79' lang='grc' dir='ltr'><em>αὐτοῖς</em></span> 
     </span>
     <span class='ocr_line' id='line_1_12' title="bbox 117 1084 1836 1162; baseline -0.002 -18"><span class='ocrx_word' id='word_1_80' title='bbox 117 1111 176 1145; x_wconf 85' lang='grc' dir='ltr'><em>τε</em></span> <span class='ocrx_word' id='word_1_81' title='bbox 190 1084 416 1160; x_wconf 71' lang='grc' dir='ltr'><em>’Ἕλλησι</em></span> <span class='ocrx_word' id='word_1_82' title='bbox 456 1086 598 1145; x_wconf 72' lang='grc' dir='ltr'><em>πολὺ</em></span> <span class='ocrx_word' id='word_1_83' title='bbox 640 1086 911 1162; x_wconf 88' lang='grc' dir='ltr'><em>πρότερον</em></span> <span class='ocrx_word' id='word_1_84' title='bbox 949 1094 1240 1160; x_wconf 78' lang='grc' dir='ltr'><em>θεολογίας</em></span> <span class='ocrx_word' id='word_1_85' title='bbox 1284 1087 1836 1161; x_wconf 47' lang='grc' dir='ltr'><em>ἐξηκριβωκότεςμτιο)</em></span> 
     </span>
     <span class='ocr_line' id='line_1_13' title="bbox 116 1169 1729 1246; baseline 0.001 -18"><span class='ocrx_word' id='word_1_86' title='bbox 116 1178 241 1229; x_wconf 90' lang='grc' dir='ltr'><em>τίνα</em></span> <span class='ocrx_word' id='word_1_87' title='bbox 286 1175 399 1229; x_wconf 75' lang='grc' dir='ltr'><em>τῶν</em></span> <span class='ocrx_word' id='word_1_88' title='bbox 439 1171 629 1230; x_wconf 89' lang='grc' dir='ltr'><em>πόνων</em></span> <span class='ocrx_word' id='word_1_89' title='bbox 668 1173 764 1229; x_wconf 89' lang='grc' dir='ltr'><em>τὸν</em></span> <span class='ocrx_word' id='word_1_90' title='bbox 805 1171 1020 1245; x_wconf 86' lang='grc' dir='ltr'><em>καρπὸν</em></span> <span class='ocrx_word' id='word_1_91' title='bbox 1074 1171 1299 1246; x_wconf 80' lang='grc' dir='ltr'><em>εὕροντο</em></span> <span class='ocrx_word' id='word_1_92' title='bbox 1351 1172 1483 1246; x_wconf 84' lang='grc' dir='ltr'><em>παρ’</em></span> <span class='ocrx_word' id='word_1_93' title='bbox 1543 1169 1729 1229; x_wconf 79' lang='grc' dir='ltr'><em>αὐτῶν</em></span> 
     </span>
     <span class='ocr_line' id='line_1_14' title="bbox 117 1252 1729 1330; baseline 0.001 -18"><span class='ocrx_word' id='word_1_94' title='bbox 117 1253 271 1324; x_wconf 70' lang='grc' dir='ltr'><em>ἄξιον</em></span> <span class='ocrx_word' id='word_1_95' title='bbox 300 1254 563 1330; x_wconf 77' lang='grc' dir='ltr'><em>ἀκοῦσαι,</em></span> <span class='ocrx_word' id='word_1_96' title='bbox 607 1255 679 1324; x_wconf 75' lang='grc' dir='ltr'><em>ὡς</em></span> <span class='ocrx_word' id='word_1_97' title='bbox 718 1252 788 1313; x_wconf 70' lang='grc' dir='ltr'><em>ἂν</em></span> <span class='ocrx_word' id='word_1_98' title='bbox 832 1255 1108 1330; x_wconf 74' lang='grc' dir='ltr'><em>μάθοιμεν</em></span> <span class='ocrx_word' id='word_1_99' title='bbox 1151 1265 1206 1313; x_wconf 78' lang='grc' dir='ltr'><em>εἴ</em></span> <span class='ocrx_word' id='word_1_100' title='bbox 1228 1282 1280 1314; x_wconf 87' lang='grc' dir='ltr'><em>τι</em></span> <span class='ocrx_word' id='word_1_101' title='bbox 1310 1257 1617 1328; x_wconf 75' lang='grc' dir='ltr'><em>θεοπρεπὲς</em></span> <span class='ocrx_word' id='word_1_102' title='bbox 1651 1263 1729 1322; x_wconf 84' lang='grc' dir='ltr'><em>εἰς</em></span> 
     </span>
     <span class='ocr_line' id='line_1_15' title="bbox 116 1339 1728 1414; baseline 0 -17"><span class='ocrx_word' id='word_1_103' title='bbox 116 1339 318 1407; x_wconf 72' lang='grc' dir='ltr'><em>αὐτοὺς</em></span> <span class='ocrx_word' id='word_1_104' title='bbox 349 1340 497 1414; x_wconf 77' lang='grc' dir='ltr'><em>παρὰ</em></span> <span class='ocrx_word' id='word_1_105' title='bbox 526 1345 639 1399; x_wconf 81' lang='grc' dir='ltr'><em>τῶν</em></span> <span class='ocrx_word' id='word_1_106' title='bbox 668 1343 1064 1414; x_wconf 83' lang='grc' dir='ltr'><em>πρεσβυτέρων</em></span> <span class='ocrx_word' id='word_1_107' title='bbox 1087 1347 1381 1413; x_wconf 84' lang='grc' dir='ltr'><em>κατῆλθεν.</em></span> <span class='ocrx_word' id='word_1_108' title='bbox 1438 1346 1485 1398; x_wconf 78' lang='lat'><em>5.</em></span> <span class='ocrx_word' id='word_1_109' title='bbox 1513 1339 1728 1414; x_wconf 75' lang='grc' dir='ltr'><em>ἐκράτει</em></span> 
     </span>
     <span class='ocr_line' id='line_1_16' title="bbox 53 1424 1728 1526; baseline 0.002 -48"><span class='ocrx_word' id='word_1_110' title='bbox 53 1447 95 1478; x_wconf 81' lang='grc' dir='ltr'><em>ι5</em></span> <span class='ocrx_word' id='word_1_111' title='bbox 118 1425 221 1498; x_wconf 73' lang='grc' dir='ltr'><em>μὲν</em></span> <span class='ocrx_word' id='word_1_112' title='bbox 250 1425 355 1500; x_wconf 81' lang='grc' dir='ltr'><em>γὰρ</em></span> <span class='ocrx_word' id='word_1_113' title='bbox 386 1424 656 1526; x_wconf 87' lang='grc' dir='ltr'><em>πρότερον</em></span> <span class='ocrx_word' id='word_1_114' title='bbox 683 1429 741 1483; x_wconf 86' lang='grc' dir='ltr'><em>ἐκ</em></span> <span class='ocrx_word' id='word_1_115' title='bbox 765 1428 1004 1482; x_wconf 78' lang='grc' dir='ltr'><em>παλαιοῦ</em></span> <span class='ocrx_word' id='word_1_116' title='bbox 1022 1429 1221 1492; x_wconf 82' lang='grc' dir='ltr'><em>αίῶνος</em></span> <span class='ocrx_word' id='word_1_117' title='bbox 1246 1424 1395 1498; x_wconf 81' lang='grc' dir='ltr'><em>παρὰ</em></span> <span class='ocrx_word' id='word_1_118' title='bbox 1423 1439 1537 1491; x_wconf 78' lang='grc' dir='ltr'><em>τοῖς</em></span> <span class='ocrx_word' id='word_1_119' title='bbox 1569 1431 1728 1482; x_wconf 79' lang='grc' dir='ltr'><em>ἔθνε-</em></span> 
     </span>
     <span class='ocr_line' id='line_1_17' title="bbox 118 1505 1728 1610; baseline -0.001 -44"><span class='ocrx_word' id='word_1_120' title='bbox 118 1505 272 1582; x_wconf 73' lang='grc' dir='ltr'><em>σινή</em></span> <span class='ocrx_word' id='word_1_121' title='bbox 313 1508 589 1578; x_wconf 85' lang='grc' dir='ltr'><em>πολύθεος</em></span> <span class='ocrx_word' id='word_1_122' title='bbox 631 1515 1064 1610; x_wconf 84' lang='grc' dir='ltr'><em>δεισιδαιμονία,</em></span> <span class='ocrx_word' id='word_1_123' title='bbox 1105 1508 1215 1567; x_wconf 85' lang='grc' dir='ltr'><em>νεω’</em></span> <span class='ocrx_word' id='word_1_124' title='bbox 1253 1533 1311 1566; x_wconf 93' lang='grc' dir='ltr'><em>τε</em></span> <span class='ocrx_word' id='word_1_125' title='bbox 1352 1511 1441 1566; x_wconf 86' lang='grc' dir='ltr'><em>καὶ</em></span> <span class='ocrx_word' id='word_1_126' title='bbox 1485 1507 1603 1580; x_wconf 84' lang='grc' dir='ltr'><em>ἱερα</em></span> <span class='ocrx_word' id='word_1_127' title='bbox 1635 1512 1728 1566; x_wconf 82' lang='grc' dir='ltr'><em>καὶ</em></span> 
     </span>
     <span class='ocr_line' id='line_1_18' title="bbox 116 1591 1727 1667; baseline -0.001 -17"><span class='ocrx_word' id='word_1_128' title='bbox 116 1591 391 1667; x_wconf 84' lang='grc' dir='ltr'><em>μυστήρια</em></span> <span class='ocrx_word' id='word_1_129' title='bbox 420 1598 531 1652; x_wconf 78' lang='grc' dir='ltr'><em>τῶν</em></span> <span class='ocrx_word' id='word_1_130' title='bbox 561 1600 716 1651; x_wconf 76' lang='grc' dir='ltr'><em>θεῶν</em></span> <span class='ocrx_word' id='word_1_131' title='bbox 746 1618 884 1651; x_wconf 91' lang='grc' dir='ltr'><em>κατα</em></span> <span class='ocrx_word' id='word_1_132' title='bbox 914 1593 1097 1660; x_wconf 87' lang='grc' dir='ltr'><em>πόλεις</em></span> <span class='ocrx_word' id='word_1_133' title='bbox 1129 1597 1221 1651; x_wconf 86' lang='grc' dir='ltr'><em>καὶ</em></span> <span class='ocrx_word' id='word_1_134' title='bbox 1253 1592 1430 1667; x_wconf 80' lang='grc' dir='ltr'><em>χώρας</em></span> <span class='ocrx_word' id='word_1_135' title='bbox 1462 1592 1727 1665; x_wconf 86' lang='grc' dir='ltr'><em>συνήθως</em></span> 
     </span>
     <span class='ocr_line' id='line_1_19' title="bbox 117 1676 1728 1752; baseline 0 -18"><span class='ocrx_word' id='word_1_136' title='bbox 117 1700 266 1752; x_wconf 85' lang='grc' dir='ltr'><em>παρα</em></span> <span class='ocrx_word' id='word_1_137' title='bbox 304 1684 475 1735; x_wconf 82' lang='grc' dir='ltr'><em>πᾶσιν</em></span> <span class='ocrx_word' id='word_1_138' title='bbox 518 1677 903 1751; x_wconf 83' lang='grc' dir='ltr'><em>ἐφυλαττοντο.</em></span> <span class='ocrx_word' id='word_1_139' title='bbox 976 1677 1040 1735; x_wconf 84' lang='grc' dir='ltr'><em>οὐ</em></span> <span class='ocrx_word' id='word_1_140' title='bbox 1087 1678 1154 1750; x_wconf 82' lang='grc' dir='ltr'><em>δὴ</em></span> <span class='ocrx_word' id='word_1_141' title='bbox 1187 1679 1291 1735; x_wconf 87' lang='grc' dir='ltr'><em>οὐν</em></span> <span class='ocrx_word' id='word_1_142' title='bbox 1331 1676 1467 1735; x_wconf 85' lang='grc' dir='ltr'><em>ουδε</em></span> <span class='ocrx_word' id='word_1_143' title='bbox 1498 1685 1728 1750; x_wconf 91' lang='grc' dir='ltr'><em>φιλοσο-</em></span> 
     </span>
     <span class='ocr_line' id='line_1_20' title="bbox 117 1760 1727 1836; baseline 0 -18"><span class='ocrx_word' id='word_1_144' title='bbox 117 1768 249 1834; x_wconf 84' lang='grc' dir='ltr'><em>φίας</em></span> <span class='ocrx_word' id='word_1_145' title='bbox 280 1760 642 1835; x_wconf 80' lang='grc' dir='ltr'><em>ἀνθρωπίνης</em></span> <span class='ocrx_word' id='word_1_146' title='bbox 681 1787 752 1835; x_wconf 93' lang='grc' dir='ltr'><em>ην</em></span> <span class='ocrx_word' id='word_1_147' title='bbox 783 1769 965 1836; x_wconf 90' lang='grc' dir='ltr'><em>χρεία,</em></span> <span class='ocrx_word' id='word_1_148' title='bbox 1010 1768 1057 1820; x_wconf 85' lang='grc' dir='ltr'><em>εἰ</em></span> <span class='ocrx_word' id='word_1_149' title='bbox 1098 1763 1167 1835; x_wconf 87' lang='grc' dir='ltr'><em>δὴ</em></span> <span class='ocrx_word' id='word_1_150' title='bbox 1207 1761 1266 1819; x_wconf 90' lang='grc' dir='ltr'><em>τὸ</em></span> <span class='ocrx_word' id='word_1_151' title='bbox 1297 1787 1392 1834; x_wconf 90' lang='grc' dir='ltr'><em>της</em></span> <span class='ocrx_word' id='word_1_152' title='bbox 1423 1768 1727 1834; x_wconf 87' lang='grc' dir='ltr'><em>θεοσοφίας</em></span> 
     </span>
     <span class='ocr_line' id='line_1_21' title="bbox 50 1844 1772 1920; baseline 0.001 -18"><span class='ocrx_word' id='word_1_153' title='bbox 50 1845 472 1920; x_wconf 60' lang='grc' dir='ltr'><em>εοπροειλήφει·</em></span> <span class='ocrx_word' id='word_1_154' title='bbox 530 1844 656 1904; x_wconf 90' lang='grc' dir='ltr'><em>ουδ’</em></span> <span class='ocrx_word' id='word_1_155' title='bbox 699 1871 771 1919; x_wconf 92' lang='grc' dir='ltr'><em>ην</em></span> <span class='ocrx_word' id='word_1_156' title='bbox 810 1871 889 1913; x_wconf 90' lang='grc' dir='ltr'><em>τις</em></span> <span class='ocrx_word' id='word_1_157' title='bbox 934 1871 1148 1920; x_wconf 81' lang='grc' dir='ltr'><em>αναγκη</em></span> <span class='ocrx_word' id='word_1_158' title='bbox 1200 1859 1549 1919; x_wconf 82' lang='grc' dir='ltr'><em>καινοτομεῖν</em></span> <span class='ocrx_word' id='word_1_159' title='bbox 1597 1844 1772 1912; x_wconf 72' lang='grc' dir='ltr'><em>τοὺςὶ)</em></span> 
     </span>
     <span class='ocr_line' id='line_1_22' title="bbox 117 1929 1724 2004; baseline 0 -17"><span class='ocrx_word' id='word_1_160' title='bbox 117 1930 352 2003; x_wconf 81' lang='grc' dir='ltr'><em>σοφοὺς,</em></span> <span class='ocrx_word' id='word_1_161' title='bbox 389 1937 440 1987; x_wconf 81' lang='grc' dir='ltr'><em>εἰ</em></span> <span class='ocrx_word' id='word_1_162' title='bbox 469 1930 538 2004; x_wconf 84' lang='grc' dir='ltr'><em>δὴ</em></span> <span class='ocrx_word' id='word_1_163' title='bbox 568 1955 635 1988; x_wconf 86' lang='grc' dir='ltr'><em>τα</em></span> <span class='ocrx_word' id='word_1_164' title='bbox 663 1955 775 1988; x_wconf 88' lang='grc' dir='ltr'><em>των</em></span> <span class='ocrx_word' id='word_1_165' title='bbox 807 1929 1098 2004; x_wconf 80' lang='grc' dir='ltr'><em>προγόνων</em></span> <span class='ocrx_word' id='word_1_166' title='bbox 1122 1929 1309 1998; x_wconf 79' lang='grc' dir='ltr'><em>αὐτοῖς</em></span> <span class='ocrx_word' id='word_1_167' title='bbox 1336 1932 1398 1987; x_wconf 86' lang='grc' dir='ltr'><em>εὐ</em></span> <span class='ocrx_word' id='word_1_168' title='bbox 1419 1936 1611 2003; x_wconf 83' lang='grc' dir='ltr'><em>ἔχοντα</em></span> <span class='ocrx_word' id='word_1_169' title='bbox 1636 1932 1724 2002; x_wconf 81' lang='grc' dir='ltr'><em>ἠν,</em></span> 
     </span>
     <span class='ocr_line' id='line_1_23' title="bbox 116 2011 1725 2088; baseline 0.001 -18"><span class='ocrx_word' id='word_1_170' title='bbox 116 2013 238 2071; x_wconf 78' lang='grc' dir='ltr'><em>ἀλλ’</em></span> <span class='ocrx_word' id='word_1_171' title='bbox 275 2011 408 2072; x_wconf 84' lang='grc' dir='ltr'><em>ονδε</em></span> <span class='ocrx_word' id='word_1_172' title='bbox 448 2014 756 2084; x_wconf 77' lang='grc' dir='ltr'><em>στασιαζειν</em></span> <span class='ocrx_word' id='word_1_173' title='bbox 795 2018 885 2072; x_wconf 87' lang='grc' dir='ltr'><em>καὶ</em></span> <span class='ocrx_word' id='word_1_174' title='bbox 930 2018 1298 2088; x_wconf 85' lang='grc' dir='ltr'><em>διαφέρεσθαι</em></span> <span class='ocrx_word' id='word_1_175' title='bbox 1340 2014 1470 2081; x_wconf 84' lang='grc' dir='ltr'><em>τούς</em></span> <span class='ocrx_word' id='word_1_176' title='bbox 1500 2021 1725 2087; x_wconf 78' lang='grc' dir='ltr'><em>γενναί-</em></span> 
     </span>
     <span class='ocr_line' id='line_1_24' title="bbox 116 2095 1728 2172; baseline -0.001 -17"><span class='ocrx_word' id='word_1_177' title='bbox 116 2122 213 2164; x_wconf 89' lang='grc' dir='ltr'><em>ους</em></span> <span class='ocrx_word' id='word_1_178' title='bbox 242 2098 582 2171; x_wconf 89' lang='grc' dir='ltr'><em>φιλοσόφους</em></span> <span class='ocrx_word' id='word_1_179' title='bbox 601 2144 614 2171; x_wconf 94' lang='grc'><em>,</em></span> <span class='ocrx_word' id='word_1_180' title='bbox 660 2105 710 2156; x_wconf 80' lang='grc' dir='ltr'><em>εἰ</em></span> <span class='ocrx_word' id='word_1_181' title='bbox 751 2099 819 2171; x_wconf 86' lang='grc' dir='ltr'><em>δὴ</em></span> <span class='ocrx_word' id='word_1_182' title='bbox 844 2099 1152 2172; x_wconf 86' lang='grc' dir='ltr'><em>σύμφωνος</em></span> <span class='ocrx_word' id='word_1_183' title='bbox 1184 2101 1276 2156; x_wconf 89' lang='grc' dir='ltr'><em>καὶ</em></span> <span class='ocrx_word' id='word_1_184' title='bbox 1307 2096 1522 2170; x_wconf 90' lang='grc' dir='ltr'><em>αληθὴς</em></span> <span class='ocrx_word' id='word_1_185' title='bbox 1553 2095 1587 2171; x_wconf 80' lang='grc' dir='ltr'><em>ἡ</em></span> <span class='ocrx_word' id='word_1_186' title='bbox 1619 2121 1728 2154; x_wconf 88' lang='grc' dir='ltr'><em>πα-</em></span> 
     </span>
     <span class='ocr_line' id='line_1_25' title="bbox 117 2179 1722 2256; baseline 0 -18"><span class='ocrx_word' id='word_1_187' title='bbox 117 2206 263 2254; x_wconf 92' lang='grc' dir='ltr'><em>τριος</em></span> <span class='ocrx_word' id='word_1_188' title='bbox 294 2179 481 2248; x_wconf 80' lang='grc' dir='ltr'><em>αὐτοῖς</em></span> <span class='ocrx_word' id='word_1_189' title='bbox 512 2185 638 2256; x_wconf 86' lang='grc' dir='ltr'><em>περὶ</em></span> <span class='ocrx_word' id='word_1_190' title='bbox 666 2186 822 2241; x_wconf 89' lang='grc' dir='ltr'><em>θεων</em></span> <span class='ocrx_word' id='word_1_191' title='bbox 853 2182 984 2250; x_wconf 82' lang='grc' dir='ltr'><em>δόξα</em></span> <span class='ocrx_word' id='word_1_192' title='bbox 1013 2206 1310 2255; x_wconf 85' lang='grc' dir='ltr'><em>τυγχανειν</em></span> <span class='ocrx_word' id='word_1_193' title='bbox 1342 2187 1722 2254; x_wconf 84' lang='grc' dir='ltr'><em>δεδοκίμαστο.</em></span> 
     </span>
     <span class='ocr_line' id='line_1_26' title="bbox 51 2261 1727 2374; baseline 0.001 -53"><span class='ocrx_word' id='word_1_194' title='bbox 51 2289 95 2322; x_wconf 83' lang='lat'><em>25</em></span> <span class='ocrx_word' id='word_1_195' title='bbox 119 2271 165 2323; x_wconf 81' lang='lat'><em>6.</em></span> <span class='ocrx_word' id='word_1_196' title='bbox 199 2271 258 2322; x_wconf 89' lang='grc' dir='ltr'><em>τί</em></span> <span class='ocrx_word' id='word_1_197' title='bbox 286 2267 345 2323; x_wconf 73' lang='grc' dir='ltr'><em>δὲ</em></span> <span class='ocrx_word' id='word_1_198' title='bbox 378 2271 490 2323; x_wconf 81' lang='grc' dir='ltr'><em>ἔδει</em></span> <span class='ocrx_word' id='word_1_199' title='bbox 520 2274 787 2374; x_wconf 72' lang='grc' dir='ltr'><em>πολεμειν</em></span> <span class='ocrx_word' id='word_1_200' title='bbox 814 2264 1071 2338; x_wconf 79' lang='grc' dir='ltr'><em>ἀλλήλοις</em></span> <span class='ocrx_word' id='word_1_201' title='bbox 1102 2269 1195 2323; x_wconf 82' lang='grc' dir='ltr'><em>καὶ</em></span> <span class='ocrx_word' id='word_1_202' title='bbox 1224 2264 1527 2339; x_wconf 88' lang='grc' dir='ltr'><em>μαχεσθαι,</em></span> <span class='ocrx_word' id='word_1_203' title='bbox 1559 2261 1592 2338; x_wconf 78' lang='grc' dir='ltr'><em>ἢ</em></span> <span class='ocrx_word' id='word_1_204' title='bbox 1623 2263 1727 2337; x_wconf 80' lang='grc' dir='ltr'><em>τὴν</em></span> 
     </span>
     <span class='ocr_line' id='line_1_27' title="bbox 117 2348 1732 2425; baseline -0.001 -18"><span class='ocrx_word' id='word_1_205' title='bbox 117 2349 335 2423; x_wconf 81' lang='grc' dir='ltr'><em>μακρὰν</em></span> <span class='ocrx_word' id='word_1_206' title='bbox 375 2348 511 2407; x_wconf 85' lang='grc' dir='ltr'><em>ὁδὸν</em></span> <span class='ocrx_word' id='word_1_207' title='bbox 549 2349 665 2407; x_wconf 78' lang='grc' dir='ltr'><em>ἅνω</em></span> <span class='ocrx_word' id='word_1_208' title='bbox 699 2353 792 2407; x_wconf 87' lang='grc' dir='ltr'><em>καὶ</em></span> <span class='ocrx_word' id='word_1_209' title='bbox 831 2374 976 2407; x_wconf 87' lang='grc' dir='ltr'><em>κατω</em></span> <span class='ocrx_word' id='word_1_210' title='bbox 1019 2353 1359 2425; x_wconf 83' lang='grc' dir='ltr'><em>περιτρέχειν</em></span> <span class='ocrx_word' id='word_1_211' title='bbox 1403 2352 1732 2407; x_wconf 76' lang='grc' dir='ltr'><em>πλανᾶσθαί</em></span> 
     </span>
     <span class='ocr_line' id='line_1_28' title="bbox 117 2432 1726 2508; baseline 0 -18"><span class='ocrx_word' id='word_1_212' title='bbox 117 2458 175 2491; x_wconf 88' lang='grc' dir='ltr'><em>τε</em></span> <span class='ocrx_word' id='word_1_213' title='bbox 206 2436 297 2490; x_wconf 83' lang='grc' dir='ltr'><em>καὶ</em></span> <span class='ocrx_word' id='word_1_214' title='bbox 328 2432 395 2490; x_wconf 79' lang='grc' dir='ltr'><em>τα</em></span> <span class='ocrx_word' id='word_1_215' title='bbox 425 2433 726 2508; x_wconf 78' lang='grc' dir='ltr'><em>βαρβάρων</em></span> <span class='ocrx_word' id='word_1_216' title='bbox 755 2432 1079 2507; x_wconf 77' lang='grc' dir='ltr'><em>ὑποσυλᾶν,</em></span> <span class='ocrx_word' id='word_1_217' title='bbox 1124 2443 1264 2492; x_wconf 80' lang='grc' dir='ltr'><em>οἶκοι</em></span> <span class='ocrx_word' id='word_1_218' title='bbox 1297 2437 1428 2491; x_wconf 88' lang='grc' dir='ltr'><em>δέον</em></span> <span class='ocrx_word' id='word_1_219' title='bbox 1456 2435 1726 2507; x_wconf 82' lang='grc' dir='ltr'><em>μένοντας</em></span> 
     </span>
     <span class='ocr_line' id='line_1_29' title="bbox 119 2511 1727 2591; baseline 0 -17"><span class='ocrx_word' id='word_1_220' title='bbox 119 2516 268 2591; x_wconf 80' lang='grc' dir='ltr'><em>παρὰ</em></span> <span class='ocrx_word' id='word_1_221' title='bbox 296 2522 453 2575; x_wconf 76' lang='grc' dir='ltr'><em>θεῶν</em></span> <span class='ocrx_word' id='word_1_222' title='bbox 493 2517 893 2591; x_wconf 78' lang='grc' dir='ltr'><em>ἐκμανθάνειν,</em></span> <span class='ocrx_word' id='word_1_223' title='bbox 938 2524 989 2576; x_wconf 83' lang='grc' dir='ltr'><em>εἰ</em></span> <span class='ocrx_word' id='word_1_224' title='bbox 1027 2517 1096 2591; x_wconf 86' lang='grc' dir='ltr'><em>δή</em></span> <span class='ocrx_word' id='word_1_225' title='bbox 1137 2542 1283 2586; x_wconf 87' lang='grc' dir='ltr'><em>τινες</em></span> <span class='ocrx_word' id='word_1_226' title='bbox 1322 2511 1466 2591; x_wconf 80' lang='grc' dir='ltr'><em>ἦσαν</em></span> <span class='ocrx_word' id='word_1_227' title='bbox 1505 2520 1658 2588; x_wconf 89' lang='grc' dir='ltr'><em>θεοὶ,</em></span> <span class='ocrx_word' id='word_1_228' title='bbox 1690 2513 1727 2589; x_wconf 77' lang='grc' dir='ltr'><em>ἢ</em></span> 
     </span>
     <span class='ocr_line' id='line_1_30' title="bbox 118 2599 1769 2676; baseline -0.001 -18"><span class='ocrx_word' id='word_1_229' title='bbox 118 2600 267 2675; x_wconf 76' lang='grc' dir='ltr'><em>παρα</em></span> <span class='ocrx_word' id='word_1_230' title='bbox 297 2605 408 2659; x_wconf 82' lang='grc' dir='ltr'><em>τῶν</em></span> <span class='ocrx_word' id='word_1_231' title='bbox 437 2600 723 2674; x_wconf 81' lang='grc' dir='ltr'><em>θεολόγων</em></span> <span class='ocrx_word' id='word_1_232' title='bbox 752 2601 978 2676; x_wconf 73' lang='grc' dir='ltr'><em>ἀνδρῶν</em></span> <span class='ocrx_word' id='word_1_233' title='bbox 1019 2601 1144 2669; x_wconf 81' lang='grc' dir='ltr'><em>τούς</em></span> <span class='ocrx_word' id='word_1_234' title='bbox 1186 2600 1414 2675; x_wconf 78' lang='grc' dir='ltr'><em>ἀληθεῖς</em></span> <span class='ocrx_word' id='word_1_235' title='bbox 1445 2604 1534 2658; x_wconf 84' lang='grc' dir='ltr'><em>καὶ</em></span> <span class='ocrx_word' id='word_1_236' title='bbox 1568 2599 1723 2658; x_wconf 75' lang='grc' dir='ltr'><em>ἄδια-</em></span> <span class='ocrx_word' id='word_1_237' title='bbox 1750 2632 1769 2654; x_wconf 84' lang='lat' dir='ltr'>e</span> 
     </span>
     <span class='ocr_line' id='line_1_31' title="bbox 33 2684 1727 2760; baseline 0.001 -20"><span class='ocrx_word' id='word_1_238' title='bbox 33 2706 97 2748; x_wconf 65' lang='lat' dir='ltr'><em>g30</em></span> <span class='ocrx_word' id='word_1_239' title='bbox 120 2684 366 2752; x_wconf 74' lang='grc' dir='ltr'><em>πτώτους</em></span> <span class='ocrx_word' id='word_1_240' title='bbox 406 2688 533 2757; x_wconf 88' lang='grc' dir='ltr'><em>περὶ</em></span> <span class='ocrx_word' id='word_1_241' title='bbox 574 2692 686 2742; x_wconf 78' lang='grc' dir='ltr'><em>τῶν</em></span> <span class='ocrx_word' id='word_1_242' title='bbox 729 2689 1166 2760; x_wconf 81' lang='grc' dir='ltr'><em>ἐπιζητουμένων</em></span> <span class='ocrx_word' id='word_1_243' title='bbox 1209 2689 1267 2743; x_wconf 85' lang='grc' dir='ltr'><em>ἐν</em></span> <span class='ocrx_word' id='word_1_244' title='bbox 1297 2691 1601 2760; x_wconf 72' lang='grc' dir='ltr'><em>φιλοσοφίᾳ</em></span> <span class='ocrx_word' id='word_1_245' title='bbox 1633 2684 1727 2742; x_wconf 82' lang='grc' dir='ltr'><em>λό-</em></span> 
     </span>
     <span class='ocr_line' id='line_1_32' title="bbox 119 2761 1724 2844; baseline -0.001 -18"><span class='ocrx_word' id='word_1_246' title='bbox 119 2793 280 2842; x_wconf 79' lang='grc' dir='ltr'><em>γους,</em></span> <span class='ocrx_word' id='word_1_247' title='bbox 313 2772 439 2843; x_wconf 86' lang='grc' dir='ltr'><em>περὶ</em></span> <span class='ocrx_word' id='word_1_248' title='bbox 471 2761 551 2827; x_wconf 67' lang='grc' dir='ltr'><em>οἷν</em></span> <span class='ocrx_word' id='word_1_249' title='bbox 580 2777 752 2843; x_wconf 90' lang='grc' dir='ltr'><em>μυρία</em></span> <span class='ocrx_word' id='word_1_250' title='bbox 781 2769 883 2827; x_wconf 77' lang='grc' dir='ltr'><em>ὅσα</em></span> <span class='ocrx_word' id='word_1_251' title='bbox 914 2769 1293 2844; x_wconf 86' lang='grc' dir='ltr'><em>μοχθήσαντες</em></span> <span class='ocrx_word' id='word_1_252' title='bbox 1327 2771 1724 2842; x_wconf 85' lang='grc' dir='ltr'><em>διηνέχθησαν,</em></span> 
     </span>
     <span class='ocr_line' id='line_1_33' title="bbox 118 2850 1731 2930; baseline -0.001 -21"><span class='ocrx_word' id='word_1_253' title='bbox 118 2856 315 2930; x_wconf 75' lang='grc' dir='ltr'><em>μακρῷ</em></span> <span class='ocrx_word' id='word_1_254' title='bbox 342 2857 437 2927; x_wconf 83' lang='grc' dir='ltr'><em>τῆς</em></span> <span class='ocrx_word' id='word_1_255' title='bbox 466 2852 746 2926; x_wconf 79' lang='grc' dir='ltr'><em>τάληθοῦς</em></span> <span class='ocrx_word' id='word_1_256' title='bbox 772 2850 1039 2928; x_wconf 78' lang='grc' dir='ltr'><em>εὑρέσεως</em></span> <span class='ocrx_word' id='word_1_257' title='bbox 1064 2853 1575 2930; x_wconf 78' lang='grc' dir='ltr'><em>ἀφυστερήσαντες;</em></span> <span class='ocrx_word' id='word_1_258' title='bbox 1611 2857 1731 2909; x_wconf 52' lang='lat' dir='ltr'><em>&#39;Ten&#39;</em></span> 
     </span>
    </p>
   </div>
  </div>
 </body>
</html>
