2014 3146
623 117 838 160 PRAEP.
867 117 1088 159 EVANG.
1122 119 1243 159 le.
1274 120 1315 163 4.
1673 117 1778 169 263

161 233 270 308 βὴν
311 230 708 302 ὑποδέξασθαι.
782 237 861 291 14.
894 232 1124 300 τούτους
1158 234 1219 290 δὲ
1258 230 1356 308 ἀφ’
1397 236 1578 301 ἑστίας
1609 233 1778 310 ἀρξα-

160 321 361 392 μένους
394 316 566 385 εὐθὺς
607 316 672 375 τά
703 316 1036 376 Πλατωνικά
1067 336 1203 391 φασι
1235 317 1571 392 παραλύειν,
1617 338 1778 394 στρε-

162 408 432 475 βλοῦντας
455 402 520 459 τὰ
543 405 621 479 τῷ
644 401 961 480 διδασκάλῳ
979 404 1226 475 φανέντα
1249 406 1423 471 ξένων
1445 410 1775 476 εἰσαγωγαῖς

164 487 481 561 δογμάτων,
515 486 654 544 ὥστε
685 506 772 545 σοι
801 485 874 560 μὴ
908 494 985 554 εἰς
1016 485 1229 561 μακρὸν
1261 492 1500 557 ἐλπίζειν
1530 486 1632 561 τὴν
1661 493 1775 546 τῶν

91 598 116 630 5
159 575 503 646 θαυμαστῶν
535 575 764 629 ἐκείνων
796 571 1071 644 διαλόγων
1105 570 1266 645 ι’σχῦν
1296 571 1630 645 ἀποσβῆναι,
1662 570 1774 646 ἅμα

159 681 218 715 τε
256 660 326 731 τῇ
368 659 470 714 τοῦ
519 653 723 731 ἀνδρὸς
774 659 1003 731 τελευτῇ
1054 659 1147 713 καὶ
1187 655 1290 729 τὴν
1328 660 1442 714 τῶν
1483 655 1774 731 δογμάτων

161 741 432 815 διαδοχὴν
482 744 1049 813 συναποτελευτῆσαι·
1128 740 1302 814 μάχης
1357 745 1623 799 ἐντεῦθεν
1683 745 1774 799 καὶ

159 824 402 892 στάσεως
433 823 540 882 ἀπὸ
570 828 750 882 τοῖνδε
773 821 1099 898 ἀρξαμένης,
1132 822 1333 883 οὔποτε
1371 828 1463 882 καὶ
1492 832 1570 892 εἰς
1605 830 1772 898 δεῦρο

163 909 582 982 διαλειπούσης,
622 907 750 975 τούς
789 907 855 965 τά
887 906 1037 986 αὐτῷ
1067 915 1204 982 φίλα
1236 913 1435 982 ζηλοῦν
1464 909 1774 983 ἀσπαζομέ-

94 1019 135 1051 10
159 1019 319 1068 νους,
352 991 585 1061 οὐδένας
615 995 717 1067 μὲν
745 991 936 1066 ὄντας,
968 991 1115 1067 πλὴν
1146 1000 1195 1050 εἰ
1224 993 1298 1067 μὴ
1324 991 1402 1061 εἷς
1433 1018 1542 1052 που
1574 990 1607 1067 ἢ
1641 993 1774 1051 δεύ-

157 1103 313 1154 τερος
345 1083 404 1136 ἐν
432 1076 544 1156 ὅλῳ
574 1081 652 1155 τῷ
681 1084 818 1156 βίῳ,
850 1075 883 1152 ἢ
915 1085 1013 1135 καί
1037 1102 1182 1146 τινες
1214 1076 1369 1137 ἄλλοι
1401 1084 1600 1154 κομιδῇ
1632 1086 1774 1153 βρα-

156 1178 270 1238 χεῖς
299 1163 396 1221 τὸν
426 1161 696 1238 ἀριθμὸν,
737 1160 863 1220 οὐδ’
909 1161 1068 1220 αὐτοὶ
1098 1162 1330 1236 πάμπαν
1371 1160 1649 1235 ἀλλότριοι
1677 1167 1773 1236 τῆς

159 1247 496 1306 ἐπιπλάστου
544 1254 891 1320 σοφιστείας·
962 1250 1080 1305 ἐπεὶ
1131 1251 1224 1306 καὶ
1276 1253 1333 1306 οἱ
1378 1248 1631 1323 πρόσθεν
1675 1246 1773 1306 τὸν

157 1332 435 1391 Πλάτωνα
477 1331 859 1407 διαδεξάμενοι
908 1335 1118 1390 τοιοϊδέ
1161 1357 1307 1400 τινες
1360 1334 1768 1406 διαβέβληνται.

93 1441 134 1473 ι5
161 1421 240 1476 15.
274 1421 584 1492 Πολέμωνα
613 1415 718 1491 γάρ
750 1435 889 1491 φασι
922 1419 1282 1485 διαδέξασθαι
1301 1415 1674 1491 Ἀρκεσίλαον,
1705 1414 1772 1474 ὃν
1795 1436 1819 1470 <1

159 1500 227 1574 δὴ
259 1504 472 1576 κατέχει
504 1501 662 1575 λόγος
694 1501 975 1575 ἀφέμενον
1003 1506 1116 1559 τῶν
1145 1501 1448 1569 Πλάτωνος
1480 1501 1770 1575 δογμάτων

158 1589 322 1660 ξένην
361 1585 486 1644 τινά
538 1589 660 1658 καὶ,
709 1586 782 1653 ὥς
837 1608 1002 1659 φασι,
1059 1589 1327 1659 δευτέροΐν
1382 1586 1771 1659 συστήσασθαι

153 1669 503 1744 Ἀκαδημίαν.
567 1669 741 1744 φάναι
781 1670 885 1745 γάρ
917 1673 1043 1746 περὶ
1074 1667 1336 1729 ἀπάντων
1371 1674 1586 1745 ἐπέχειν
1621 1677 1767 1728 δεῖν·

157 1755 299 1814 εἶναι
339 1754 444 1829 γὰρ
485 1754 667 1813 πάντα
707 1754 1064 1828 ἀκατάληπτα
1114 1758 1209 1813 καὶ
1251 1755 1381 1823 τοὺς
1426 1762 1503 1822 εἰς
1537 1755 1770 1830 ἑκάτερα

90 1863 134 1896 20
157 1839 354 1913 λόγους
407 1846 714 1915 ἰσοκρατεῖς
755 1839 1038 1915 ἀλλήλοις,
1092 1843 1184 1897 καὶ
1236 1840 1331 1908 τὰς
1372 1839 1665 1913 αἰσθήσεις
1709 1840 1771 1897 δὲ

155 1923 419 1993 ἀπίστους
452 1925 595 1983 εἶναι
627 1927 719 1982 καὶ
748 1924 929 1983 πάντα
960 1924 1142 1998 λόγον.
1207 1923 1399 2001 ἐπῄνει
1428 1926 1568 1998 γοῦν
1591 1921 1769 1982 Ἡσιό-

159 2015 261 2068 δου
290 2012 444 2068 τουτὶ
473 2008 532 2067 τὸ
563 2008 902 2084 ἀπόφθεγμα

1794 654 1882 697 [4241

1805 709 1821 729 c

297 2135 579 2203 κρύψαντες
604 2133 699 2204 γάρ
726 2138 892 2202 ἔχουσι
917 2138 1029 2188 θεοὶ
1057 2134 1176 2188 νόον
1201 2132 1568 2204 ἀνθρώποισιν.

159 2263 408 2335 ἐπειρᾶτο
442 2262 502 2318 δὲ
531 2263 624 2318 καὶ
647 2260 932 2336 παράδοξά
954 2287 1078 2318 τινα
1093 2259 1480 2330 ἀνακαινίζειν.
1518 2266 1596 2318 16.
1629 2258 1766 2334 μετά

92 2369 134 2402 25
159 2347 220 2403 δὲ
249 2343 346 2403 τὸν
371 2342 726 2418 Ἀρκεσίλαον
763 2344 891 2414 τούς
930 2343 1071 2419 ἀμφὶ
1103 2345 1439 2419 Καρνεάδην
1482 2348 1574 2403 καὶ
1604 2353 1767 2403 Κλει-

155 2430 413 2503 τόμαχον,
444 2435 538 2502 τῆς
561 2434 673 2487 τῶν
696 2433 982 2506 προτέρων
1006 2429 1167 2503 δόξης
1189 2429 1624 2505 ἀποτραπέντας,
1653 2437 1767 2504 τρί-

155 2539 250 2586 της
276 2512 608 2587 Ἀκαδημίας
640 2521 851 2581 αἰτίους
882 2517 1147 2587 γενέσθαι
1176 2521 1366 2588 φασίν.
1420 2521 1558 2572 ἔνιοι
1589 2515 1648 2571 δὲ
1673 2516 1764 2570 καὶ

154 2598 420 2673 τετάρτην
450 2602 813 2673 προστιθέασι
854 2598 956 2671 τὴν
981 2602 1093 2657 τῶν
1126 2601 1253 2672 περὶ
1283 2598 1381 2656 τὸν
1414 2605 1640 2657 Φίλωνα
1673 2600 1767 2654 καὶ

156 2689 466 2758 Χαρμίδην.
540 2684 687 2750 τινες
730 2684 790 2740 δὲ
829 2685 922 2740 καὶ
961 2687 1216 2758 πέμπτην
1255 2686 1618 2756 καταλέγουσι
1664 2680 1875 2755 τηνᾶϊῑ)

92 2789 135 2821 30
159 2774 271 2825 τῶν
300 2770 427 2841 περὶ
457 2767 553 2825 τὸν
579 2764 873 2841 Ἀντίοχον.

293 2851 534 2925 Τοιαύτη
564 2855 667 2926 μέν
696 2877 775 2919 τις
806 2848 840 2925 ἡ
872 2850 1046 2912 αὐτοῦ
1073 2851 1377 2920 Πλάτωνος
1404 2848 1615 2927 ὑπῆρξε
1649 2854 1765 2906 δια-
