2014 3146
248 132 355 184 268
923 131 1174 172 EUSEBH

389 237 550 302 δεινὸς
574 235 837 306 σοφιστὴς,
865 244 962 291 τῶν
987 237 1313 307 ἀγυμνάστων
1340 238 1571 308 σφαγεύς.

246 337 294 389 2.
331 331 514 404 ὥσπερ
547 330 650 404 γὰρ
691 336 759 388 αἰ
790 336 1061 404 ἔμπουσαι
1112 333 1171 387 ἐν
1210 343 1324 396 τοῖς
1355 328 1707 403 φαντάσμασι
1739 345 1850 396 τοῖς

246 421 358 473 τῶν
388 415 570 488 λόγων
598 413 707 472 ὑπὸ
738 417 1090 488 παρασκευῆς
1119 439 1178 472 τε
1208 416 1300 471 καὶ
1323 417 1549 487 μελέτης
1581 412 1850 488 ἐφάρματ-

246 524 369 571 τεν,
404 499 721 573 έγοήτευεν,
755 496 922 556 οὐδὲν
955 499 1104 572 εἶχεν
1137 501 1342 556 εἰδέναι
1373 496 1501 556 οὔτε
1531 495 1695 564 αὐτὸς
1724 496 1852 556 οὔτε

247 583 374 651 τούς
404 583 604 651 άλλους
637 587 758 642 εὀἳν
809 582 1102 656 ἐδειμάτου
1134 584 1195 640 δὲ
1225 585 1318 639 καὶ
1342 582 1728 657 κατεθορύβει,
1758 585 1850 639 καὶ
1875 605 1898 636 5

248 669 605 743 σοφισμάτων
628 692 692 741 γε
716 671 808 725 καὶ
831 667 1013 740 λόγων
1035 670 1239 741 κλοπῆς
1263 666 1568 741 φερόμενος
1584 665 1648 724 τοὶ
1667 671 1854 741 πρῶτα

248 758 532 827 κατέχαιρε
561 758 636 830 τῷ
666 750 900 825 ὀνείδει,
942 755 1032 809 καὶ
1073 751 1347 824 ἡβρύνετο
1377 758 1741 825 θαυμαστῶς,
1774 750 1855 808 ὅτι

246 837 382 911 μήτε
414 845 472 895 τί
498 837 726 911 αἰσχρὸν
757 834 789 910 ἢ
821 835 1024 909 καλὸν,
1063 836 1198 910 μήτε
1237 835 1455 909 ἀγαθὸν
1494 835 1628 910 μήτε
1660 861 1730 893 αυ
1761 861 1854 893 κα-

201 951 224 981 d
248 921 348 980 κόν
382 926 494 981 ἐστι
525 930 583 980 τί
607 920 763 996 ῄδει,
796 919 916 979 ἀλλ’
961 917 1228 991 ὁπότερον
1260 927 1337 987 εἰς
1367 920 1461 987 τὰς
1491 919 1670 994 ψυχὰς
1700 923 1856 978 πέσοι

245 1011 407 1064 τοῦτο
440 1005 639 1079 εἰπών,
682 1000 847 1072 αὖθις
887 1006 1215 1079 μεταβαλών
1253 1003 1553 1078 άνέτρεπεν
1593 1001 1662 1062 ἂν
1693 1013 1858 1062 πλεο-
1881 1026 1922 1056 10

247 1098 427 1165 ναχῶς
468 1089 501 1163 ἢ
547 1088 622 1148 δι’
665 1089 813 1148 ὅσων
853 1089 1255 1148 κατεσκευάκει.
1333 1094 1381 1147 3.
1423 1091 1492 1162 ἡν
1533 1082 1635 1146 οὐν
1675 1087 1856 1159 ὕδραν

246 1178 461 1250 τέμνων
491 1167 689 1233 ἑαυτον
719 1178 811 1232 καὶ
841 1173 1170 1247 τεμνόμενος
1193 1172 1292 1247 ὑφ’
1324 1177 1543 1246 ἑαυτοῦ,
1575 1171 1857 1248 ἀμφότερα

246 1258 503 1333 ἀλλήλων
536 1266 864 1334 δυσκρίτως,
897 1262 987 1316 καὶ
1010 1262 1111 1316 τοῦ
1135 1262 1354 1325 δέοντος
1377 1258 1678 1332 ἀσκέπτως,
1711 1257 1857 1331 πλὴν

246 1360 359 1411 τοις
390 1343 692 1402 ἀκούουσιν
734 1342 964 1445 ἤρεσεν,
1005 1341 1144 1417 ὁμοῦ
1184 1346 1252 1418 τῇ
1280 1341 1540 1417 ἀκροάσει
1573 1341 1859 1415 εὐπρόσω-

247 1452 354 1488 πον
384 1427 518 1486 ὄντα
549 1432 876 1502 θεωμένοις
931 1430 1001 1501 ἦν
1031 1453 1135 1486 ουν
1163 1425 1498 1501 άκουόμενος
1528 1429 1619 1484 καὶ
1651 1426 1854 1500 βλεπό-
1879 1446 1921 1478 15

245 1537 408 1587 μενος
439 1510 661 1586 η’διστος
681 1559 695 1586 ,
730 1517 853 1571 ἐπεί
877 1536 936 1570 τε
967 1519 1453 1586 προσειθίσθησαν
1482 1509 1858 1585 ἀποδέχεσθαι

246 1595 419 1656 αυτοῦ
458 1598 586 1666 τοὺς
639 1597 836 1671 λόγους
879 1596 1061 1664 ἰόντας
1102 1595 1210 1654 ἀπὸ
1249 1601 1420 1654 καλοῦ
1460 1596 1760 1670 προσώπου
1801 1619 1858 1653 τε

246 1686 338 1740 καὶ
369 1682 632 1756 στόματος
671 1680 774 1740 οὐκ
814 1681 951 1740 ἄνευ
981 1686 1076 1754 τῆς
1109 1686 1169 1739 ἐν
1207 1697 1320 1749 τοῖς
1359 1700 1563 1755 ομμασι
1593 1690 1858 1755 φιλοφρο-

246 1766 435 1840 σύνης.
477 1772 526 1824 4.
563 1773 652 1824 δεῖ
674 1768 735 1823 δὲ
757 1769 930 1824 ταῦτα
953 1763 1188 1823 ἀκοῦσαι
1211 1765 1285 1839 μὴ
1309 1762 1514 1837 ἁπλῶς,
1548 1761 1671 1821 ἀλλ’
1698 1771 1859 1837 ἔσχεν

141 1871 235 1913 (731)
258 1843 370 1908 ὦδε
403 1854 456 1919 ἐξ
486 1847 668 1925 ἀρχῆς.
741 1848 1044 1923 συμβαλών
1079 1847 1185 1923 γάρ
1218 1853 1278 1907 ἐν
1311 1852 1467 1906 παισὶ
1501 1847 1857 1926 Θεοφράστῳ,
1882 1868 1925 1899 20

245 1933 412 2010 άνδρὶ
445 1935 604 2012 πράῳ
635 1937 728 1992 καὶ
759 1931 862 1992 οὐκ
892 1933 1064 2007 ἀφυεῖ
1092 1933 1156 1991 τὰ
1190 1932 1447 2007 ἐρωτικὰ,
1483 1932 1573 1990 διὰ
1603 1933 1663 1991 τὸ
1695 1931 1860 2001 καλὸς

249 2020 389 2078 εἶναι
409 2065 423 2091 ,
457 2026 533 2076 ἔτι
567 2016 645 2077 ὧν
676 2015 905 2093 ὦραῖος,
938 2018 1122 2092 τυχών
1155 2021 1390 2091 ἐραστοῦ
1412 2017 1732 2093 Κράντορος
1761 2021 1862 2075 τοῦ

239 2104 679 2177 Ἀκαδημαικοῦ,
723 2102 1116 2178 προσεχώρησε
1156 2104 1258 2175 μὲν
1297 2101 1502 2180 τούτῳ,
1546 2099 1635 2160 οἷα
1669 2102 1861 2175 δὲτὴν

247 2188 422 2261 φύσιν
453 2185 554 2246 οὐκ
585 2185 796 2261 άφυὴς,
827 2188 1099 2263 τρεχούσῃ
1123 2186 1464 2262 χρησάμενος
1497 2184 1640 2261 αὐτῇ
1670 2192 1857 2262 ῥᾳδία,

244 2272 593 2347 θερμουργὸς
623 2271 732 2330 ὑπὸ
763 2279 1137 2345 φιλονεικιάς,
1176 2270 1463 2346 μετασχών
1502 2273 1604 2344 μὲν
1634 2269 1854 2329 Λιοδῶ-
1877 2287 1921 2319 ²5

246 2381 348 2429 ρου
382 2364 458 2423 εἰς
487 2355 552 2414 τοὶ
577 2360 1080 2430 πεπανουργημένα
1103 2355 1340 2414 πιθάνια
1364 2360 1537 2414 ταῦτα
1559 2354 1625 2412 τὰ
1655 2353 1857 2429 κομψοὶ,

247 2439 534 2514 ὡμιληκώς
569 2442 629 2498 δὲ
658 2440 951 2515 Πύρρωνι·
1009 2437 1063 2514 (ὁ
1106 2441 1169 2498 δὲ
1203 2440 1446 2513 Πύρρων
1488 2444 1547 2497 ἐκ
1576 2446 1857 2513 Δημοκρί-

245 2548 344 2582 του
376 2522 593 2598 ὥρμητο
624 2520 837 2582 ὁπόθεν
876 2527 944 2598 γέ
971 2524 1204 2599 ποθεν)
1261 2518 1419 2592 οὗτος
1448 2525 1551 2598 μὲν
1586 2523 1655 2596 δὴ
1688 2530 1878 2581 ἔνθεν-

194 2635 218 2667 b
246 2610 642 2682 καταρτυθεὶς,
684 2609 831 2681 πλὴν
859 2614 955 2681 τῆς
994 2608 1378 2683 προσρήσεως,
1422 2611 1668 2681 ἐνέμεινε
1701 2606 1857 2678 Πύρ-

245 2717 410 2766 ρωνι,
456 2691 529 2758 ὡς
569 2695 636 2766 τῇ
677 2691 901 2750 πάντων
941 2691 1234 2767 ἀναιρέσει.
1315 2698 1363 2750 5.
1407 2693 1675 2758 Μνασέας
1717 2697 1853 2763 γοῦν
1876 2705 1917 2737 30

246 2779 337 2833 καὶ
370 2775 678 2850 Φιλόμηλος
710 2779 801 2833 καὶ
832 2783 1020 2850 Τίμων
1043 2782 1101 2835 οἱ
1125 2779 1404 2835 σκεπτικοὶ
1431 2774 1727 2834 σκεπτικὸν
1757 2774 1852 2833 αὗ-

244 2859 340 2918 τόν
370 2859 903 2936 προσονομάζουσιν,
946 2858 1129 2936 ὥσπερ
1169 2863 1260 2919 καὶ
1301 2859 1455 2917 αὐτοὶ
1488 2852 1657 2933 ἦσαν,
1689 2858 1846 2917 ἀναι-
