2014 3146
202 860 222 890 (l

257 144 362 195 222
910 143 1156 184 EUSEBII

255 262 357 333 μὲν
396 258 583 332 ἄψυχα
623 261 1055 331 συμπαθοῦντα,
1097 261 1210 315 τῶν
1250 259 1311 315 δὲ
1342 257 1496 334 ζῳων
1535 262 1646 316 τῶν
1686 260 1866 333 ἐμψύ-

254 368 370 417 χων
407 343 472 400 τὰ
511 343 614 416 μὲν
644 341 752 415 ἤδη
783 339 1068 413 ἀθάνατα,
1114 341 1180 399 τὰ
1206 343 1264 399 δὲ
1295 342 1426 400 καθ’
1462 342 1674 417 ἡμέραν
1700 348 1863 418 ἐργα-

256 426 478 501 ζόμενα·
521 430 634 485 τῶν
667 429 731 483 δέ
758 451 839 484 τοι
869 430 1096 498 θνητῶν
1137 424 1203 483 τά
1232 427 1335 499 μὲν
1368 430 1426 483 ἐν
1457 426 1614 504 φόβῳ
1647 431 1738 485 καὶ
1771 427 1863 486 διὰ

252 515 348 583 τῆς
378 509 579 584 μητρὸς
613 509 796 568 αὐτῶν
828 518 906 568 ἔτι
937 511 1073 567 κατὰ
1105 508 1338 586 γαστρὸς
1369 507 1669 585 ὀχούμενοι,
1703 511 1768 569 τά
1802 515 1861 570 δὲ

253 591 592 672 αυτεξουσίῳ
645 599 902 672 λογισμῷ.
985 598 1078 652 καὶ
1128 598 1239 652 τῶν
1290 592 1612 670 ἀνθρώπων
1662 595 1863 665 πάντες
1885 621 1908 653 5

237 678 497 753 ”Ἐλληνε’ς
536 705 595 737 τε
634 682 728 737 καὶ
766 679 1070 754 βάρβαροι,
1110 683 1268 752 γένος
1311 673 1365 735 6⁹
1411 678 1583 737 ουδεν
1612 677 1866 754 ουδαμοῦ

251 768 364 822 τῶν
392 764 793 846 γεωργούντων
823 762 949 822 οὕτε
980 763 1268 837 νομάδων,
1300 760 1423 821 ἀλλ’
1457 763 1590 821 οὐδε
1619 765 1731 822 τῶν
1761 787 1864 823 πο-

252 853 476 906 λιτικῶν
519 848 752 906 δύναται
794 854 917 921 ζῆν,
959 848 1032 922 μὴ
1073 852 1615 922 προκατειλημμένον
1657 852 1725 923 τῇ
1763 854 1863 907 τοῦ

251 939 561 1007 κρείττονος
593 940 786 990 πίστει.
851 932 936 990 διὸ
967 939 1079 990 πᾶν
1109 936 1211 1006 μὲν
1243 940 1407 1000 ἔθνος
1442 936 1613 1010 ἑῷον,
1645 939 1758 992 πᾶν
1803 935 1863 991 δὲ

251 1021 527 1092 ἑσπερίων
556 1017 867 1090 ἁπτόμενον
897 1016 1082 1091 ᾐόνων
1101 1062 1114 1088 ,
1157 1016 1378 1092 βόρειόν
1417 1042 1475 1075 τε
1514 1019 1606 1074 καὶ
1631 1016 1696 1075 τά
1726 1018 1861 1093 πρὸς
1883 1039 1927 1072 10

250 1106 329 1179 τῷ
357 1100 499 1179 νότῳ
531 1101 740 1173 πάντα,
781 1108 916 1174 μίαν
955 1109 1064 1174 ἔχει
1104 1105 1195 1158 καὶ
1234 1100 1335 1175 τὴν
1376 1101 1553 1175 αὐτὴν
1583 1101 1863 1176 πρόληψιν

250 1189 376 1261 περὶ
418 1190 521 1244 τοῦ
560 1188 1047 1259 καταστησαμένου
1088 1185 1189 1258 τὴν
1220 1183 1548 1259 ἡγεμονίαν,
1598 1197 1653 1244 εἴ
1675 1210 1738 1259 γε
1769 1190 1862 1245 καὶ

248 1270 313 1328 τὰ
344 1270 762 1328 καθολικώτατα
791 1273 903 1328 τῶν
935 1269 1322 1344 ἐνεργημάτων
1362 1269 1533 1329 αὐτοῦ
1567 1276 1862 1346 διαπεφοί-

249 1379 416 1427 τηκεν
448 1354 533 1412 ἐπ’
574 1365 694 1428 ἴσης
727 1353 920 1412 πάντα.

376 1444 459 1497 65.
492 1439 651 1498 Πολὺ
684 1441 744 1496 δὲ
775 1442 944 1497 πλέον
973 1444 1032 1496 οί
1057 1436 1190 1513 παρ’
1209 1436 1434 1511 μἘλλησι
1464 1438 1858 1514 πολυπράγμο-
1881 1461 1922 1495 15

247 1547 341 1590 νες
372 1523 697 1597 φιλόσοφοι,
740 1528 800 1581 ἐκ
841 1527 936 1596 τῆς
968 1523 1255 1599 βαρβάρου
1298 1521 1607 1598 ὁρμώμενοι
1638 1533 1859 1597 φιλοσο-

247 1614 406 1681 φίας,
439 1612 516 1686 τῷ
544 1606 759 1686 ἀοράτῳ
791 1611 882 1665 καὶ
913 1607 1066 1685 μόνῳ
1097 1610 1189 1665 καὶ
1222 1607 1589 1686 δυνατωτάτῳ
1621 1611 1712 1665 καὶ
1742 1632 1859 1683 τεχ-

246 1692 532 1769 νικωτάτῳ
575 1696 667 1750 καὶ
707 1696 819 1750 τῶν
850 1691 1035 1750 ἄλλων
1075 1699 1384 1750 καλλίστων
1424 1691 1727 1769 αἰτιωτάτῳ
1758 1694 1859 1766 τὴν

246 1783 556 1850 προνομίαν
588 1783 824 1849 ἔδωκαν,
856 1777 922 1834 τά
946 1775 1232 1834 ἀκόλουθα
1256 1775 1485 1848 τούτοις,
1521 1783 1571 1833 εί
1593 1775 1666 1849 μὴ
1690 1801 1859 1850 κατη-

246 1872 477 1963 χηθεῖεν
527 1859 662 1935 πρὸς
708 1859 893 1933 ἡμῶν,
956 1858 1059 1917 οὐκ
1113 1859 1489 1933 ἐπιστάμενοι,
1553 1858 1673 1917 ἀλλ’
1726 1858 1853 1918 οὐδ’
1878 1880 1921 1914 20

136 1964 226 2005 (691)
247 1943 418 2002 αὐτὸν
447 1943 595 2011 ὅπως
625 1954 880 2003 νοεῖσθαι
911 1947 1127 2018 πέφυκε
1157 1943 1254 2002 τὸν
1277 1943 1443 2015 θεὸν,
1476 1942 1647 2016 μόνον
1673 1946 1752 2017 δε,
1786 1970 1856 2012 ως

191 2636 213 2668 b

198 2815 216 2836 0

1769 2028 1851 2050 Ν),

244 2027 352 2101 ἤδη
395 2029 656 2096 πολλάκις
699 2027 1022 2103 εἰρήκαμεν,
1072 2028 1209 2085 κατὰ
1239 2035 1579 2103 περίφρασιν
1609 2026 1809 2101 άληθη.

372 2119 454 2170 66.
512 2120 765 2172 Τοσαῦτα
805 2115 895 2169 καὶ
937 2112 965 2170 6
1010 2111 1253 2186 Κλημης.
1337 2111 1456 2169 ἀλλ’
1519 2112 1709 2185 ἐπειδὴ
1765 2113 1856 2170 δια

242 2201 598 2271 μακροτέρων
637 2194 771 2271 ημῖν
810 2223 843 2271 η
885 2222 1021 2254 κατα
1052 2196 1327 2255 Πλάτωνα
1359 2199 1601 2270 παρέστη
1633 2205 1854 2270 φιλοσο-

242 2288 345 2354 φία
376 2281 626 2358 συνῳδὸς
648 2283 788 2339 οὐσα
812 2280 950 2338 κατὰ
973 2290 1203 2339 πλεῖστα
1225 2296 1338 2348 τοῖς
1354 2277 1628 2355 Εβραίων
1652 2280 1853 2356 δόγμα-
1875 2299 1918 2333 25

243 2384 352 2437 σιν,
386 2364 505 2439 (ἐφ’
540 2364 621 2432 οἷς
646 2368 738 2423 καὶ
764 2363 1022 2439 ἀγάμεθα
1046 2365 1143 2424 τὸν
1173 2364 1354 2440 άνδρα
1376 2372 1472 2437 τῆς
1495 2390 1553 2423 τε
1577 2369 1854 2433 συνέσεως

243 2451 334 2506 καὶ
366 2453 459 2522 τῆς
491 2449 659 2522 άλλης
681 2456 778 2508 τοῦ
804 2448 1049 2554 ἀληθοῦς
1083 2448 1558 2523 εὐγνωμοσύνης,)
1593 2446 1708 2523 ω’ρα
1741 2454 1852 2507 ἐπι-

241 2539 526 2607 θεωρῆσαι
577 2540 702 2591 τίνα
749 2533 904 2592 ταῦτ’
964 2534 1114 2592 εἶναί
1160 2559 1344 2608 φαμεν
1397 2533 1483 2606 ἐφ’
1533 2558 1611 2590 ων
1652 2531 1847 2591 οὐκέθ’

242 2617 442 2691 ὁμοίως
473 2621 599 2692 περὶ
632 2615 801 2676 αὐτὸν
833 2625 1189 2692 διακείμεθα,
1224 2618 1326 2690 τὴν
1359 2618 1419 2674 δε
1449 2619 1851 2690 νενομισμένην

240 2702 526 2776 βάρβαρον
555 2708 649 2775 τῆς
681 2699 801 2759 κατ’
836 2700 1005 2760 αὐτὸν
1035 2707 1760 2775 προτιμῶμεν’φιλοσοφίας.
1871 2726 1914 2760 30

366 2798 485 2848 XIV.
545 2785 622 2844 Τά
645 2783 916 2859 Ἐβραίων
946 2786 1103 2858 λόγια
1125 2785 1435 2860 θεοπρόπια
1458 2787 1548 2841 καὶ
1573 2782 1848 2859 χρησμούς

126 2889 219 2931 [405]
239 2877 399 2937 θείας
430 2869 463 2944 ἢ
496 2869 632 2928 κατὰ
663 2869 966 2943 ἄνθρωπον
1008 2869 1294 2943 δυνάμεως
1325 2871 1675 2943 περιέχοντα,
1706 2867 1846 2926 θεόν
