2014 3146
605 141 819 182 PRAEP.
849 140 1071 184 EVANG
1103 141 1229 182 xm.
1263 142 1328 184 13
1687 139 1783 190 171

218 256 299 280 ,Ἃ

176 285 211 334 γ
268 284 367 332 αν,
407 255 436 316 ὃ
477 260 586 315 νῦν
627 254 695 329 δὴ
738 263 956 328 ε’λεγον,
996 260 1157 314 τοῦτο
1202 280 1275 322 ως
1312 254 1538 328 ἀληθῶς
1581 260 1786 324 ψεῦδος

177 352 426 417 καλοῖτο,
459 339 492 415 ἡ
527 345 585 399 ἐν
618 345 686 416 τῇ
714 343 866 415 ψυχῇ
894 345 992 398 τοῦ
1025 345 1370 414 ἐψευσμένου
1399 341 1624 414 ἄγνοια,
1669 343 1786 398 ἐπεὶ

177 427 237 486 τό
267 453 330 501 γε
363 431 422 485 ἐν
462 439 575 494 τοῖς
620 424 800 499 λόγοις
830 426 1045 499 μίμημά
1074 451 1126 483 τι
1163 430 1262 484 τοῦ
1293 431 1354 484 ἐν
1394 431 1460 500 τῇ
1491 429 1642 500 ψυχῇ
1676 428 1787 483 ἐστι

176 511 500 586 παθήματος
542 517 635 568 καὶ
671 507 912 582 ὕστερον
951 511 1179 584 γεγονὸς
1223 516 1484 582 εἴδωλον,
1531 509 1597 568 οὐ
1637 509 1787 568 πάνυ

129 623 153 655 5
176 596 416 672 ἄκρατον
448 601 667 665 ψεῦδος.
711 591 743 666 ἢ
768 593 870 668 οὐχ
893 592 1067 665 οὕτως
1100 596 1266 655 Ποὶνυ
1296 598 1398 669 μὲν
1428 589 1547 653 οὖν.
1596 600 1678 651 31.
1715 593 1786 651 Τό

175 683 277 756 μὲν
320 680 388 754 δὴ
430 685 505 758 τῷ
544 678 662 738 ὄντι
702 682 907 749 ψεῦδος
957 679 1024 736 οὐ
1054 679 1229 752 μόνον
1270 679 1380 738 ὑπὸ
1424 683 1604 751 θεῶν,
1648 677 1787 736 ἀλλὰ

175 769 268 824 καὶ
298 763 405 824 ὑπὸ
447 763 768 839 ανθρώπων
797 778 1052 836 μισεῖται.
1114 776 1292 822 Δοκεῖ
1322 790 1428 838 μοι.
1499 771 1568 822 Τί
1597 765 1654 820 δὲ
1690 762 1785 835 δή;

174 851 236 908 τὸ
279 855 340 909 ἐν
378 863 494 917 τοῖς
535 848 715 921 λόγοις
755 851 963 916 ψεῦδος
1004 847 1136 906 πότε
1166 852 1259 907 καὶ
1293 854 1353 906 ἐν
1391 853 1467 925 τῷ
1499 847 1786 922 χρήσιμον,

176 954 317 993 ωστε
356 935 430 1009 μὴ
469 932 623 1002 ἄξιον
664 933 807 990 εἶναι
856 940 1081 1005 μίσους;
1135 926 1226 1008 ἆρ’
1273 958 1339 991 ου
1381 931 1517 1008 πρός
1561 956 1620 989 τε
1661 932 1789 998 τοὺς

111 1046 153 1078 10
176 1027 472 1094 πολεμίους
503 1021 594 1076 καὶ
626 1020 739 1074 τῶν
768 1019 1131 1090 καλουμένων
1161 1026 1363 1092 φίλων,
1395 1016 1530 1076 ὅταν
1562 1015 1654 1074 δια
1683 1041 1790 1090 μα-

174 1111 307 1163 νίαν
327 1103 363 1178 ἥ
386 1129 510 1162 τινα
533 1101 730 1160 ἄνοιαν
751 1100 924 1159 κακόν
942 1127 992 1159 τι
1020 1106 1336 1178 ἐπιχειρῶσι
1358 1101 1635 1177 πράττειν,
1667 1100 1789 1158 τότε

174 1188 489 1263 ἀποτροπῆς
530 1191 691 1244 ἕνεκα
745 1182 816 1253 ὡς
867 1185 1161 1260 φάρμακον
1201 1187 1471 1263 χρήσιμον
1511 1193 1787 1260 γίγνεται;

175 1279 257 1332 32.
287 1276 378 1331 καὶ
404 1277 464 1331 ἐν
488 1268 574 1339 αἶς
603 1274 710 1328 νῦν
743 1269 812 1343 δὴ
846 1273 1105 1345 ἐλέγομεν
1134 1287 1252 1341 ταῖς
1276 1278 1661 1346 μυθολογίαις,
1698 1270 1788 1328 διὰ

175 1357 235 1417 τὸ
275 1357 350 1432 μὴ
393 1361 601 1415 εἰδέναι
640 1355 748 1428 ὅπη
788 1351 1027 1428 τάληθὲς
1069 1362 1178 1430 ἔχει
1210 1360 1338 1430 περὶ
1370 1361 1482 1415 τῶν
1514 1359 1785 1427 παλαιῶν,

112 1470 153 1502 15
176 1441 573 1518 αφομοιοῦντες
596 1443 674 1518 τῷ
695 1438 902 1512 ἀληθεῖ
920 1439 982 1497 τὸ
1015 1441 1270 1543 ψεῦδος
1250 1441 1333 1500 ότι
1357 1440 1611 1515 μαλιστα,
1643 1436 1786 1498 οὕτω

174 1527 444 1603 χρήσιμον
474 1530 769 1599 ποιοῦμεν;
811 1527 922 1582 Καὶ
952 1550 990 1598 μ
1014 1524 1127 1598 ’,λα
1167 1528 1201 1599 ἠ
1228 1523 1281 1583 δ’
1314 1524 1403 1598 ὃς,
1447 1523 1620 1591 οὕτως
1661 1530 1786 1598 ἔχει.

175 1612 332 1672 Κατα
361 1619 419 1670 τί
446 1610 515 1684 δὴ
546 1611 650 1668 οὐν
679 1607 892 1667 τούτων
921 1613 996 1685 τῷ
1020 1612 1140 1686 θεῷ
1168 1610 1228 1668 τὸ
1253 1614 1459 1678 ψεῦδος
1490 1608 1787 1684 χρήσιμον;

146 1697 409 1772 πότερον
450 1693 542 1753 δια
580 1693 640 1752 τὸ
682 1693 756 1767 μὴ
799 1696 1008 1750 εἰδέναι
1047 1719 1114 1751 τα
1155 1695 1362 1752 παλαια
1393 1693 1679 1769 αφομοιῶν
1721 1718 1790 1751 αν

174 1780 460 1851 ψεύδοιτο;
493 1787 724 1838 Γελοῖον
753 1773 958 1852 μέντᾶν
983 1787 1087 1852 εἴη,
1123 1785 1243 1853 ἔφη.
1301 1785 1384 1838 33.
1420 1777 1663 1853 Ποιητὴς
1687 1778 1791 1852 μὲν

111 1893 154 1926 20
176 1866 283 1943 ἄρα
325 1869 384 1924 ἐν
423 1868 542 1942 θεῷ
584 1861 796 1936 ψευδὴς
836 1859 938 1919 οὐκ
969 1869 1081 1932 ἔνι;
1134 1863 1217 1922 Οὔ
1247 1889 1338 1938 μοι
1382 1870 1549 1922 δοκεῖ.
1627 1861 1791 1921 Ἀλλὰ

177 1950 375 2018 δεδιὼς
414 1948 540 2017 τούς
587 1946 821 2022 ἐχθρούς
863 1943 934 2004 ἂν
974 1947 1268 2020 ψεύδοιτο;
1311 1955 1534 2007 Πολλοῦ
1574 1971 1636 2022 γε
1683 1952 1787 2004 δεῖ.

169 2035 332 2095 Ἀλλά
350 2034 423 2092 δι’
452 2040 676 2092 οἰκείων
699 2030 914 2105 ἄνοιαν,
939 2029 974 2105 ἢ
996 2039 1224 2105 μανίαν;
1252 2031 1395 2092 Ἀλλ’
1426 2034 1634 2104 οὐδεὶς,
1667 2037 1791 2104 ἔφη,

175 2125 288 2178 τῶν
333 2118 586 2192 ἀνοήτων
625 2120 717 2175 καὶ
756 2119 1109 2190 μαινομένων
1153 2117 1438 2190 θεοφιλής.
1523 2114 1644 2174 Οὐκ
1685 2113 1793 2188 ἄρα

179 2207 328 2262 ἐστὶν
357 2197 424 2261 οὗ
456 2206 618 2261 ἕνεκα
648 2198 720 2260 ἂν
749 2200 883 2267 θεὸς
913 2199 1203 2271 ψεύδοιτο;
1254 2200 1374 2259 Οὐκ
1406 2207 1532 2258 ἔστι.
1598 2199 1792 2270 Πάντη

114 2315 157 2347 25
180 2287 287 2363 ἄρα
316 2286 556 2356 ἀψευδὲς
597 2284 657 2343 τό
692 2283 982 2357 δαιμόνιόν
1011 2308 1071 2341 τε
1102 2287 1194 2341 καὶ
1236 2285 1295 2343 τὸ
1325 2296 1502 2343 θεῖον.
1570 2281 1793 2343 Παντά-

179 2390 312 2431 πασι
334 2372 436 2444 μὲν
459 2363 581 2442 οὖν,
608 2376 727 2443 ἔφη.
772 2374 854 2427 34.
883 2371 1103 2444 Κομιδῇ
1124 2367 1232 2443 ἄρα
1254 2366 1282 2428 ὁ
1307 2368 1438 2437 θεὸς
1463 2368 1678 2427 ἁπλοῦν
1700 2370 1791 2424 καὶ

178 2457 384 2531 ἀληθὲς
427 2462 488 2513 ἔν
526 2454 572 2511 τ’
611 2461 754 2533 ἔργῳ
786 2458 878 2512 καὶ
908 2451 1052 2530 λόγῳ
1075 2498 1089 2526 ,
1135 2451 1397 2512 καὶόῧτε
1437 2452 1600 2521 αὐτὸς
1630 2459 1796 2527 μεθί-

179 2562 399 2613 σταται,
431 2537 560 2597 οὕτε
589 2535 791 2603 ἄλλους
826 2543 1093 2615 ἐξαπατᾷ,
1141 2540 1271 2597 οὔτε
1302 2537 1439 2597 κατὰ
1468 2543 1795 2611 φαντασίας,

178 2625 310 2685 οὔτε
351 2623 487 2683 κατὰ
529 2633 774 2699 σημείων
814 2622 1060 2697 πομπὰς,
1102 2621 1241 2682 οὔθ’
1283 2622 1433 2698 ὕπαρ
1487 2621 1604 2680 οὔτ’
1641 2621 1792 2695 ὄναρ.

116 2739 157 2772 30
183 2708 395 2785 Οὕτως,
428 2715 552 2782 ἔφη,
586 2717 770 2784 ἔμοιγε
794 2713 884 2767 καὶ
916 2706 1067 2785 αὐτῷ
1098 2717 1361 2780 φαίνεται
1392 2712 1497 2766 σοῦ
1525 2711 1794 2780 λέγοντος.

182 2805 503 2870 Συγχωρεῖς
534 2794 667 2869 ἄρα,
712 2801 881 2867 ἔφην,
926 2799 1125 2852 τοῦτον
1156 2793 1424 2867 δεύτερον
1446 2790 1624 2850 τύπον
1654 2790 1796 2848 εἶναι

184 2883 244 2937 ἐν
275 2871 319 2957 ᾦ
350 2885 439 2937 δεῖ
474 2882 600 2955 περὶ
640 2882 792 2938 θεῶν
834 2883 926 2938 καὶ
957 2883 1142 2951 λέγειν
1183 2880 1278 2936 καὶ
1309 2890 1517 2948 ποιεῖν,
1561 2874 1634 2941 ὦς
1663 2873 1798 2947 μήτε

1821 2303 1843 2334 (l
