2014 3146
253 126 356 178 316
926 125 1174 168 EUSEBII

252 244 569 350 συμβέβηκε
609 243 701 298 καὶ
744 239 889 312 μάλα
931 239 1167 308 εἰκότως.
1237 240 1302 298 τὰ
1341 242 1444 314 μὲν
1473 242 1576 315 γὰρ
1607 241 1861 317 κριτήρια

253 329 342 382 καὶ
378 324 546 382 ἑαυτὰ
579 330 830 382 δείκνυσι
860 327 952 382 καὶ
981 322 1047 382 τά
1077 323 1404 399 κρινόμενα,
1443 327 1503 382 τὸ
1534 329 1719 399 μέντοι
1750 326 1858 384 πά-

250 420 354 475 θος
396 407 560 466 ἑαυτὸ
599 407 785 482 μόνον.
869 406 951 466 ὅτι
1005 407 1060 466 δ’
1106 408 1280 476 οὕτως
1333 415 1443 482 ἔχει
1480 415 1858 484 μαρτυροῦσιν

251 490 422 551 αὐτοί.
484 499 681 567 καίπερ
713 491 817 566 γὰρ
848 489 1132 560 ἀξιοῦντες
1161 491 1384 551 ἅπασαν
1406 492 1620 566 ἡδονὴν
1642 492 1859 567 ἀγαθὸν

252 577 394 634 εἶναι
425 580 516 635 καὶ
546 581 731 635 πᾶσαν
762 575 1043 650 ἀλγηδόνα
1073 578 1273 650 κακὸν,
1304 575 1450 650 ὅμως
1473 579 1574 635 οὐκ
1604 574 1697 636 ἀεί
1719 597 1857 652 φασι
1879 602 1907 635 5Ὶ

253 667 373 719 δεῖν
402 661 504 734 τὴν
534 686 636 735 μεν
667 667 979 735 αιρεῖσθαι,
1010 660 1112 733 τὴν
1146 663 1207 719 δε
1236 661 1490 735 φεύγειν
1535 673 1860 735 μετρεῖσθαι

250 745 353 820 γάρ
386 744 525 803 αῦτά
565 750 641 823 τῷ
681 750 834 823 ποσῷ
889 751 981 803 καὶ
1024 744 1089 804 οῦ
1131 751 1206 823 τῷ
1247 750 1401 823 ποιῷ.
1472 751 1519 804 4.
1557 750 1727 819 δῆλον
1756 771 1860 804 ουν

251 855 323 898 ως
353 829 414 887 τό
444 855 506 903 γε
537 829 711 888 ποσὸν
741 807 908 888 οῦδεν
938 828 1067 887 ἀλλ’
1100 828 1134 902 ἢ
1164 805 1192 888 6
1226 829 1385 902 λόγος
1415 836 1617 905 κρίνει
1664 829 1723 888 τὸ
1754 829 1859 904 γὰρ

249 913 479 988 ἄμεινόν
519 919 667 972 ἐστιν
706 911 1001 988 υπομεῖναι
1043 914 1244 972 τούσδε
1281 940 1433 981 τινας
1472 939 1601 981 τους
1633 914 1858 987 πόνους,

249 996 397 1065 ὅπως
448 995 760 1073 ἡσθείημεν
811 997 1018 1071 ἡδονάς
1058 1005 1303 1072 μείζους,
1357 1002 1449 1057 καὶ
1479 998 1539 1056 τὸ
1565 995 1858 1074 ’συμφέρει
1882 1023 1931 1054 10*

201 1116 217 1137 c
250 1086 431 1140 τῶνδέ
469 1108 639 1140 τινων
682 1082 988 1156 ἀπέχεσθαι
1018 1088 1129 1141 τῶν
1159 1081 1409 1156 ἡδονῶν,
1450 1089 1544 1141 ἵνα
1573 1082 1647 1157 μὴ
1678 1081 1861 1156 ἀλγῶ-

249 1190 353 1240 μεν
383 1165 694 1241 ἀλγηδόνας
735 1166 1134 1242 χαλεπωτέρας’
1183 1171 1275 1225 καὶ
1316 1167 1495 1226 πάντα
1538 1168 1603 1226 τὰ
1633 1171 1859 1225 τοιαῦτα

250 1251 408 1324 λόγος
438 1249 467 1308 6
492 1259 702 1324 κρίνων
727 1255 890 1309 ἐστίν.
934 1257 981 1310 ’5.
1015 1251 1074 1309 τὸ
1109 1249 1161 1309 δ’
1194 1249 1325 1310 ὅλον
1356 1257 1416 1309 αἱ
1444 1253 1547 1326 μὲν
1570 1251 1859 1325 αἰσθήσεις

250 1339 342 1392 καὶ
391 1340 452 1392 αἱ
488 1342 790 1410 φαντασίαι
842 1339 1150 1408 καθαπερεὶ
1199 1336 1475 1408 κάτοπτρα
1515 1340 1606 1394 καὶ
1652 1336 1860 1404 εἰκόνες

251 1423 459 1477 ἐοίκασι
496 1424 609 1478 τῶν
649 1419 986 1494 πραγμάτων
1027 1421 1193 1478 εἶναι·
1248 1422 1313 1478 τὰ
1354 1424 1541 1494 μέντοι
1580 1421 1736 1494 πάθη
1768 1423 1859 1478 καὶ
1882 1443 1931 1475 15-

249 1509 310 1560 αἰ
347 1501 545 1578 ἡδοναὶ
585 1508 678 1561 καὶ
718 1511 776 1562 oc
801 1504 963 1562 πόνοι
993 1507 1190 1578 τροπαὶ
1231 1508 1323 1562 καὶ
1353 1503 1674 1572 ἀλλοιώσεις
1704 1502 1860 1578 ἡμῶν

249 1585 447 1647 αὐτῶν.
511 1588 682 1662 ταύτῃ
727 1590 788 1646 δὲ
829 1588 1228 1663 αἰσθανόμενοι
1258 1591 1359 1662 μὲν
1389 1593 1480 1647 καὶ
1520 1589 1860 1663 φαντασιοῦ-

249 1697 404 1744 μενοι
434 1672 568 1746 πρὸς
601 1672 665 1730 τὰ
690 1677 790 1741 ἔξω
815 1676 1111 1746 βλέπομεν,
1136 1670 1398 1747 ἡδόμενοι
1425 1675 1484 1731 δε
1508 1677 1599 1731 καὶ
1622 1673 1861 1746 ἀλγοῦν-

249 1781 335 1823 τες
370 1759 769 1830 ἐπιστρέφομεν
811 1760 899 1814 ἐπὶ
940 1757 1143 1830 μόνους
1186 1757 1430 1824 ἑαυτούς.
1494 1758 1589 1824 τὰς
1620 1781 1723 1830 μεν
1753 1757 1857 1829 γὰρ

199 1864 221 1895 <1
253 1839 542 1912 αἰσθήσεις
571 1837 730 1914 ἡμῶν
751 1838 817 1897 τά
841 1845 942 1908 ἔξω
974 1856 1144 1899 ποιεῖ·
1193 1844 1282 1898 καὶ
1306 1841 1469 1899 ὁποῖα
1492 1838 1561 1898 ἂν
1585 1834 1622 1915 ᾗ
1653 1845 1855 1913 ἐκεῖνα,
1880 1865 1930 1896 20-

249 1924 501 1991 τοιαύτας
532 1923 892 1997 ἀπεργάζεται
922 1928 1013 1982 καὶ
1042 1924 1138 1992 τάς
1162 1933 1491 1997 φαντασίας,
1521 1924 1587 1982 τά
1613 1926 1672 1982 δε
1702 1924 1858 1998 πάθη

250 2031 378 2065 ποια
408 2007 541 2065 ἅττα
572 2015 783 2080 γίνεται
818 2006 895 2065 δι’
929 2005 1070 2082 ἡμᾶς
1111 2012 1203 2066 καὶ
1238 2035 1310 2076 ως
1340 2035 1410 2067 αν
1441 2006 1596 2082 ἡμεῖς
1629 2017 1854 2083 ἔ.χωμεν

249 2098 296 2150 6.
332 2091 417 2150 διὸ
449 2097 620 2150 ταῦτα
651 2116 782 2150 ποτε
811 2118 913 2166 μεν
944 2090 1110 2165 ἡδέα,
1143 2118 1274 2151 ποτε
1307 2093 1356 2150 δ’
1394 2091 1538 2194 ἀηδῆ
1578 2101 1854 2167 φαίνεται,

249 2179 340 2233 καὶ
373 2176 501 2234 ἔσθ’
537 2175 628 2234 ὅτε
658 2202 759 2250 μεν
789 2182 1024 2251 μᾶλλον,
1060 2177 1181 2236 ε”σθ
1219 2176 1308 2235 ὅτε
1340 2179 1400 2235 δε
1431 2203 1609 2250 ηττον.
1656 2203 1736 2235 ων
1764 2177 1856 2234 οῦ-

247 2285 352 2327 τως
394 2261 633 2334 ἐχόντων
678 2281 1016 2335 ευρησομεν,
1059 2268 1108 2320 εἰ
1139 2265 1430 2336 ἐθέλοιμεν
1459 2277 1708 2333 σκοπεῖν,
1739 2259 1853 2334 ἅρι-
1879 2283 1928 2316 25»

248 2363 348 2400 στα
388 2345 482 2412 τὰς
522 2350 617 2417 τῆς
664 2345 924 2418 γνώσεως
969 2345 1140 2419 ἀρχὰς
1183 2345 1624 2420 ὑποτιθεμένους
1664 2345 1857 2404 ὁπόσοι

249 2430 338 2484 καὶ
380 2427 476 2495 τὰς
528 2428 815 2502 αἰσθήσεις
855 2433 946 2486 καὶ
993 2431 1089 2487 τὸν
1129 2434 1268 2489 νοῦν
1307 2429 1854 2504 παραλαμβάνουσιν.

135 2517 295 2579 [450]7.
333 2517 474 2569 ἔοικε
509 2512 561 2568 δ’
608 2512 641 2585 ἡ
672 2515 773 2586 μὲν
814 2523 1075 2587 αἴσθησις
1115 2530 1233 2581 ταῖς
1273 2512 1473 2587 ἄρκυσι
1503 2517 1595 2571 καὶ
1625 2529 1737 2580 τοῖς
1771 2519 1857 2570 δι-

247 2594 429 2661 κτύοις
476 2599 567 2653 καὶ
605 2611 717 2664 τοῖς
758 2596 943 2664 ἄλλοις
983 2612 1095 2665 τοῖς
1134 2597 1399 2665 τοιούτοις
1439 2597 1768 2671 θηράτροις,
1825 2596 1854 2654 6

250 2681 310 2736 δὲ
340 2686 473 2746 νοῦς
518 2682 610 2737 καὶ
641 2677 669 2737 6
702 2680 862 2754 λόγος
908 2697 1020 2748 τοῖς
1065 2686 1193 2740 κυσὶ
1238 2697 1352 2749 τοῖς
1397 2680 1716 2754 στιβεύουσι
1761 2683 1852 2737 καὶ
1877 2703 1920 2735 30

140 2791 230 2831 (πο)
249 2767 634 2836 μεταθέουσιν.
698 2764 882 2822 αὐτῶν
911 2769 1097 2838 μέντοι
1127 2766 1338 2824 τούτων
1367 2764 1612 2839 ἅμεινον-
1631 2773 1850 2837 φιλοσο-

249 2863 379 2919 φεῖν
420 2858 641 2905 οἰέσθαι
689 2849 790 2921 χρὴ
842 2850 967 2916 τοὺς
1019 2850 1154 2923 μήτε
1204 2864 1322 2917 ταῖς
1364 2848 1726 2921 αἰσθήσεσιν,
1781 2846 1853 2915 ὡς
