2014 3146
232 79 337 131 378
913 79 1162 122 EUSEBH

234 194 435 262 αὐτούς
479 197 566 251 ἐπὶ
598 199 770 252 ταῦτα
801 197 1046 268 πέφυκε,
1090 195 1393 269 σεμνότερα
1427 195 1676 269 εἰρήκασι
1710 200 1839 270 περὶ

235 279 446 352 αὐτῶν,
502 281 593 335 καὶ
651 276 755 336 οὐκ
799 276 1232 353 ἀναθυμιάσεις,
1286 277 1407 336 οὐδ’
1459 278 1648 355 ἀέρας,
1704 279 1852 339 οὐδὲ·

234 362 520 436 πνεύματα
560 366 652 420 καὶ
683 361 951 437 λη’ρους;”

377 448 561 506 Ταῦτά
584 466 669 505 σοι
693 450 784 504 καὶ
808 444 1136 521 ὁΛογγῖνος.
1164 446 1474 505 ἐπάκουσον
1501 449 1560 505 δὲ
1575 451 1666 506 καὶ
1679 458 1837 508 Πλω-

233 538 390 589 τίνου
413 532 476 588 τὰ
502 532 690 590 τοιάδε
713 531 848 606 πρὸς
872 532 999 600 τοὺς
1024 530 1226 599 αὐτούς
1251 532 1682 606 ἀποτεινομένου
1883 555 1902 588 5

122 642 212 682 (824)
359 628 505 676 XXII.
561 613 675 674 “Ei
716 621 781 674 δέ
820 620 968 674 ἐστιν
1000 615 1278 683 ἀθάνατος
1321 622 1544 683 ἕκαστος
1576 614 1759 690 ἡμῶν,
1806 614 1839 691 ἢ

232 708 526 775 φθείρεται
557 705 680 773 πᾶς,
712 698 745 774 ἢ
777 701 842 758 τὰ
873 703 975 775 μὲν
1007 701 1180 759 αὐτοῦ
1209 700 1431 758 ἄπεισιν
1463 707 1540 767 εἰς
1576 704 1839 759 σκέδασιν

233 788 324 853 καὶ
355 783 607 860 φθοράν,
661 783 727 842 τὰ
771 787 832 843 δὲ
862 789 1015 859 μένει
1059 788 1231 844 εἰσαεὶ
1271 783 1410 859 ἅπερ
1456 787 1634 858 ἐστὶν,
1677 783 1839 853 αὐτὸς

234 861 331 926 ωδ’
380 868 451 927 άν
489 895 568 936 τις
608 870 780 943 μάθοι
830 895 966 927 κατα
1008 870 1183 944 φύσιν
1227 868 1709 943 ἐπισκοπούμενος
1787 877 1834 930 2.

231 950 450 1012 απλοῦν
490 979 593 1028 μεν
635 954 703 1027 δή
733 979 782 1012 τι
808 979 911 1012 ουκ
941 980 1010 1011 αν
1043 965 1126 1028 εἴη
1158 954 1485 1029 ἄνθρωπος,
1523 953 1642 1011 ἀλλ’
1688 961 1838 1012 ἔστιν
1862 988 1903 1019 10

186 1063 205 1094 b
234 1043 294 1096 ἐν
325 1036 474 1116 αὐτῷ
507 1037 674 1112 ψυχὴ,
709 1045 817 1112 ἔχει
850 1041 911 1096 δε
943 1041 1034 1095 καὶ
1065 1044 1247 1113 σῶμα·
1298 1037 1396 1097 εἴτ’
1442 1064 1543 1096 ουν
1576 1064 1647 1105 ως
1677 1037 1838 1111 όργα-

231 1147 332 1181 νον
362 1120 525 1196 ἡμῖν,
571 1133 679 1180 εἴτε
722 1127 910 1197 ε’τερον
949 1122 1155 1197 τρόπον
1195 1125 1682 1198 προσηρτημένον,
1713 1121 1837 1180 ἀλλ’

231 1199 335 1265 οὖν
367 1206 657 1281 διῃρήσθω
688 1232 751 1280 γε
780 1206 953 1283 ταύτῃ
972 1253 986 1280 ,
1027 1211 1118 1265 καὶ
1149 1211 1412 1315 ἑκατέρου
1442 1207 1544 1280 τὴν
1575 1206 1752 1305 φύσιν
1781 1233 1840 1266 τε

231 1294 322 1348 καὶ
363 1289 563 1350 ουσίαν
603 1295 993 1350 καταθεατέον.
1069 1297 1117 1350 3.
1173 1292 1232 1350 τὸ
1271 1317 1373 1366 μεν
1419 1290 1486 1364 δὴ
1518 1312 1703 1365 σωμα,
1747 1295 1838 1349 καὶ

230 1373 364 1433 αὐτὸ
417 1384 809 1477 συγκείμενον,
859 1375 986 1435 οὕτε
1037 1400 1186 1451 παρα
1235 1381 1332 1435 τοῦ
1385 1375 1552 1449 λόγου
1606 1375 1837 1434 δύναται
1861 1406 1901 1439 15

233 1463 444 1534 μένειν,
475 1459 510 1534 ἦ
533 1486 591 1518 τε
623 1470 884 1534 αἴσθησις
915 1457 1018 1537 ὁρᾷ
1041 1461 1316 1534 λυόμενόν
1338 1485 1397 1518 τε
1421 1463 1512 1518 καὶ
1537 1460 1839 1534 τηκόμενον

230 1547 322 1602 καὶ
353 1551 651 1612 παντοίους
681 1543 950 1618 ὀλέθρους
983 1545 1313 1620 δεχόμενον,
1372 1544 1604 1603 ἑκάστου
1635 1570 1696 1618 γε
1728 1551 1839 1602 τῶν

232 1628 472 1687 ἐνόντων
511 1630 647 1704 πρὸς
687 1630 746 1687 τὸ
787 1629 959 1687 αὑτοῦ
1008 1634 1347 1705 φερομένου,
1401 1629 1731 1702 φθείροντός
1781 1653 1839 1687 τε

230 1712 400 1771 ἄλλου
433 1717 621 1788 ἕτερον
663 1717 754 1772 καὶ
784 1714 1221 1787 μεταβάλλοντος
1256 1722 1332 1781 εἰς
1367 1712 1499 1771 ἄλλο
1539 1716 1631 1771 καὶ
1665 1713 1839 1771 ἄπολ-

231 1797 459 1870 λύντος,
492 1801 584 1855 καὶ
613 1798 849 1871 μάλιστα
880 1797 1013 1855 ὅταν
1054 1798 1203 1872 ψυχὴ
1239 1796 1271 1870 ἡ
1314 1806 1451 1871 φίλα
1490 1801 1725 1855 ποιοῦσα
1763 1798 1836 1870 μὴ
1860 1826 1902 1860 20

230 1886 378 1956 παρῇ
410 1897 523 1947 τοῖς
553 1880 750 1955 ὄγκοις.
826 1887 873 1939 4.
923 1879 1027 1939 κᾶν
1056 1887 1290 1956 μονωθῇ
1332 1883 1391 1938 δὲ
1423 1885 1655 1939 ἕκαστον
1683 1881 1835 1954 γινό-γ
1923 1888 1925 1891 ’

230 1990 426 2038 μενον,
472 1972 532 2023 ἓν
571 1964 672 2024 οὐκ
714 1973 852 2038 ἔστι,
895 1965 1059 2024 λύσιν
1091 1965 1389 2040 δεχόμενον
1422 1975 1499 2034 εἴς
1527 1990 1587 2022 τε
1616 1965 1839 2039 μορφὴν

188 2080 206 2102 c
230 2053 322 2107 καὶ
352 2049 522 2123 ὕλην,
571 2054 621 2119 ἐξ
664 2043 742 2108 ὦν
780 2048 992 2124 ἀνάγκη
1025 2054 1116 2108 καὶ
1147 2049 1211 2107 τὰ
1243 2050 1391 2108 ἀπλᾶ
1420 2054 1532 2108 τῶν
1563 2048 1837 2124 σωμάτων

229 2134 324 2202 τὰς
366 2134 655 2201 συστάσεις
695 2143 855 2209 ἔχειν.
919 2139 1012 2193 καὶ
1052 2133 1162 2209 μὴν
1207 2138 1299 2193 καὶ
1342 2137 1577 2208 μέγεθος
1624 2142 1837 2208 ἔχοντα,

229 2217 323 2276 ἅτε
355 2218 578 2293 σώματα
609 2218 759 2292 ὅντα,
791 2219 1099 2293 τεμνόμενά
1132 2244 1190 2276 τε
1222 2223 1314 2276 καὶ
1348 2226 1423 2286 εἰς
1463 2217 1630 2294 μικρὰ
1660 2229 1835 2293 θραυ-
1860 2248 1900 2280 25

230 2301 430 2375 όμενα,
464 2306 555 2360 καὶ
586 2302 756 2378 ταύτῃ
788 2303 1013 2379 φθορὰν
1052 2300 1123 2362 ἂν
1161 2301 1444 2378 ὑπομένοι.
1519 2309 1567 2360 5.
1618 2302 1757 2360 ὥστε
1790 2309 1842 2360 εἰ

229 2388 331 2459 μὲν
371 2390 532 2462 μέρος
576 2387 732 2461 ἡμῶν
771 2393 961 2461 τοῦτο,
1004 2387 1069 2446 οὐ
1111 2388 1171 2446 τὸ
1203 2393 1315 2446 πᾶν
1356 2386 1656 2460 ἀθάνατοι,
1699 2394 1750 2444 εἰ
1781 2384 1834 2443 δ’

229 2469 497 2544 ὄργανον,
542 2478 654 2528 ἔδει
694 2496 758 2545 γε
797 2471 935 2530 αὐτὸ·
965 2479 1043 2540 εἰς
1074 2472 1275 2546 χρόνον
1304 2471 1427 2530 τινὰ
1461 2473 1633 2530 δοθὲν
1661 2475 1838 2529 τοιοῦ-

230 2579 327 2613 τον
356 2555 456 2628 τὴν
487 2555 661 2628 φύσιν
693 2557 851 2614 εἶναι.
899 2556 958 2614 τὸ
993 2558 1054 2614 δὲ
1085 2555 1427 2631 κυριώτατον
1465 2559 1557 2613 καὶ
1603 2553 1767 2621 αὐτὸς
1806 2551 1834 2610 ὁ

228 2638 526 2712 ἅνθρωπος
569 2649 652 2712 εἰή
691 2637 761 2697 ἂν
798 2638 831 2713 ἢ
875 2639 1010 2698 κατά
1049 2641 1108 2699 τὸ
1151 2642 1295 2707 εἶδος
1337 2638 1409 2707 ὦς
1441 2638 1575 2714 πρὸς
1604 2638 1747 2711 ὕλην
1777 2638 1835 2695 τὸ
1858 2666 1901 2699 30

341 2835 366 2874 5
398 2830 674 2886 Πλωτίνου]
711 2835 752 2885 4,
786 2835 823 2874 7.
857 2847 899 2886 p.
930 2835 1026 2875 456.
