2014 3146
185 1697 207 1728 d

233 131 338 183 282
439 144 441 147 ¹
915 131 1161 172 EUSEBII

235 250 326 305 καὶ
360 249 636 318 εἰκασμοόν
666 243 725 302 τὸ
749 248 917 303 πλέον
939 244 1035 312 τοὶς
1060 243 1228 320 ἀρχὰς
1253 253 1447 319 ἔχοντα
1476 250 1571 320 τῆς
1603 254 1840 315 πίστεως

233 330 518 404 τυγχάνει;
551 336 879 403 λογομαχίας
910 330 970 387 δὲ
1009 335 1090 396 τίς
1121 325 1149 386 ὁ
1181 327 1415 404 καρπὸς,
1458 337 1507 388 εἰ
1538 329 1606 404 δὴ
1637 330 1839 399 πάντες

233 420 291 472 οἱ
315 418 426 472 τῶν
465 413 790 488 φιλοσόφων
832 412 984 486 λόγοι
1029 410 1421 487 εύανάτρεπτοι
1461 415 1838 488 καθεστήκασι

235 498 327 555 διά
367 497 468 572 τὴν
509 501 570 555 ἐν
611 502 779 556 πᾶσιν
821 494 1227 571 εὑρεσιλογίαν;
1268 501 1441 555 ταῦτα
1470 496 1575 572 γὰρ
1605 501 1672 556 οὐ
1704 497 1835 572 παρ’

231 579 391 655 ἡμῶν
427 581 658 656 ἀρτίως,
701 579 842 638 ἀλλά
881 580 1011 653 παρ’
1065 581 1252 639 αὐτῶν
1296 584 1556 655 εἰρημένα
1585 581 1832 655 ἠκούετο.
1860 607 1881 639 5

234 672 280 723 8.
317 666 509 740 διόπερ
558 659 623 723 εὖ
664 691 755 739 μοι
797 672 1067 739 δοκοῦμεν
1098 669 1189 724 καὶ
1228 664 1362 739 μετὰ
1393 673 1624 739 κρίσεως
1656 671 1840 740 ἐξητα-

234 753 435 824 σμένης
454 795 468 822 ,
500 747 622 823 ούχὶ
649 749 698 807 δ’
736 749 978 823 ἀλόγως,
1013 747 1084 818 ὡς
1115 747 1184 808 ἂν
1206 750 1473 807 τοιούτων
1496 773 1840 824 καταπεφρο-

235 837 492 907 νηκέναι,
534 834 599 891 τά
647 835 707 892 δὲ
747 834 873 909 παρῗ
906 831 1175 907 Ἑβραίοις
1215 833 1585 907 ἠγαπηκέναι,
1627 834 1728 908 οὐχ
1758 832 1841 892 ὅτι

234 919 368 992 πρὸς
398 922 498 976 τοῦ
527 924 784 992 δαίμονος
805 918 1234 993 μεμαρτύρηται,
1267 916 1388 975 ἀλλ’
1413 917 1495 976 ὅτι
1518 923 1613 991 τῆς
1638 921 1839 977 ἐνθέου

232 1001 428 1077 ἀρετῆς
468 1027 526 1060 τε
567 1005 658 1060 καὶ
706 1003 994 1076 δυνάμεως
1033 1005 1232 1076 μέτοχα
1263 1002 1395 1061 ὅντα
1425 1001 1835 1061 ἀποδείκνυται.
1863 1027 1904 1060 10

234 1092 280 1144 9.
315 1093 407 1145 ίνα
441 1084 495 1144 δ’
539 1080 641 1144 οὖν
671 1090 762 1144 καὶ
795 1086 980 1153 αὐτοῖς
1015 1093 1193 1159 ἔργοις
1223 1087 1317 1152 τὰς
1356 1111 1467 1144 των
1497 1092 1839 1161 θαυμαστῶν

233 1171 561 1244 φιλοσόφων
600 1179 930 1245 λογομαχίας
970 1170 1204 1245 μάθοις,
1250 1171 1346 1237 τάς
1385 1196 1443 1229 τε
1484 1174 1609 1243 περὶ
1652 1171 1839 1246 ἀρχῶν

231 1258 324 1312 καὶ
363 1258 488 1330 περὶ
529 1260 685 1313 θεῶν
725 1259 816 1312 καὶ
856 1262 949 1327 τῆς
989 1259 1089 1313 τοῦ
1130 1254 1332 1322 παντὸς
1365 1254 1684 1323 συστάσεως
1718 1262 1841 1314 ὃια-

233 1346 446 1412 φωνίας
477 1338 674 1415 μικρὸν
703 1337 1062 1413 μὲνῦστερον
1089 1339 1399 1414 ἐκθήσομαί
1419 1359 1505 1398 σοι
1529 1338 1621 1406 τὰς
1653 1337 1840 1398 αὐτῶν

232 1423 438 1496 φωνάς.
504 1430 582 1481 10.
617 1427 838 1498 πρῶτον
869 1421 921 1481 δ’
959 1422 1147 1498 ἐπειδὴ
1172 1428 1569 1498 περιφέρουσιν
1599 1423 1715 1481 ἄνω
1747 1428 1838 1481 καὶ
1863 1445 1901 1478 15

233 1507 377 1565 κάτω
427 1513 771 1580 θρυλοῦντες
821 1508 887 1565 τὰ
941 1508 1270 1582 μαθήματα,
1324 1515 1445 1567 δεῖν
1495 1512 1546 1576 ἐξ
1597 1506 1866 1574 ἅπαντος,

234 1592 538 1664 φάσκοντες
569 1591 696 1659 τούς
726 1596 1025 1666 μέλλοντας
1058 1597 1118 1650 ἐν
1149 1600 1313 1668 πείρα
1345 1596 1438 1666 τῆς
1463 1597 1560 1650 τοῦ
1591 1590 1847 1666 ἀληθοῦς·

235 1675 589 1749 καταλήψεως
631 1684 891 1749 γίνεσθαι
937 1686 1229 1750 μετελθεῖν
1270 1674 1668 1750 ἀστρονομίαν,
1715 1675 1839 1749 ἀρι-

232 1760 537 1834 θμητικὴν,
579 1768 947 1834 γεωμετρίαν,
979 1760 1276 1834 μουσικὴν,
1320 1759 1460 1817 αὐτοὶ
1494 1754 1562 1832 δὴ
1593 1759 1658 1817 τά
1688 1759 1836 1833 παρά

233 1844 533 1917 βαρβάρων
565 1852 641 1911 είς
673 1843 875 1911 αὐτούς
919 1843 1075 1917 ἥκειν
1115 1843 1543 1918 ἀποδειχθέντα·
1600 1843 1836 1918 (τούτων
1859 1852 1900 1899 20

232 1926 336 2000 γάρ
368 1926 505 1984 ἄνευ
535 1926 608 2000 μὴ
641 1927 924 1986 δύνασθαι
967 1927 1154 2001 λόγιον
1184 1927 1364 2001 ἄνδρα
1404 1931 1496 1985 καὶ
1526 1927 1837 2002 φιλόσοφον

231 2009 702 2085 ἀποτελεσθῆναι,
743 2009 866 2069 ἀλλ’
911 2011 1044 2070 οὐδὲ
1073 2017 1168 2084 τῆς
1208 2016 1320 2071 τῶν
1347 2011 1527 2070 ὅντων
1567 2010 1836 2085 ἀληθείας

231 2099 469 2168 ψαῦσαι,
502 2097 575 2169 μὴ
605 2095 817 2154 τούτων
850 2101 909 2154 ἐν
939 2103 1088 2171 ψυχῇ
1128 2099 1223 2168 τῆς
1263 2096 1516 2169 γνώσεως
1547 2119 1835 2167 προτυπω-

230 2180 477 2253 θείσης·)
527 2179 618 2238 εἶτ’
659 2180 1146 2254 ἐπανατεινάμενοι
1175 2184 1244 2255 τῇ
1272 2180 1513 2253 μαθήσει
1543 2184 1654 2238 ταῖν
1686 2186 1837 2253 εἰρη-

230 2268 413 2336 μένων
439 2262 522 2321 έπ’
558 2264 730 2323 αὐτοῦ
750 2269 1048 2339 μονονουχὶ
1068 2269 1169 2322 τοῦ
1189 2268 1414 2337 αἰθέρος
1437 2271 1655 2338 βαίνειν
1684 2266 1834 2337 μετέ·
1857 2287 1899 2319 25

232 2372 363 2421 ωροι
394 2347 660 2420 ἀρθέντες
690 2358 918 2422 οἴονται,
953 2349 1024 2416 ὡς
1059 2349 1127 2421 δὴ
1148 2347 1402 2407 τὸνθεόν
1433 2345 1601 2406 αὐτὸν
1634 2353 1694 2406 ἐν
1722 2361 1835 2416 τοῖς

229 2429 486 2504 ἀριθμοῖς
535 2435 953 2507 περιφέροντες,
1001 2433 1140 2506 ἡμᾶς
1180 2457 1265 2504 τε,
1316 2431 1397 2490 ὅτι
1445 2431 1518 2506 μὴ
1571 2431 1638 2489 τά
1674 2432 1835 2505 ὅμοια

231 2519 525 2587 ζηλοῦμεν,
560 2517 924 2590 βοσκημάτων
955 2517 1073 2574 κατ’
1111 2516 1281 2575 οὐδὲν
1313 2519 1602 2591 διαφέρειν
1633 2512 1834 2588 ἡγοῦν·

229 2623 344 2668 ται,
376 2598 549 2671 ταύτῃ
583 2603 646 2656 δέ
673 2621 811 2672 φασι
842 2603 982 2674 μηδὲ
1012 2601 1181 2672 θεὸν,
1223 2604 1364 2674 μηδέ
1390 2626 1442 2658 τι
1471 2605 1583 2658 τῶν
1613 2603 1834 2678 σεμνῶν

119 2705 211 2743 (m)
231 2682 369 2755 ἡμᾶς
421 2681 700 2742 δύνασθαι
750 2687 983 2743 εἰδέναι·
1049 2687 1186 2758 φέρε
1240 2688 1400 2742 τοῦτο
1452 2687 1672 2757 πρῶτον
1729 2681 1831 2739 οὐκ
1854 2705 1896 2737 30

228 2764 414 2839 ὀρθῶς
467 2772 592 2838 ἔχον
641 2766 1079 2840 ἀπευθύνωμεν,
1132 2768 1228 2825 τὸν
1278 2766 1461 2840 ἀληθῆ
1503 2765 1668 2837 λόγον
1707 2762 1832 2823 ἀντὶ

230 2850 409 2921 φωτὸς
441 2847 628 2917 αὐτοῖς
658 2851 1118 2925 παραβάλλοντες.
1191 2857 1270 2910 11.
1304 2848 1332 2909 ὁ
1367 2852 1426 2908 δὲ
1465 2857 1697 2925 μυρίους
1727 2850 1830 2923 μὲν
