2014 3146
223 137 256 188 2
870 139 1117 181 EUSEBII

179 280 198 311 b
223 253 358 327 πρὸς
388 279 453 311 τα
477 251 750 328 Εβραίων
779 253 935 325 λόγια
957 261 1291 327 συμφωνίαν
1320 259 1431 312 τῶν
1454 253 1583 327 παρ’
1606 253 1832 328 Ελλησι

222 337 552 412 φιλοσόφων
583 343 843 411 ε’κφᾶναι·
888 339 967 395 ὠν
996 339 1126 405 τοὺς
1168 361 1456 411 περιττους
1487 339 1838 414 παραιτησά-

221 446 384 497 μενος
433 422 529 480 τὸν
578 436 887 496 κορυφαῖον
936 421 1199 480 ἁπάντων
1238 421 1626 494 ανακαλεῖται,
1676 423 1828 500 μόνῳ

220 513 418 581 χρῆναι
459 506 582 564 ἀντὶ
626 505 851 564 πάντων
889 505 1197 580 ἡγούμενος
1238 506 1484 580 γνώμονι
1513 507 1829 581 χρήσασθαι

220 595 320 648 τοῦ
370 590 754 664 προβλήματος
795 589 1086 663 Πλάτωνι,
1141 593 1260 648 ἐπεὶ
1313 594 1405 648 καὶ
1455 584 1615 658 οὗτος
1662 591 1870 665 μόνοςε,

222 682 365 733 ἔοικε
394 679 462 750 τῇ
493 675 624 750 δόξῃ
663 674 791 741 τοὺς
832 674 1041 742 πάντας
1079 673 1520 749 ὑπερακοντίσας
1551 674 1829 749 αὐτάρκης

219 756 354 833 ἡμῖν
405 767 637 836 ἔσεσθαι
685 758 820 831 πρὸς
870 757 972 831 τὴν
1019 764 1117 817 τοῦ
1159 763 1492 834 ζητουμένου
1543 759 1824 819 σύστασιν.

218 850 266 902 4.
304 850 354 901 εί
386 846 450 901 δέ
477 866 585 901 που
617 846 760 914 δέοι,
802 851 1107 916 σαφηνείας
1147 847 1309 902 ἕνεκα
1350 847 1445 917 τῆς
1483 848 1583 902 τοῦ
1624 841 1828 917 ἀνδρὸς

223 933 499 1000 διανοίας,
540 930 632 985 καὶ
671 935 785 994 τοῖς
823 927 925 1000 τὴν
964 925 1086 984 κατ’
1121 925 1291 985 αὐτὸν
1333 928 1627 1001 ἐζηλωκόσι
1667 937 1829 1001 φιλο-

221 1019 426 1084 σοφίαν
465 1030 706 1086 μαρτυσι
747 1011 1044 1086 χρήσομαι,
1094 1010 1188 1079 τὰς
1230 1011 1416 1071 αὐτῶν
1456 1011 1826 1086 ἐκθησόμενος
1851 1041 1892 1073 10

171 1121 408 1170 φωνας
441 1098 528 1154 ἐπὶ
561 1115 824 1154 συστασει
853 1101 950 1154 τοῦ
977 1099 1358 1170 προκειμένου.
1421 1102 1469 1154 5.
1501 1096 1826 1170 τετηρήσθω

221 1185 286 1238 δέ
313 1206 405 1254 μοι
435 1181 495 1238 τὸ
526 1179 600 1254 μὴ
633 1177 795 1238 πάντ’
831 1184 1097 1254 ἐπιτυχῶς
1139 1184 1399 1253 εἰρῆσθαι
1429 1185 1504 1257 τῷ
1536 1178 1735 1254 ανδρὶ,
1778 1188 1829 1238 εἰ

219 1267 311 1322 καὶ
341 1290 406 1322 τα
446 1273 676 1322 πλεῖστα
718 1262 867 1340 αυτῷ
909 1265 1015 1322 σὺν
1055 1264 1294 1342 ἀληθείᾳ
1337 1264 1735 1338 ἐκπεφώνηται.
1797 1261 1828 1322 ὂ

222 1348 290 1421 δη
321 1352 413 1406 καὶ
445 1346 576 1406 αὐτὸ
611 1373 747 1405 κατα
785 1347 883 1406 τὸν
914 1351 1111 1407 δέοντα
1149 1347 1344 1421 καιρὸν
1378 1348 1822 1423 παραστήσομεν,

217 1458 319 1491 ουκ
349 1432 523 1491 αὐτου
562 1436 851 1506 διαβολῆς,
892 1432 1191 1509 ἀπρλογίας
1234 1435 1294 1507 δὲ
1333 1430 1600 1508 ἡμετέρας
1641 1457 1820 1506 χαριν,
1847 1460 1887 1492 15

221 1515 294 1574 δι’
329 1515 400 1591 ἣν
428 1517 529 1589 τὴν
559 1510 891 1624 βάρβαρῗ
868 1528 965 1601 φιλ
1037 1524 1207 1590 οφίαν
1235 1522 1331 1590 τῆς
1356 1515 1673 1591 Ελληνικῆς
1698 1513 1823 1590 ὁμο-

217 1605 490 1674 λογοῦμεν
519 1603 993 1675 προησμενικέναι.

168 1712 189 1742 d
344 1697 379 1745 Ι.
433 1691 533 1751 Εἰς
586 1692 710 1759 τρία
753 1686 1030 1751 διελόντος
1069 1689 1208 1759 μέρη
1248 1690 1346 1743 τοῦ
1386 1684 1688 1751 Πλάτωνος
1725 1685 1823 1743 τὸν

216 1769 395 1827 πάντα
435 1774 530 1842 τῆς
541 1777 899 1872 φιλοσοφίας
940 1769 1126 1842 λόγον,
1175 1777 1252 1836 εἰς
1293 1771 1553 1842 φυσικὸν,
1599 1768 1821 1842 ἠθικὸν,

218 1854 469 1927 λογικὸν,
514 1851 612 1911 εἶτ’
648 1855 719 1911 αὐ
758 1853 925 1911 πάλιν
963 1853 1060 1911 τὸν
1099 1853 1341 1927 φυσικὸν
1382 1856 1704 1927 διελομένου
1744 1864 1821 1920 εἴς
1844 1882 1886 1914 20

215 1963 277 1996 τε
306 1937 409 2010 τὴν
438 1942 551 1994 τῶν
581 1944 865 2011 αἰσθητῶν
902 1946 1151 2010 θεωρίαν
1191 1940 1282 1995 καὶ
1314 1935 1416 2009 τὴν
1454 1962 1567 1996 των
1596 1935 1823 2012 ἆσωμα-

215 2046 329 2080 των
369 2020 734 2094 κατανόησιν,
789 2019 970 2094 εὕροις
1022 2019 1093 2080 ἂν
1136 2024 1228 2078 καὶ
1270 2020 1398 2094 παρ’
1449 2018 1720 2095 Ἑβραίοις
1761 2022 1820 2079 τὸ

216 2107 464 2180 τριμερὲς
503 2109 664 2163 τοῦτο
714 2109 809 2179 τῆς
858 2112 1218 2172 διδασκαλίας
1259 2108 1433 2178 εἶδος,
1485 2105 1568 2164 ὅτι
1617 2107 1685 2179 δὴ
1729 2109 1822 2163 καὶ

217 2189 347 2264 παρ’
384 2192 571 2257 αὐτοῖς
612 2190 677 2247 τὰ
706 2188 866 2265 ὅμοια
896 2190 1145 2264 πρόσθεν
1184 2185 1217 2263 ἢ
1249 2191 1523 2248 Πλάτωνα
1553 2193 1819 2263 γενέσθαι

217 2273 641 2346 πεφιλοσόφητο.
702 2279 750 2331 2.
783 2279 1004 2348 πρῶτον
1031 2276 1092 2332 δὲ
1121 2279 1233 2331 τῶν
1254 2273 1554 2341 Πλάτωνος
1586 2272 1819 2332 ἀκοῦσαι
1841 2296 1882 2329 25

110 2383 198 2424 (509)
217 2356 388 2428 αξιον,
431 2356 540 2414 εἷθ’
578 2355 722 2414 οὕτω
754 2360 844 2414 καὶ
876 2359 942 2415 τὰ
963 2358 1237 2431 Ἑβραίων
1278 2362 1655 2431 ἐπισκοπησαι.
1716 2357 1820 2430 θή-
1875 2426 1879 2430 ¹

217 2461 297 2499 σω
348 2443 408 2498 δε
457 2440 522 2498 τὰ
571 2440 875 2514 ἀρέσκοντα
923 2442 1184 2499 Πλατωνι
1235 2442 1341 2499 ἀπὸ
1385 2467 1498 2499 των
1540 2442 1607 2498 τὰ
1647 2439 1819 2499 αὐτοῦ

217 2523 662 2598 πρεσβευόντων,
690 2549 767 2581 ων
794 2522 1029 2592 Ἀττικὸς
1063 2525 1335 2624 διαφανὴς
1366 2523 1506 2597 ανὴρ
1535 2550 1648 2582 των
1668 2533 1819 2581 Πλα-

217 2634 467 2667 τωνικων
507 2608 831 2681 φιλοσόφων
862 2609 974 2665 ωδέ
1010 2631 1085 2681 πη
1125 2633 1190 2665 τα
1223 2613 1494 2666 δοκοῦντα
1534 2632 1609 2665 τω
1650 2605 1817 2682 οἷνδρὶ

221 2697 496 2764 διέξεισιν,
542 2697 602 2749 ἐν
631 2689 712 2759 οἷς
744 2698 956 2749 ἵσταται
987 2693 1122 2765 πρὸς
1151 2691 1280 2758 τοὺς
1312 2693 1402 2749 διὰ
1433 2716 1545 2749 των
1581 2690 1816 2763 Ἀριστο-
1840 2715 1881 2746 30

166 2824 175 2834 ι
218 2781 407 2843 τέλους
437 2777 502 2833 τὰ
533 2775 830 2843 Πλάτωνος
860 2772 1350 2849 ὑπισχνουμένους.

153 2868 194 2916 ’ὴ
342 2873 402 2933 fl
445 2857 658 2934 “Τριχῆ
683 2867 875 2918 τοίνυν
901 2863 1287 2933 διαιρουμένης
1320 2865 1436 2932 τῆς
1447 2862 1699 2926 ἐντελους
1729 2883 1817 2931 φι-

107 1093 198 1135 [299]
