2014 3146
620 115 835 158 PRAEP.
871 114 1090 157 EVANG.
1122 116 1225 156 XII.
1258 117 1326 156 52.
1680 113 1779 166 157

173 256 235 306 γε
274 222 399 288 οὖσι
437 232 529 288 καὶ
569 229 826 305 ἀρίστοις.
903 233 1194 304 σκοπῶμεν
1235 229 1339 305 γὰρ
1390 232 1483 288 καὶ
1534 229 1662 288 τόδε
1703 236 1780 288 ἔτι

174 313 309 390 πρὸς
339 314 563 381 τούτοις.

310 397 383 457 T&
414 413 602 469 ποῖον;

309 482 381 541 Τὸ
421 490 554 557 περί
590 506 647 540 τε
689 481 1001 555 αἰσθήσεως
1042 485 1134 540 καὶ
1175 481 1493 556 δυνάμεως,
1540 474 1627 556 ἆρ’
1679 482 1780 540 οὐκ

128 593 151 626 5
177 571 440 634 ἐναντίως
480 567 743 668 ἀλλήλοιν
783 566 917 641 πρὸς
958 565 1247 643 ῥαστωνην
1299 569 1388 624 καὶ
1441 566 1781 640 χαλεπότητά

175 656 333 710 ἐστον
364 635 670 725 πεφυκότε;

302 740 433 802 Πῶς
465 739 666 808 λέγεις;

305 825 385 877 17.
423 819 590 893 Ὁρᾶν
629 822 730 892 μέν
771 841 879 876 που
919 821 1012 876 καὶ
1042 815 1268 876 ἀκούειν
1298 842 1364 874 τα
1395 817 1596 893 σμικροὶ
1627 827 1782 892 χαλε-

175 902 422 977 πώτερον
453 901 486 975 ἢ
517 901 582 960 τὰ
611 902 848 976 μεγαλα,
891 906 1084 978 φέρειν
1118 903 1179 960 δε
1211 894 1283 960 αὖ
1313 905 1403 960 καὶ
1435 917 1659 977 κρατεῖν
1691 906 1780 960 καὶ

111 1015 151 1046 10
175 991 558 1061 ἐπιμελεῖσθαι
589 1012 700 1045 των
732 993 979 1062 σμικρῶν
1019 989 1110 1045 καὶ
1149 986 1355 1060 ὀλίγων
1385 989 1550 1045 παντὶ
1583 991 1718 1064 ῥᾷον
1749 984 1782 1060 ἢ

173 1075 284 1147 τῷν
317 1075 600 1130 ἐναντίων.

302 1159 412 1213 Καὶ
443 1155 585 1214 πολύ
615 1179 694 1229 γε.

296 1239 484 1318 Ἰατρῷ
523 1241 591 1313 δὴ
642 1242 1117 1314 προστεταγμένον
1169 1239 1300 1298 ὅλον
1351 1263 1402 1297 τι
1440 1239 1783 1314 θεραπεύειν

175 1327 496 1402 βουλομένῳ
527 1326 617 1382 καὶ
650 1327 973 1402 δυναμένῳ,
1013 1327 1126 1382 τῶν
1166 1325 1269 1397 μὲν
1308 1322 1563 1397 μεγάλων
1596 1329 1785 1397 ἐπιμε-

112 1432 154 1464 15
178 1410 266 1475 λὲς
298 1415 476 1482 ἔσται,
519 1413 630 1466 τῶν
661 1415 870 1482 μορίων
903 1410 964 1466 δὲ
995 1411 1086 1465 καὶ
1118 1412 1366 1482 σμικρῶν
1398 1407 1617 1482 ἀμελές·
1667 1406 1778 1466 εἷθ’

177 1497 285 1561 ἔξει
315 1494 444 1550 ποτὲ
476 1497 653 1560 καλῶς
685 1490 833 1570 αὐτῷ
864 1493 923 1550 τὸ
954 1494 1093 1563 πᾶν;

310 1576 599 1650 Οὐδαμῶς.

307 1666 385 1718 18.
439 1660 522 1719 Οὐ
562 1661 672 1734 μὴν
713 1658 850 1718 οὐδέ
884 1685 946 1733 γε
986 1659 1353 1735 κυβερνήταις
1392 1660 1524 1718 οὐδε
1556 1680 1783 1735 στρατη-

178 1758 295 1817 γοῖς
339 1743 464 1803 οὐδ’
509 1744 817 1818 οἰκονόμοις
859 1742 981 1803 οὐδ’
1029 1747 1099 1802 αὐ
1151 1763 1292 1802 τισι
1313 1752 1612 1813 πολιτικοῖς
1651 1744 1785 1802 οὐδε

113 1855 154 1888 20
177 1827 326 1906 ἄλλῳ
355 1854 468 1887 των
498 1829 763 1887 τοιούτων
794 1827 987 1887 οὐδενὶ
1020 1831 1185 1904 χωρὶς
1223 1833 1335 1886 τῶν
1365 1827 1571 1902 ὀλίγων
1600 1827 1633 1902 ἢ
1666 1849 1785 1902 σμι-

178 1937 330 1987 κρων
359 1912 533 1972 πολλα
563 1909 599 1986 ἢ
627 1913 861 1987 μεγαλα
910 1913 1041 1971 οὐδε
1082 1938 1187 1987 γαρ
1227 1937 1363 1970 ανευ
1393 1937 1504 1970 των
1536 1936 1785 1987 σμικρων

177 1996 305 2064 τοὺς
334 1997 605 2071 μεγαλους
636 2001 810 2070 φασὶν
839 2003 897 2055 οι
923 1997 1204 2070 λιθολόγοι
1229 2005 1426 2101 λίθους
1453 1990 1514 2057 εὖ
1544 2009 1782 2056 κεῖσθαι.

306 2089 437 2148 Πῶς
467 2107 572 2155 γαρ
604 2107 701 2152 αν;

311 2171 390 2222 19.
439 2164 539 2238 Μὴ
568 2173 762 2223 τοίνυν
801 2164 897 2222 τὸν
935 2165 1073 2223 θεὸν
1112 2163 1433 2237 αξιώσωμέν
1473 2187 1603 2221 ποτε
1641 2175 1787 2236 θνη-

116 2273 157 2306 25
179 2271 290 2304 των
324 2254 688 2354 δημιουργῶν
717 2248 1089 2322 φαυλότερον,
1131 2256 1188 2305 οἳ
1213 2272 1278 2304 τα
1309 2246 1658 2321 προσήκοντα
1689 2248 1785 2304 αὐ-

180 2345 292 2398 τοῖς
317 2338 467 2405 ἔργα,
492 2331 711 2408 ὄσωπερ
737 2357 805 2389 αν
827 2331 1089 2405 αμείνους
1115 2324 1234 2433 ω’σι,
1255 2330 1398 2408 τόσῳ
1422 2331 1785 2405 ἀκριβέστερα

183 2418 274 2472 καὶ
305 2415 603 2488 τελεώτερα
634 2419 730 2491 μιᾷ
759 2419 921 2489 τέχνῃ
954 2435 1153 2489 σμικρα
1187 2418 1278 2473 καὶ
1308 2416 1516 2489 μεγαλα
1548 2439 1784 2492 απεργα-

184 2507 387 2568 ζονται·
433 2500 530 2557 τὸν
563 2501 623 2557 δὲ
652 2499 792 2557 θεὸν
821 2498 952 2556 ὅντα
992 2523 1050 2557 τε
1084 2499 1404 2573 σοφώτατον
1444 2499 1784 2574 βουλόμενόν

181 2606 240 2640 τε
271 2587 654 2657 ἐπιμελεῖσθαι
684 2587 776 2640 καὶ
809 2583 1151 2658 δυνάμενον,
1195 2576 1274 2642 οἷν
1304 2586 1404 2658 μὲν
1436 2589 1572 2660 ρ’ᾆον
1604 2589 1784 2658 ἐπιμε-

120 2690 162 2724 30
186 2672 448 2740 ληθῆναι,
481 2671 727 2741 σμικρῶν
757 2666 963 2740 ὄντων,
1004 2673 1228 2742 μηδαμῆ
1262 2671 1661 2741 ἐπιμελεῖσθαι,
1694 2693 1786 2725 κα-

185 2750 368 2826 θάπερ
400 2749 572 2825 ἀργὸν
602 2749 635 2824 ἢ
671 2750 852 2809 δειλόν
883 2777 1006 2810 τινα
1038 2752 1130 2810 διὰ
1167 2751 1373 2819 πόνους
1405 2757 1785 2829 ῥᾳθυμοῦντα,

186 2839 298 2893 τῶν
329 2836 390 2892 δὲ
421 2835 687 2909 μεγάλων.

1809 1093 1829 1124 b
