2014 3146
222 1013 241 1044 b

271 115 375 168 350
947 116 1195 158 EUSEBII

270 239 387 299 τίας
400 237 672 303 γίνεσθαι.
707 227 828 287 ἀλλ’
857 229 982 288 οὔτε
995 229 1325 289 τοῦτονοῦτε
1348 236 1562 291 ἐκεῖνον
1585 238 1801 292 δίκαιον
1817 237 1876 291 ἐν

271 322 533 390 προνοίας
555 313 923 390 ἀριθμεῖσθαι
949 314 1108 392 λόγῳ.
1156 325 1308 389 εἴπερ
1333 315 1437 388 γὰρ
1462 321 1552 374 καὶ
1583 315 1702 375 κατ’
1732 316 1873 376 Ἐπί-

270 424 475 502 κονρον
498 399 557 456 τὸ
580 403 674 472 τῆς
699 406 961 471 προνοίας
985 410 1210 474 οἴχεται,
1243 407 1420 457 καίτοι
1442 405 1555 458 τῶν
1576 406 1728 459 θεων
1751 401 1868 460 κατ’

270 481 438 542 αὐτὸν
468 488 653 542 πᾶσαν
684 489 1021 556 κηδεμονίαν
1050 483 1192 558 ὑπὲρ
1224 490 1318 558 τῆς
1349 492 1622 559 σωτηρίας
1650 490 1762 544 τῶν
1792 495 1875 544 06-

269 574 436 626 κείων
477 566 710 640 άγαθων
753 571 1193 642 εἰσφερομένων,
1235 567 1408 636 οὕτως
1439 566 1508 627 ἂν
1550 580 1752 644 οἴχοιτο
1782 574 1873 628 καὶ
1897 594 1915 626 5

268 651 385 709 κατ’
426 651 809 726 Ἀριστοτέλην
853 651 911 709 τὸ
951 658 1046 726 τῆς
1087 659 1375 728 προνοίας,
1433 661 1484 711 εί
1521 657 1612 711 καὶ
1652 654 1717 712 τὰ
1751 653 1870 712 κατ’

268 734 511 811 οὐρανὸν
537 741 596 795 ἐν
619 736 764 805 τάξει
795 739 904 794 τινὶ
935 741 1026 795 καὶ
1058 737 1242 814 κόσμῳ
1270 743 1569 796 διοικεῖται.
1630 743 1708 796 10.
1744 737 1874 810 πρό,-

267 845 426 878 νοιαν
455 819 558 896 γαρ
591 825 855 894 ζητοῦμεν
879 820 1011 895 ἡμῖν
1039 826 1445 897 διαφέρουσαν,
1478 815 1540 896 ἧς
1570 821 1636 881 οὗ
1659 827 1875 897 μέτεστι

266 909 342 982 τῷ
371 904 506 978 μήτε
549 911 814 979 δαίμονας
853 905 988 979 μήτε
1020 905 1201 980 ἥρωας
1246 906 1381 980 μήτε
1410 906 1550 975 ὅλως
1593 911 1876 981 ἐπιδιαμέ-

266 1013 385 1047 νειν
419 989 700 1047 δύνασθαι
731 989 824 1056 τάς
857 989 1033 1064 ψυχάς
1065 992 1521 1065 συγκεχωρηκότι.
1579 997 1658 1050 11.
1695 995 1874 1050 ἐκεῖνο
1897 1017 1936 1049 ιο

267 1071 320 1131 δ’
358 1077 474 1148 ἐμοὶ
499 1078 658 1150 κριτῇ
680 1077 771 1132 καὶ
796 1074 1294 1148 αἰσχυντηλότερον
1316 1075 1344 1133 ὁ
1370 1075 1689 1149 Ἐπίκουρος
1722 1082 1877 1134 δοκεῖ

264 1162 620 1231 πεποιηκέναι
639 1175 649 1185 ·
713 1157 897 1230 ὥσπερ
938 1160 1043 1233 γὰρ
1086 1159 1362 1233 ἀπογνοὺς
1413 1160 1694 1218 δύνασθαι
1746 1160 1872 1227 τοὺς

263 1242 432 1310 θεοὺς
456 1240 801 1317 ἀποσχέσθαι
824 1250 923 1317 τῆς
943 1241 1265 1317 ἀνθρώπων
1288 1251 1619 1318 κηδεμονίας
1645 1251 1720 1312 εἰς
1745 1270 1871 1302 ταυ-

262 1325 357 1384 τὸν
384 1326 649 1396 ἐλθόντας
683 1327 868 1395 αὐτοῖς
893 1329 1146 1402 καθάπερ
1179 1336 1256 1395 εἰς
1283 1328 1604 1403 ἀλλοδαπὴν
1627 1328 1873 1406 ἀπῴκισε

262 1413 353 1469 καὶ
385 1415 486 1480 ἐξω
517 1435 626 1470 που
665 1419 762 1470 τοῦ
793 1413 1001 1486 κόσμου
1031 1420 1364 1488 καθίδρυσε,
1396 1414 1455 1470 τὸ
1487 1411 1870 1488 ἀπάνθρωπον
1897 1439 1936 1471 15

262 1493 446 1553 αὐτων
485 1500 553 1571 τῇ
591 1494 892 1555 άποστάσει
924 1500 1014 1554 καὶ
1045 1502 1111 1572 τῇ
1143 1497 1278 1573 πρὸς
1335 1495 1535 1556 άπαντ’
1568 1497 1871 1574 ἀκοινωνία

261 1581 711 1655 παραιτούμενος.
751 1579 867 1639 12.
842 1607 870 1639 ο
888 1583 948 1639 δε
960 1583 1208 1657 περιττὸς
1221 1582 1354 1656 ἡμῖν
1367 1574 1526 1649 οὗτος
1539 1586 1632 1657 τῆς
1649 1582 1869 1656 φύσεως

262 1664 483 1740 εὑρετὴς
498 1669 589 1724 καὶ
611 1691 722 1724 των
737 1674 913 1725 θείων
933 1667 1271 1740 πραγμάτων
1293 1666 1622 1740 ἐπιγνώμων
1638 1666 1870 1741 ἀκριβὴς

258 1748 362 1806 ὑπ’
390 1749 562 1823 αὐτὴν
577 1749 678 1823 τὴν
701 1749 831 1819 ὅφιν
854 1754 966 1808 τῶν
989 1755 1144 1808 θεῶν
1158 1751 1222 1808 τὰ
1233 1750 1565 1824 ἀνθρώπινα
1578 1751 1868 1825 πράγματα

258 1829 493 1907 ὑποθεὶς
526 1843 712 1891 εἴασεν
741 1834 1049 1908 ἀτημέλητα
1070 1838 1162 1892 καὶ
1185 1833 1540 1909 άφρόντιστα,
1573 1834 1743 1907 φύσει
1774 1838 1865 1892 καὶ
1889 1859 1930 1891 20

259 1916 324 1974 οὐ
357 1922 497 1975 θεοῦ
529 1922 773 1995 λογισμῷ
805 1917 1172 1992 διοικούμενα.
1244 1918 1383 1977 ὅθεν
1415 1919 1635 1986 εἰκότως
1675 1914 1745 1976 ἂν
1776 1923 1867 1976 καὶ

260 1999 422 2068 αὐτὸς
453 1999 579 2060 οὐδ’
616 2006 791 2060 ἐκεῖνο
832 2003 891 2060 τὸ
939 2010 1181 2076 ἔγκλημα
1214 2003 1472 2077 ἐκφύγοι,
1505 2002 1534 2060 ὃ
1565 2000 1688 2060 κατ’
1716 2001 1866 2061 Ἐπι-

258 2085 466 2159 κου’ρου
496 2089 641 2154 τινες
673 2087 1071 2160 μαντεύονται,
1107 2085 1178 2156 ὦς
1210 2086 1316 2161 ἄρα
1346 2090 1418 2161 μὴ
1451 2088 1586 2145 κατὰ
1617 2086 1862 2161 γνώμην,

256 2169 394 2227 ἄλλα
443 2170 533 2228 δια
573 2171 631 2229 τὸ
673 2172 809 2244 πρὸς
849 2172 1171 2246 ἀνθρώπων
1214 2175 1334 2239 δέος
1378 2186 1491 2239 τοῖς
1521 2183 1675 2239 θεοῖς
1706 2177 1866 2229 κατέ-

255 2278 445 2327 νειμεν
477 2259 537 2312 ἐν
575 2260 652 2332 τῷ
691 2260 858 2314 παντὶ
895 2281 1083 2331 χωραν
1125 2255 1309 2331 ω’σπερ
1353 2259 1412 2313 ἐν
1453 2255 1672 2333 θεάτρῳ
1702 2259 1859 2314 θέαν.
1886 2279 1927 2312 25

259 2343 336 2396 13
371 2339 664 2414 τεκμήριον
697 2341 759 2398 δε
789 2345 1074 2399 ποιοῦνται
1104 2346 1198 2414 τῆς
1230 2340 1451 2414 γνώμης
1482 2338 1800 2442 τάνδρὸς,
1780 2338 1862 2398 ότι

255 2421 439 2480 αὐτων
469 2423 663 2496 ἀφειλε
701 2425 801 2498 τὴν
832 2425 966 2497 πρὸς
996 2425 1136 2499 ἡμᾶς
1169 2428 1478 2498 ἐνέργειαν,
1515 2428 1566 2493 ἐξ
1597 2417 1662 2498 ἧς
1691 2424 1862 2498 μόνης

253 2505 311 2564 τὸ
344 2507 486 2565 εἶναι
516 2508 641 2575 τούς
672 2510 841 2576 θεοὺς
872 2517 1062 2583 ἔμελλε
1101 2510 1202 2583 τὴν
1234 2515 1455 2567 δικαίαν
1484 2517 1672 2567 πίστιν
1701 2513 1859 2577 έξειν.

254 2591 312 2648 τὸ
345 2590 448 2665 γάρ
482 2590 613 2648 αὐτὸ
636 2597 795 2650 τοῦτο
820 2596 911 2651 καὶ
938 2591 1308 2668 Ἀριστοτέλης
1339 2608 1498 2652 ποιεῖ.
1545 2591 1860 2664 ἀποστήσας

253 2675 358 2750 γὰρ
398 2679 489 2733 καὶ
530 2677 813 2750 παραδοὺς
843 2675 967 2745 ὄψει
997 2678 1139 2754 μόνῃ
1163 2679 1264 2751 τὴν
1297 2686 1484 2736 πίστιν
1513 2684 1858 2752 πραγματεία
1881 2701 1922 2733 30

254 2767 465 2833 κρίνειν
496 2758 732 2818 ασθενεϊ
758 2786 823 2818 τα
865 2766 923 2820 ἐκ
954 2767 1187 2820 τοσοῦδε
1231 2761 1594 2835 διαστήματος
1634 2758 1754 2834 τάχ’
1787 2758 1857 2818 ἂν

252 2850 404 2903 αίδοῐ
433 2851 623 2918 δοκοίη
655 2849 835 2918 λέγειν
869 2849 1112 2904 ἐνταῦθα
1146 2847 1286 2904 εἶναι
1317 2845 1499 2913 θεούς.
1549 2850 1628 2903 14.
1662 2843 1728 2902 οὐ
1752 2870 1856 2919 γαρ
