2014 3146
271 153 373 206 100
939 150 1188 192 EUSEBII

271 279 350 338 εἴς
379 293 438 327 τε
470 268 676 342 δρόμον
707 269 799 324 καὶ
840 272 918 333 εἰς
955 264 1051 333 τὰς
1091 263 1260 334 ἄλλας
1300 265 1478 335 πάσας
1519 267 1762 341 κινήσεις
1799 275 1876 346 τῷ

272 355 512 428 σώματι,
574 354 835 452 τέταρτον
891 351 953 407 δὲ
1014 356 1249 418 πλοῦτος
1308 350 1374 409 οὐ
1432 350 1638 426 τυφλὸς
1660 397 1674 426 ,
1747 349 1872 410 ἀλλ’

270 437 367 508 ὀξὺ
410 441 660 510 βλέπων,
703 434 880 508 ἄνπερ
919 432 1014 508 ἅμ’
1049 439 1242 508 ἕπηται
1285 435 1567 510 φρονήσει.
1637 441 1687 494 4.
1734 435 1763 494 ὃ
1809 437 1876 509 δὴ

270 529 491 624 πρῶτον
522 522 593 578 αὐ
630 523 742 578 τῶν
781 526 959 578 θείων
997 518 1308 594 ἡγεμονοῦν
1348 524 1498 579 ἐστιν
1538 520 1799 594 ἀγαθῶν,
1842 518 1875 594 ἡ

230 606 569 681 εφρόνησις,
625 604 888 678 δεύτερον
935 605 996 662 δε
1045 603 1179 678 μετα
1227 607 1367 662 νοῦν
1417 603 1660 679 σῶφρων
1697 611 1877 680 ψυχῆς
1922 629 1941 661 5

273 695 407 765 ἕξις,
452 694 509 748 ἐκ
541 690 603 747 δὲ
633 688 847 747 τούτων
877 689 1012 763 μετὰ
1042 688 1304 762 ἀνδρείας
1335 693 1664 764 κραθέντων
1691 698 1879 764 τρίτον

271 774 341 834 ἂν
383 785 481 848 εἴη,
511 773 863 847 δικαιοσύνη,
903 776 1162 847 τέταρτον
1194 775 1254 831 δὲ
1299 771 1544 848 ἀνδρεία.
1614 779 1788 832 ταῦτα
1821 777 1881 832 δὲ

273 859 452 919 πάντα
485 863 713 918 ἐκείνων
744 852 1062 932 ἔμπροσθεν
1091 863 1343 916 τέτακται
1366 858 1552 932 φύσει,
1578 861 1671 916 καὶ
1696 858 1765 932 δὴ
1789 862 1880 916 καὶ

272 949 351 1021 τῷ
389 946 663 1018 νομοθέτῃ
703 946 930 1000 τακτέον
967 941 1127 1001 οὕτω.
1209 948 1256 1000 5.
1299 942 1434 1017 μετὰ
1476 945 1538 1000 δὲ
1575 947 1749 1001 ταῦτα
1786 942 1882 1011 τοὶς

273 1027 442 1097 ἄλλας
474 1028 793 1100 προστάξεις
831 1043 944 1096 τοῖς
976 1034 1223 1094 πολίταις
1256 1035 1334 1094 εἰς
1365 1032 1537 1085 ταῦτα
1567 1027 1880 1099 βλεπούσας
1906 1056 1946 1088 1ο

275 1113 461 1180 αὐτοῖς
503 1113 645 1171 εἶναι
689 1114 1136 1184 διακελευστέον,
1177 1112 1392 1170 τούτων
1435 1113 1495 1170 δὲ
1533 1111 1600 1169 τὰ
1639 1114 1741 1186 μὲν
1781 1110 1883 1171 άν-

274 1198 535 1273 θρῶπινα
576 1205 654 1264 εἰς
692 1198 757 1254 τὰ
800 1208 960 1269 θεῖα,
1003 1195 1068 1254 τά
1111 1197 1172 1253 δὲ
1210 1207 1342 1254 θεῖα
1385 1203 1462 1264 εἰς
1503 1195 1600 1254 τὸν
1639 1196 1882 1271 ἡγεμόνα

229 1294 251 1326 d
276 1290 417 1341 νοῦν
448 1281 739 1356 σύμπαντα
763 1284 1004 1355 βλέπειν.
1067 1287 1115 1338 6.
1151 1288 1283 1353 περί
1299 1306 1357 1339 τε
1388 1280 1596 1355 γάμους
1627 1281 1883 1356 ἀλλήλοις

279 1370 790 1440 ἐπικοινουμένους,
847 1365 982 1440 μετά
1024 1367 1085 1423 δὲ
1125 1370 1298 1423 ταῦτα
1342 1370 1401 1424 ἐν
1451 1380 1570 1433 ταῖς
1608 1371 1720 1424 τῶν
1759 1373 1884 1424 παί-

279 1458 394 1509 δων
425 1451 719 1525 γεννήσεσι
749 1454 841 1508 καὶ
871 1464 1120 1524 τροφαῖς,
1152 1447 1271 1508 ὅσοι
1301 1474 1359 1507 τε
1390 1449 1620 1525 ἄρσενες
1644 1454 1735 1508 καὶ
1759 1448 1883 1508 ὅσαι
1907 1477 1947 1509 15

275 1535 518 1608 θήλειαι,
549 1538 695 1594 νέων
724 1560 782 1593 τε
813 1533 993 1594 ὄντων
1023 1537 1115 1592 καὶ
1149 1537 1237 1592 ἐπὶ
1269 1535 1329 1592 τὸ
1360 1535 1737 1608 πρεσβύτερον
1769 1534 1886 1593 ἰόν-

275 1646 388 1678 των
429 1623 586 1694 μέχρι
628 1620 841 1694 γήρως,
882 1625 1124 1693 τιμῶντα
1162 1617 1347 1693 ὀρθῶς
1381 1623 1760 1693 ἐπιμελεῖσθαι
1801 1625 1890 1677 δεῖ

277 1708 370 1762 καὶ
400 1704 744 1778 ἀτιμάζοντα,
779 1709 839 1762 ἐν
868 1703 1105 1770 ἁπάσαις
1137 1720 1256 1772 ταῖς
1285 1703 1497 1762 τούτων
1525 1703 1761 1778 ὁμιλίαις
1790 1703 1885 1770 τάς

278 1813 336 1846 τε
376 1788 553 1856 λύπας
594 1786 779 1846 αὐτῶν
819 1791 910 1845 καὶ
949 1787 1044 1854 τὰς
1085 1787 1290 1860 ἡδονὰς
1331 1790 1420 1845 καὶ
1461 1787 1555 1855 τὰς
1587 1791 1886 1861 ἐπιθυμίας

279 1872 612 1946 ξυμπάντων
659 1896 718 1929 τε
769 1871 988 1946 ἐρῶτων
1036 1897 1131 1939 τας
1181 1872 1428 1939 σπουδας
1481 1874 1886 1946 ἐπεσκεμμένον
1907 1900 1948 1932 20

281 1959 372 2014 καὶ
414 1955 924 2031 παραπεφυλαχότα
968 1958 1158 2028 ψέγειν
1186 1979 1244 2014 τε
1287 1955 1475 2030 ὀρθῶς
1516 1959 1606 2013 καὶ
1640 1960 1887 2014 ἐπαινεῖν

284 2041 357 2098 δι’
396 2039 583 2098 αὐτῶν
612 2047 726 2098 τῶν
755 2039 973 2114 νόμων.’

412 2132 456 2183 7.
502 2129 613 2184 Καὶ
642 2149 776 2198 μετα
807 2129 1014 2199 βραχέα
1044 2131 1186 2198 φησί

402 2207 703 2268 “Κατιδών
745 2211 807 2266 δὲ
846 2209 874 2267 ὁ
914 2212 1036 2275 θεὶς
1077 2209 1203 2275 τοὺς
1250 2208 1453 2282 νόμους
1494 2213 1626 2266 πᾶσι
1676 2207 1887 2274 τούτοις

282 2293 534 2367 φύλακας
568 2293 867 2366 ἐπιστήσει,
898 2294 1026 2360 τοὺς
1056 2295 1159 2367 μὲν
1190 2293 1281 2350 διὰ
1303 2292 1643 2367 φρονήσεως,
1666 2290 1794 2359 τοῦς
1827 2298 1887 2350 δὲ
1911 2319 1952 2352 25

286 2376 358 2435 δι’
396 2375 642 2449 ἀληθοῦς
675 2378 834 2450 δόξης
867 2377 1069 2450 ἰόντας,
1100 2377 1248 2444 ὅπως
1278 2377 1458 2436 πάντα
1480 2382 1654 2435 ταῦτα
1685 2375 1891 2449 ξυνδή-

284 2481 382 2527 σας
412 2462 441 2518 ὁ
477 2465 605 2526 νοῦς
638 2461 878 2534 ἑπόμενα
911 2462 1247 2535 σωφροσύνῃ
1284 2465 1375 2519 καὶ
1402 2461 1726 2536 δικαιοσύνῃ
1751 2460 1890 2518 ἀπο-

284 2544 456 2619 φήνῃ,
488 2542 628 2602 άλλά
656 2544 729 2618 μὴ
761 2544 979 2602 πλούτω
1011 2547 1151 2618 μηδὲ
1181 2553 1478 2622 φιλοτιμία.
1541 2551 1587 2602 8.
1620 2543 1890 2616 οῦτως,ω

173 2647 261 2687 (590)
287 2632 450 2701 ξένοι,
484 2635 655 2701 ἔγωγε
685 2628 893 2701 ἤθελον
922 2625 992 2685 ἂν
1021 2626 1192 2702 ὑμᾶς,
1233 2632 1323 2686 καὶ
1357 2636 1434 2687 ἔτι
1464 2632 1570 2686 νῦν
1599 2627 1887 2701 βούλομαι,

290 2716 600 2781 διεξελθεῖν
643 2717 758 2780 πῶς
801 2716 860 2770 ἐν
898 2728 1010 2779 τοῖς
1041 2716 1141 2770 τοῦ
1171 2713 1306 2780 Διὸς
1338 2715 1651 2786 λεγομένοις
1682 2711 1888 2785 νόμοις,
1911 2740 1952 2772 30

286 2813 400 2864 τοῖς
438 2822 495 2854 τε
535 2802 632 2854 τοῦ
662 2803 892 2854 Πυθίου
925 2795 1297 2869 Ἀπόλλωνος,
1337 2795 1433 2862 οὓς
1464 2802 1661 2863 Μίνως
1702 2821 1759 2854 τε
1798 2799 1890 2853 καὶ

288 2884 609 2954 Λυκοῦργος
654 2884 879 2953 ἐθέτην,
927 2887 1110 2939 ἔνεστί
1135 2905 1192 2938 τε
1223 2879 1401 2939 πάντα
1431 2885 1629 2953 ταῦτα,
1662 2883 1753 2937 καὶ
1783 2879 1889 2953 ὅπη
