2014 3146
595 98 809 140 PRAEP
842 97 1058 139 EVANG
1092 99 1188 139 XV.
1212 100 1278 138 21
1296 100 1362 137 ⁶22.
1679 96 1783 147 379

172 233 356 287 σωμα,
390 211 422 286 ἢ
452 211 588 270 κατὰ
611 213 670 270 τὸ
707 212 993 287 χρώμενον
1026 238 1098 282 ως
1123 211 1257 288 πρὸς
1290 211 1545 287 ὄργανον.
1595 215 1782 269 ἑκατέ-

173 323 283 373 ρως
317 300 377 355 δὲ
407 297 440 370 ἡ
473 298 622 371 ψυχὴ
656 295 871 364 αὕτός.”

301 389 349 439 6.
388 380 610 440 “Τουτο
644 384 746 439 οὐν
777 389 901 439 τίνα
932 380 1106 455 φύσιν
1147 388 1282 455 ἔχει;
1325 378 1358 453 ἢ
1393 384 1549 454 σῶμα
1582 381 1684 454 μὲν
1716 376 1781 438 ὃν
1807 403 1825 434 d

174 467 393 534 πάντως
424 466 757 524 ἀναλυτέον·
805 465 1082 524 σύνθετον
1123 465 1226 538 γὰρ
1266 469 1377 522 πᾶν
1409 490 1470 537 γε
1501 469 1682 539 σῶμα
1733 472 1783 522 εἰ

129 573 151 607 5
177 553 236 608 δὲ
274 551 347 624 μὴ
389 555 546 624 σῶμα
592 561 704 623 εἰη,
759 550 897 607 ἄλλα
937 549 1160 623 φύσεως
1201 549 1395 622 ὂῗλλης,
1451 547 1715 623 κάκείνην
1746 546 1777 624 ἢ

174 661 311 693 κατα
344 636 441 693 τὸν
467 633 636 693 αὐτὸν
659 635 883 736 tpdytrom
909 631 941 707 ἢ
967 635 1102 692 κατὰ
1127 633 1296 691 ἄλλον
1320 637 1599 692 σκεπτέον.
1634 639 1778 706 πρῶ-

175 745 271 778 τον
306 721 365 777 δε
398 722 663 777 σκεπτέον
689 718 805 786 εἰς
785 718 815 776 o'
845 743 896 774 τι
929 725 1018 776 δεῖ
1034 722 1192 776 τοῦτο
1216 718 1274 775 τὸ
1308 737 1483 791 σωμα,
1508 716 1539 775 ὂ
1556 721 1779 790 λέγουσι

173 803 386 878 ψυχὴν,
424 802 702 861 ἀναλύειν.
782 809 826 859 7.
873 805 990 859 ἐπεὶ
1030 801 1134 877 γὰρ
1167 802 1270 876 ζωὴ
1312 805 1464 876 ψυχῇ
1515 802 1779 874 πάρεστιν

175 892 227 957 ἐξ
268 888 538 961 ἀνάγκης,
593 887 805 960 ἀνάγκη
846 891 1007 944 τοῦτο
1048 886 1107 943 τὸ
1151 890 1308 959 σῶμα
1339 886 1439 958 τὴν
1471 887 1683 960 ψυχὴν,
1733 894 1780 943 εἰ

108 998 149 1029 10
171 975 273 1046 μὲν
306 977 364 1030 ἐκ
397 972 498 1030 δύο
529 971 799 1045 σωμάτων
828 969 861 1044 ἢ
903 970 1179 1029 πλειόνων
1211 980 1325 1043 εἴη,
1370 969 1488 1043 ἤτοι
1521 969 1780 1043 ἑκάτερον

173 1055 389 1130 αὐτῶν,
430 1054 726 1131 ἢέκαστον
767 1053 911 1128 ζωὴν
953 1055 1244 1129 σύμφυτον
1287 1062 1458 1128 ἔχειν
1516 1080 1550 1127 η
1583 1053 1642 1112 τὸ
1675 1057 1777 1128 μὲν
1801 1074 1890 1113 (825)

173 1148 344 1215 ἔχειν,
392 1141 451 1199 τὸ
497 1142 559 1199 δε
588 1140 689 1215 μὴ,
732 1167 765 1214 η
806 1143 1108 1242 μηδέτερον
1150 1147 1307 1242 ἔχειν.
1373 1146 1420 1196 εἰ
1459 1140 1561 1213 μὲν
1594 1137 1662 1212 δὴ
1697 1142 1776 1197 ἑνὶ

171 1224 356 1327 αὐτῶν
387 1232 616 1300 προσείη
647 1250 708 1283 το
741 1230 863 1298 ζῆν,
906 1222 1039 1282 αὐτὸ
1070 1228 1229 1282 τοῦτο
1261 1221 1331 1282 ἂν
1362 1233 1446 1296 εἴη
1488 1223 1652 1297 ψυχη.
1731 1230 1775 1281 8.

169 1317 227 1368 τί
251 1306 321 1368 ἂν
351 1335 455 1368 ουν
487 1319 572 1383 εἴη
603 1314 778 1384 σῶμα,
805 1308 948 1383 ζωην
972 1307 1103 1381 παρ’
1132 1307 1303 1365 αὑτοῦ
1329 1315 1480 1382 ἔχον;
1528 1313 1640 1418 πῦρ
1675 1309 1778 1381 γὰρ

108 1418 148 1451 15
173 1398 263 1452 καὶ
294 1393 399 1496 ἀὴρ
442 1398 534 1452 καὶ
565 1393 719 1469 ὕδωρ
762 1397 853 1451 καὶ
895 1397 966 1466 γῆ
1007 1391 1194 1467 ἄψυχα
1234 1390 1366 1466 παρ’
1418 1389 1631 1450 αὐτῶν
1690 1396 1781 1449 καὶ

170 1477 278 1557 ότςο
323 1479 552 1554 πάρεστι
597 1478 808 1536 τούτων
838 1477 1015 1552 ψυχὴ,
1068 1481 1228 1535 τοῦτο
1268 1480 1484 1553 ἐπακτῷ
1524 1479 1781 1550 κέχρηται

171 1569 236 1638 τῇ
269 1567 405 1638 ζωῇ,
437 1562 577 1620 ἄλλα
611 1564 671 1620 δὲ
702 1562 850 1637 παρα
879 1567 1052 1620 ταῦτα
1086 1561 1309 1635 σώματα
1349 1559 1450 1619 οὐκ
1491 1569 1620 1618 ἔστι.
1688 1564 1780 1618 καὶ
1798 1563 1884 1620 [4821

171 1646 252 1715 οἷς
284 1649 346 1705 δὲ
379 1654 535 1706 δοκεῖ
562 1649 702 1706 εἶναι
734 1662 992 1720 στοιχεῖα,
1018 1645 1230 1704 τούτων
1254 1649 1412 1720 ἕτερα
1436 1644 1680 1719 σώματα,
1711 1644 1778 1702 οὐ

171 1735 342 1806 ψυχαὶ
377 1735 684 1806 ἐλέχθησαν
715 1732 886 1804 εἶναι,
918 1732 1050 1789 οὐδὲ
1081 1730 1224 1803 ζωὴν
1254 1737 1464 1804 ἔχοντα.
1511 1736 1560 1786 εἰ
1592 1731 1652 1787 δὲ
1682 1754 1779 1803 μη-

105 1839 149 1872 20
174 1815 330 1883 δενὸς
361 1815 547 1874 αὐτῶν
579 1815 721 1889 ζωὴν
746 1822 963 1890 ἔχοντος
1001 1812 1034 1887 ἡ
1067 1814 1303 1881 σύνοδος
1327 1821 1593 1888 πεποίηκε
1617 1813 1778 1888 ζωὴν,
1804 1830 1826 1862 b

173 1899 394 1958 ἄτοπον.
473 1901 523 1959 9.
574 1908 625 1960 εἰ
669 1903 728 1958 δὲ
760 1904 991 1958 ἕκαστον
1022 1898 1164 1973 ζωὴν
1197 1907 1335 1973 ἔχει,
1378 1901 1470 1956 καὶ
1503 1904 1564 1957 ἓν
1593 1896 1778 1972 ἀρκεῖ·

172 1989 383 2058 μᾶλλον
425 1986 486 2042 δὲ
515 1983 794 2044 ἀδύνατον
835 1984 1190 2058 συμφόρησιν
1220 1981 1491 2057 σωμάτων
1522 1982 1666 2055 ζωὴν
1697 1987 1780 2053 ε’ρ-

172 2068 436 2142 γάζεσθαι
481 2073 574 2126 καὶ
615 2074 752 2127 νοῦν
792 2073 998 2141 γεννᾶν
1038 2067 1102 2125 τὰ
1143 2066 1364 2139 ἀνόητα.
1444 2071 1537 2124 καὶ
1580 2067 1649 2139 δὴ
1690 2071 1782 2123 καὶ

174 2151 274 2226 οὐχ
305 2150 563 2212 ὁπωσοῦν
594 2156 871 2224 κραθέντα
903 2159 1073 2209 ταῦτα
1104 2151 1344 2224 φήσουσι
1375 2153 1657 2223 γενέσθαι.
1696 2156 1786 2208 δεῖ

109 2261 152 2294 25
175 2236 281 2313 ἄρα
313 2237 456 2295 εἶναι
487 2235 547 2294 τὸ
578 2236 742 2305 τάξον
776 2239 867 2293 καὶ
907 2234 967 2293 τὸ
997 2240 1092 2310 τῆς
1123 2234 1369 2309 κρασεως
1401 2243 1607 2292 αἴτιον·
1643 2232 1782 2292 ω’στε

173 2328 332 2380 τοῦτο
363 2321 518 2390 ταξιν
557 2318 628 2379 ἂν
669 2328 779 2394 ἔχοι
820 2323 1014 2394 ψυχῆς.
1093 2324 1173 2376 10.
1223 2343 1289 2376 ου
1331 2344 1434 2392 γαρ
1465 2318 1548 2376 ὅτι
1579 2317 1781 2378 σύνθε-

174 2430 298 2478 τον,
344 2403 467 2462 αλλ’
510 2404 643 2462 οὐδε
684 2402 898 2462 απλοῦν
938 2401 1008 2461 ὂὶν
1050 2414 1133 2476 ειή
1175 2407 1332 2476 σῶμα
1366 2407 1425 2460 ἐν
1455 2419 1568 2471 τοῖς
1600 2395 1779 2476 οὖσιν,

175 2514 311 2548 ανευ
343 2493 521 2591 ψυχῆς
552 2488 718 2562 οὔσης
751 2494 811 2548 ἐν
840 2493 917 2565 τῷ
948 2491 1142 2561 παντὶ,
1176 2498 1329 2562 εἴπερ
1362 2487 1519 2560 λόγος
1551 2496 1780 2561 προσελ-

1339 2569 1352 2590 ἳ
1389 2569 1412 2590 Ἃ

175 2574 300 2632 θεὸν
330 2577 397 2649 τῇ
425 2574 532 2649 ὕλῃ
566 2593 723 2647 σωμα
754 2588 918 2646 ποιεῖ,
944 2570 1268 2647 ουδαμόθεν
1301 2578 1332 2629 δ
1380 2598 1450 2630 αν
1480 2575 1781 2646 προσέλθοι

387 2653 411 2675 'ss

114 2684 155 2716 30
178 2659 336 2731 λόγος
376 2683 409 2731 η
443 2681 590 2732 παρα
622 2655 839 2731 ψυχῆς.’

305 2747 384 2827 11.
425 2739 537 2800 “Ec
566 2746 632 2799 δέ
657 2767 738 2808 τις
767 2742 841 2815 μὴ
871 2739 1072 2813 οὕτως,
1115 2739 1254 2798 ἀλλὰ
1283 2738 1519 2813 ἀτόμους
1544 2736 1576 2811 ἢ
1608 2738 1783 2814 ἀμερῆ
1806 2765 1824 2786 e

177 2826 524 2885 συνελθόντα
556 2826 742 2900 ψυχὴν
772 2840 953 2883 ποιεῖν
984 2827 1149 2899 λέγοι,
1175 2830 1239 2900 τῇ
1265 2823 1458 2882 ἑνώσει
1483 2825 1574 2880 καὶ
1598 2819 1784 2896 ὁμοιο-
