2014 3146
263 97 287 146 1
299 95 365 146 14
938 95 1183 137 EUSEBH

144 236 239 278 (601)
258 215 522 285 λογισμοῦ
553 207 779 283 ἀγωγὴν
810 212 1022 283 χρυσῆν
1052 212 1144 266 καὶ
1178 208 1353 285 ἱεράν,
1384 215 1481 284 τῆς
1511 209 1720 279 πόλεως
1752 236 1870 270 κοι-

255 294 357 354 νὸν
385 294 556 369 νόμον
588 296 1057 367 ἐπικαλουμένην,
1099 291 1267 362 ἄλλας
1300 295 1360 352 δὲ
1390 294 1629 369 σκληρὰς
1659 298 1752 353 καὶ
1783 315 1869 353 σι-

259 386 461 454 δηρᾶς,
502 377 602 451 τὴν
644 379 705 435 δὲ
744 375 1000 451 μαλακὴν
1040 374 1136 435 ἅτε
1175 383 1388 452 χρυσῆν
1427 371 1630 452 οὖσαν,
1673 380 1768 448 τὰς
1805 381 1867 438 δὲ

254 462 422 528 ἄλλας
453 468 828 530 παντοδαποῖς
861 467 1071 520 εἴδεσιν
1101 458 1318 536 ὁμοίας·
1353 469 1473 521 δεῖν
1503 465 1565 522 δὲ
1586 467 1655 541 τῇ
1676 471 1868 522 καλλί-

256 566 357 621 στῃ
388 544 580 621 άγωγῇ
608 550 706 604 τοῦ
737 546 911 620 νόμου
942 545 1029 604 ἀεὶ
1053 546 1483 621 ξυλλαμβάνειν·
1517 547 1612 607 ἅτε
1641 548 1746 624 γὰρ
1769 552 1869 607 τοῦ
1910 574 1931 606 5

256 634 523 706 λογισμοῦ
560 635 732 688 καλοῦ
772 632 873 706 μὲν
903 629 1088 704 ὄντος,
1130 631 1312 706 πράου
1352 656 1411 690 τε
1441 635 1533 691 καὶ
1564 631 1630 691 οὐ
1661 639 1867 706 βιαίου,

257 722 481 774 δεῖσθαι
522 714 818 790 ὑπηρετῶν
859 713 1030 774 αὐτοῦ
1069 715 1171 789 τὴν
1210 715 1464 790 ἀγωγὴν,
1510 715 1657 784 ὅπως
1697 714 1768 776 ἂν
1810 721 1870 775 ἐν

255 797 389 874 ἡμῖν
418 798 481 858 τὸ
509 805 756 875 χρυσοῦν
786 803 944 874 γένος
974 805 1102 877 νικᾷ
1131 799 1198 858 τὰ
1227 799 1368 859 ἅλλα
1397 803 1546 876 γε’νη.
1602 804 1694 859 καὶ
1724 799 1869 860 οὕτω

257 885 326 958 δὴ
357 887 484 991 περὶ
514 884 821 959 θαυμάτων
853 910 925 952 ως
955 882 1133 943 όντων
1164 883 1321 959 ἡμῶν
1343 889 1524 960 μῦθος
1549 883 1745 961 ἀρετῆς
1776 905 1865 944 σε-

255 971 533 1044 σωσμένος
573 965 644 1027 ἂν
684 980 795 1044 εἰη,
849 973 940 1027 καὶ
981 968 1040 1027 τὸ
1081 979 1310 1044 κρείττω
1355 973 1559 1028 εαυτοῦ
1597 973 1689 1028 καὶ
1727 996 1868 1045 ηττω
1892 994 1931 1027 10

208 1074 229 1106 b
257 1054 401 1112 εἶναι
430 1053 636 1128 τρόπον
665 1080 789 1112 τινα
814 1055 1062 1129 φανερὸν
1092 1052 1163 1113 ἂν
1194 1057 1407 1128 γένοιτο
1437 1059 1649 1129 μᾶλλον
1678 1051 1709 1112 ὃ
1730 1069 1867 1128 νοεῖ,

255 1141 347 1197 καὶ
377 1136 459 1196 ότι
490 1138 652 1196 πόλιν
684 1141 774 1196 καὶ
809 1138 1055 1212 ἰδιώτην,
1086 1138 1183 1196 τὸν
1212 1163 1313 1212 μεν
1357 1139 1524 1212 λόγον
1554 1136 1741 1213 ἀληθῆ
1771 1148 1870 1197 λα-

255 1221 426 1296 βόντα
459 1227 519 1280 ἐν
552 1226 730 1301 ἑαυτῷ
762 1226 888 1298 περὶ
917 1228 1030 1282 τῶν
1061 1227 1263 1292 ἕλξεων
1286 1223 1460 1301 τούτῳ
1488 1223 1760 1298 ἑπόμενον
1785 1230 1871 1282 δεῖ

143 1326 236 1370 [353]
255 1311 381 1381 ζῆν,
414 1307 578 1366 πόλιν
610 1309 670 1366 δὲ
700 1306 733 1380 ἢ
765 1306 913 1382 παρὰ
944 1312 1099 1367 θεῶν
1128 1308 1277 1375 τινὸς
1308 1306 1342 1382 ἢ
1372 1307 1500 1384 παρ’
1540 1307 1713 1367 αὐτοῦ
1741 1307 1871 1368 τοῦ-

252 1416 350 1450 του
381 1391 607 1465 γνόντος
637 1397 810 1450 ταῦτα
840 1391 1008 1465 λόγον
1047 1397 1512 1467 παραλαβοῦσαν,
1555 1393 1727 1467 νόμον
1765 1404 1868 1451 θε-
1892 1415 1932 1447 15

253 1479 456 1550 μένην,
511 1473 653 1551 αὐτῇ
703 1501 762 1534 τε
813 1474 1026 1550 ὁμιλεῖν
1069 1481 1159 1535 καὶ
1209 1493 1328 1546 ταῖς
1375 1476 1566 1544 ἄλλαις
1614 1477 1866 1536 πόλεσιν·

253 1558 397 1619 οὕτω
429 1568 592 1618 κακία
627 1561 695 1633 δὴ
727 1567 819 1619 καὶ
850 1559 1016 1637 ἀρετὴ
1049 1563 1393 1638 σαφέστερον
1423 1561 1558 1636 ἡμῖν
1590 1568 1868 1638 διηρθρω-

254 1647 422 1721 μένον
452 1642 520 1703 &v
553 1644 692 1718 εἰή.”

382 1735 429 1786 6.
480 1732 587 1786 Καὶ
620 1728 749 1804 παρ’
786 1726 921 1804 ἡμῖν
951 1726 979 1787 ὁ
1010 1741 1166 1798 θεῖος
1195 1729 1262 1788 τοὶ
1302 1729 1463 1805 ὅμοια
1501 1723 1750 1788 διδάσκει
1780 1729 1867 1788 λό-

209 1852 225 1873 c
254 1838 347 1887 γος
388 1811 621 1886 φάσκων
645 1811 675 1834 “
694 1814 1005 1888 συνήδομαι
1049 1816 1109 1872 δὲ
1139 1818 1216 1892 τῷ
1244 1813 1395 1891 νόμῳ
1425 1819 1522 1873 τοῦ
1552 1818 1693 1872 θεοῦ
1731 1814 1868 1873 κατὰ
1890 1839 1931 1871 20

253 1895 350 1955 τὸν
381 1904 487 1954 ἔσω
519 1897 852 1970 ἄνθρωπον,
900 1900 1086 1971 βλέπω
1129 1900 1190 1956 δὲ
1230 1902 1420 1970 ἕτερον
1460 1898 1633 1973 νόμον
1666 1902 1725 1957 ἐν
1754 1915 1867 1968 τοῖς

236 1983 447 2055 ’μέλεσί
489 2006 596 2055 μου
646 1981 1209 2056 ἀντιστρατευόμενον
1257 1987 1333 2059 τῷ
1380 1982 1531 2060 νόμῳ
1591 1988 1691 2042 τοῦ
1742 1983 1867 2052 νοός

253 2064 414 2139 μου.”
492 2068 584 2123 καὶ
625 2066 793 2124 πάλιν
826 2066 855 2086 “
875 2065 1078 2140 μεταξὺ
1119 2065 1375 2140 ἀλλήλων
1408 2071 1538 2125 τῶν
1589 2072 1868 2141 λογισμῶν

254 2149 730 2224 κατηγορούντων,
762 2146 795 2223 ἢ
827 2154 919 2208 καὶ
951 2149 1477 2225 ἄπολογουμένων,”
1522 2150 1624 2209 ὅσα
1646 2175 1704 2209 τε.
1727 2150 1866 2209 ἄλλα

254 2233 466 2301 τούτοις
497 2234 868 2309 παραπλήσια.
1888 2258 1930 2290 25

209 2346 229 2377 d
379 2329 588 2378 XXVIII.
645 2315 1031 2394 ’Μεμνήμεθά
1072 2345 1134 2393 γε
1173 2319 1285 2394 μὴν
1326 2316 1763 2394 ὁμολογήσαντες
1806 2323 1866 2378 ἐν

254 2415 367 2468 τοις
399 2401 652 2472 πρόσθεν
683 2428 755 2470 ως
781 2411 832 2460 εί
852 2405 1000 2478 ψυχὴ
1024 2411 1228 2477 φανείη
1257 2407 1604 2479 πρεσβυτέρα
1627 2408 1724 2463 τοῦ
1756 2403 1865 2462 σω’-

254 2509 422 2558 ματος
453 2503 621 2558 ουσα,
664 2490 755 2544 καὶ
795 2513 861 2544 τα
902 2492 1080 2562 ψυχῆς
1119 2513 1231 2547 των
1270 2493 1366 2546 τοῦ
1409 2487 1656 2562 σώματος
1689 2496 1865 2547 ἔσοιτο

256 2568 615 2643 πρεσβύτερα.

383 2651 546 2711 Πάνυ
577 2654 677 2726 μὲν
707 2646 822 2711 οῦν.
1882 2677 1925 2710 3ο

368 2849 421 2886 26
453 2841 763 2899 Μεμνήμεθα
793 2844 864 2900 -]
900 2846 1034 2888 Plato
1067 2849 1284 2901 Leg.·10.
1318 2862 1359 2901 p.
1393 2849 1488 2889 896.
