2014 3146
551 121 762 162 PRAEP.
796 120 1014 162 EVANG.
1049 121 1175 162 XIII.
1216 124 1255 164 9.
1292 122 1358 162 10.
1653 117 1755 170 185

148 243 242 295 ἵνα
285 242 361 303 εἰς
386 233 582 294 ’Ἅιδου
625 234 808 293 ε’λθῶν
841 242 965 311 ἔχῃς
993 239 1165 293 ταῦτα
1196 234 1375 292 πάντα
1405 233 1755 308 ἀπολογήσα-

149 332 284 379 σθαι
323 335 436 388 τοῖς
478 324 592 378 ἐκεῖ
627 319 916 393 ἄρχουσιν·
963 318 1090 377 οὕτε
1127 318 1232 393 γὰρ
1266 318 1473 377 ἐνθάδε
1504 336 1592 376 σοι
1621 344 1756 392 φαι-

147 428 303 463 νεται
332 409 503 462 ταῦτα
534 404 828 478 πράττοντι
858 403 1084 478 ἄμεινον
1116 405 1258 462 εἶναι
1306 401 1441 461 οὐδὲ
1483 402 1755 461 δικαιότε-

150 514 250 563 ρον
279 489 412 547 οὐδὲ
442 488 738 564 ὁσιώτερον
769 488 900 546 οὐδὲ
931 487 1078 566 ἄλλῳ
1109 495 1220 546 τῶν
1250 492 1366 546 σῶν
1389 486 1598 560 οὐδενὶ,
1624 486 1755 545 οὔτε

104 595 125 629 5
151 577 327 632 ἐκεῖσε
365 571 683 651 ἀφικομένῳ
722 573 950 648 ἄμεινον
996 580 1162 631 ἔσται.
1255 578 1300 630 7.
1347 570 1485 629 ἄλλα
1515 576 1623 630 νῦν
1652 573 1755 647 μὲν

146 657 479 732 ἠδικημένος
509 657 654 731 ἄπει,
688 657 784 716 ε’ἀν
813 657 1009 731 ἀπίῃς,
1052 655 1152 731 οὐχ
1194 654 1298 730 ὑφ’
1331 653 1488 730 ἡμῶν
1517 661 1630 714 τῶν
1659 655 1755 715 νό-

145 767 294 816 μων,
338 740 459 800 ἆλλ’
511 741 606 801 ὑπ’
665 741 1002 816 ἀνθρώπων·
1080 742 1270 799 ἐὰνδὲ
1310 743 1537 814 ἐξέλθῃς
1576 738 1754 809 οὕτως

146 831 412 902 αἰσχρῶς,
453 824 826 899 ἄνταδικήσας
865 850 924 883 τε
954 828 1045 883 καὶ
1067 823 1616 900 ἆντικακουργήσας,
1658 825 1753 892 τὰς

148 915 358 969 σαυτοῦ
399 908 690 985 ὁμολογίας
731 935 790 969 τε
830 913 922 968 καὶ
962 908 1251 983 συνθήκας
1290 907 1386 977 τὰς
1438 909 1573 983 πρὸς
1612 905 1753 982 ἡμᾶς

83 1019 124 1050 10
148 994 522 1071 παραβὰς-καὶ
553 995 694 1053 κακὰ
735 994 1103 1070 ἐργασάμενος
1144 992 1372 1060 τούτους
1422 991 1517 1061 οὓς
1556 991 1753 1067 ἥκιστα
1776 1025 1793 1047 e

145 1085 258 1139 ἔδει
273 1125 288 1152 ,
342 1079 549 1138 σαυτόν
586 1103 645 1137 τε
684 1083 775 1137 καὶ
816 1078 943 1147 τούς
983 1086 1182 1153 φίλους
1233 1081 1324 1136 καὶ
1375 1083 1616 1154 πατρίδα
1660 1081 1754 1135 καὶ

145 1161 316 1238 ἡμᾶς,
358 1161 514 1238 ἡμεῖς
545 1167 606 1221 τέ
634 1183 721 1221 σοι
751 1168 1171 1238 χαλεπανοῦμεν
1202 1166 1360 1233 ζῶντι
1416 1166 1506 1220 καὶ
1549 1167 1667 1221 ἐκεῖ
1702 1165 1758 1220 οἱ

144 1245 399 1324 ἡμέτεροι
440 1246 704 1322 ἀδελφοὶ,
737 1253 794 1306 οὗ
822 1247 1091 1307 ε’ν”Ἀιδου
1136 1246 1323 1321 νόμοι,
1364 1245 1467 1304 οὐκ
1508 1245 1754 1321 εὐμενῶς

146 1352 211 1391 σε
249 1334 638 1406 ὑποδέξονται,
693 1331 897 1398 εἰδότες
940 1332 1022 1390 ὅτι
1071 1335 1163 1389 καὶ
1203 1328 1343 1405 ἡμᾶς
1398 1335 1754 1406 ἐπεχείρησας

80 1438 123 1471 15
146 1416 410 1476 ἀπολέσαι
441 1417 501 1475 τό
533 1417 634 1475 σὸν
663 1414 886 1492 μέρος.”

274 1543 333 1592 Χ.
388 1527 580 1598 ηἼσως
614 1528 666 1587 δ’
704 1526 774 1587 ἂν
805 1523 908 1588 οὗν
939 1539 1083 1588 εἴποι
1113 1553 1214 1600 τις,
1241 1525 1339 1585 εἶτ’
1367 1526 1470 1585 οὐκ
1495 1527 1752 1603 αἰσχύνῃ,
1775 1520 1869 1596 [5⁹²8OE

147 1607 189 1672 ῶ
220 1613 533 1688 Σώκρατες,
565 1618 813 1672 τοιοῦτον
838 1613 1174 1687 ἐπιτήδευμα
1201 1611 1583 1686 ἐπιτηδεύσας,
1611 1616 1662 1681 ἐξ
1687 1637 1753 1670 ου

147 1698 496 1766 κινδυνεύεις
526 1701 657 1756 νυνὶ
689 1696 1027 1769 ἀποθανειν;
1091 1695 1195 1771 ε’γῶ
1236 1699 1296 1755 δε
1335 1697 1511 1774 τούτῳ
1538 1703 1754 1755 δίκαιον

148 1780 218 1841 ἂν
265 1782 431 1856 λόγον
471 1782 808 1858 ἀντείποιμι,
862 1783 943 1840 ὅτι
982 1782 1049 1840 οὐ
1104 1787 1283 1849 καλῶς
1324 1784 1525 1855 λέγεις,
1571 1774 1612 1839 ῶ
1654 1807 1752 1840 αν-

83 1888 127 1920 20
147 1879 362 1942 θρωπε,
397 1875 447 1926 εἰ
467 1878 571 1926 οἰέι
604 1874 723 1926 δειν
753 1873 1024 1926 κίνδυνον
1053 1863 1482 1939 υπολογίζεσθαι
1522 1870 1619 1923 τοῦ
1659 1872 1755 1938 ζῆν

146 1949 180 2024 ἢ
211 1951 479 2010 τεθνάναι
509 1950 689 2027 ἄνδρα
718 1950 848 2010 ὅτου
879 1977 931 2009 τι
970 1954 1062 2009 καὶ
1094 1951 1326 2026 σμικρὸν
1355 1949 1552 2024 ὄφελός
1585 1955 1754 2021 ἐστιν,

146 2034 266 2094 ἀλλ’
304 2036 408 2094 οὐκ
440 2041 618 2095 ἐκεῖνο
649 2035 820 2111 μόνον
851 2050 1110 2108 σκοπειυ,
1151 2061 1284 2093 οταν
1315 2034 1555 2109 πράττῃ,
1598 2034 1753 2092 πότε-

148 2145 247 2191 ρον
279 2126 464 2178 δίκαια
494 2118 526 2195 ἢ
557 2119 721 2178 ἄδικα
751 2121 995 2194 πράττει,
1028 2123 1119 2177 καὶ
1149 2118 1352 2192 ἀνδρὸς
1375 2116 1595 2191 αγαθοῦ
1621 2124 1754 2191 ἔργα

148 2230 181 2277 η
224 2210 412 2262 κακοῦ.
503 2211 550 2262 2.
608 2211 810 2279 φαῦλοι
850 2204 954 2278 γὰρ
995 2229 1064 2260 αν
1103 2208 1178 2280 τῷ
1227 2227 1290 2275 γε
1330 2206 1408 2278 σῷ
1449 2201 1594 2279 λόγω
1642 2202 1754 2259 εἶεν

83 2306 125 2339 25
146 2291 258 2345 τῶν
288 2287 539 2361 ἡμιθέων
569 2307 689 2346 οσοι
721 2293 782 2346 ἐν
819 2294 988 2363 Τροία
1012 2260 1482 2360 τετελευτήκασιν,
1508 2292 1565 2344 οἵ
1579 2311 1636 2344 τε
1660 2284 1752 2343 ἅλ-

149 2380 234 2430 λοι
265 2374 357 2429 καὶ
387 2369 415 2429 ὁ
446 2379 541 2445 τῆς
576 2377 800 2440 Θέτιδος
829 2372 967 2443 υίὸς,
994 2369 1053 2439 ὃς
1075 2375 1337 2428 τοσοῦτον
1359 2375 1456 2428 τοῦ
1484 2369 1753 2428 κινδύνου
1772 2397 1871 2439 (660)

149 2456 528 2530 κατεφρόνησε
567 2457 714 2531 παρὰ
766 2458 826 2514 τὸ
877 2454 1105 2530 αἰσχρόν
1143 2481 1194 2513 τι
1237 2452 1533 2530 ὑπομεῖναι
1595 2454 1751 2527 ὥστε,

150 2539 340 2613 ἐπειδὴ
383 2541 538 2599 εἶπεν
578 2567 610 2615 η
653 2539 827 2614 μήτηρ
870 2538 1018 2617 αυτῶ
1058 2544 1504 2646 προθυμουΜμε-’νω
1521 2539 1753 2612 Ἐκτορα

146 2623 492 2698 ἀποκτεῖναι,
535 2624 666 2692 θεὸς
696 2643 860 2697 ουσα,
903 2621 1111 2683 οὑτωσί
1136 2649 1280 2697 πως,
1324 2621 1395 2691 ῶς
1441 2615 1677 2701 ἐγῶμαι,
1711 2625 1752 2680 ῶ

268 2876 319 2915 16
339 2868 472 2924 Ἴσως
495 2868 540 2917 δ’
565 2866 628 2916 ἂν
648 2873 723 2929 —]
759 2875 894 2916 Plato
915 2875 1046 2929 Apol.
1080 2889 1121 2928 p.
1144 2875 1252 2917 2812.
