2014 3146
653 121 866 163 PRAEP.
897 121 1118 163 EVANG.
1149 120 1245 163 xv.
1277 122 1319 160 4.
1681 117 1784 170 345

179 235 497 310 βασιλικὸν,
538 234 567 293 ὃ
608 235 755 308 παρὰ
794 239 893 294 τοῦ
935 234 1072 302 Διὸς
1113 242 1222 309 ἔχει
1262 237 1509 308 λαβοῦσα
1549 233 1782 307 ἀναφαί-

181 344 340 395 ρετον
370 317 403 395 ἡ
435 318 630 394 ἀρετὴ,
665 321 810 394 (ἐπεὶ

250 439 308 493 οὗ
335 439 720 511 παλινάγρετον,
750 438 851 492 ὅττι
878 461 962 492 κεν
990 431 1130 502 οὗτος
1156 444 1216 509 τῇ
1242 443 1434 510 κεφαλῇ
1461 437 1692 510 ἐπινεύσῃ
1705 443 1744 507 )

177 564 337 619 τοῦτο
367 559 540 632 αὐτὴν
571 558 934 634 ἀφαιρεῖσθαι
964 562 1251 632 τολμῶσιν.
1318 565 1395 616 10.
1430 557 1496 616 οὐ
1527 558 1632 633 γὰρ
1665 563 1783 617 ἐπι-

133 672 153 705 5
176 648 474 719 τρέπουσιν
505 643 679 716 αὐτὴν
701 658 882 702 ποιεῖν
907 641 1259 716 εὐδαίμονας,
1290 639 1485 717 ὁμοίαν
1519 645 1579 701 δὲ
1610 642 1783 716 αὐτὴν
1802 663 1891 705 [4651

176 733 473 787 καθιστᾶσι
503 726 722 804 πλούτῳ
764 730 856 784 καὶ
890 728 1020 801 δόξῃ
1052 730 1144 784 καὶ
1175 730 1323 800 γένει
1353 730 1444 785 καὶ
1474 727 1660 805 ὑγιείᾳ
1691 731 1781 785 καὶ

176 814 391 886 κάλλει,
425 815 516 870 καὶ
545 811 648 872 ὅσα
679 810 818 869 ἄλλα
848 812 1006 869 κοινὰ
1035 816 1129 883 τῆς
1161 821 1370 878 κακίας.
1422 809 1494 878 (ὃς
1518 812 1622 887 γὰρ
1652 812 1783 870 τού-

176 922 288 955 των
318 894 506 956 ὁτιοῦν
536 894 714 970 παρὸν
745 899 909 970 χωρὶς
941 895 1138 970 ἀρετῆς
1169 894 1272 954 οὐκ
1297 894 1565 969 αὔταρκες
1598 893 1781 954 εὐδαί-

174 1006 318 1056 μονα
357 979 454 1040 τὸν
494 984 828 1054 κεκτημένον
871 977 1183 1054 ἀποφῆναι,
1234 983 1326 1038 καὶ
1366 977 1399 1053 ἡ
1439 979 1605 1055 ἀρετὴ
1646 980 1782 1038 κατὰ

111 1093 152 1126 10
174 1063 344 1124 ταύτὰ
383 1068 548 1140 χωρὶς
588 1064 799 1123 τούτων
847 1064 947 1139 οὐχ
997 1064 1158 1138 ικανὴ
1198 1069 1423 1138 ποιῆσαι
1463 1063 1559 1123 τὸν
1600 1062 1779 1139 ε”χοντ
1808 1086 1829 1118 b

174 1149 349 1224 αὐτὴν
381 1150 714 1227 εὐδαίμονα.
802 1154 881 1206 11.
924 1154 1039 1216 πῶς
1090 1174 1195 1208 ουν
1234 1148 1300 1208 οὐ
1317 1150 1651 1225 καθῄρηται
1691 1153 1783 1207 καὶ

174 1237 575 1308 καταβέβληται
606 1233 665 1292 τὸ
694 1238 789 1306 τῆς
821 1230 1019 1309 αρετῆς
1048 1231 1287 1308 ἆξίωμα;
1318 1242 1437 1292 ναί
1470 1234 1610 1292 ἄλλα
1639 1234 1782 1292 πολυ

173 1324 284 1377 τῶν
323 1317 508 1376 αλλων
547 1316 780 1392 αγαθών
822 1316 1110 1392 ὑπερέχειν
1154 1317 1257 1391 τὴν
1300 1317 1502 1392 ἀρετὴν
1540 1321 1778 1392 λέγουσι.

173 1411 230 1461 τί
260 1403 328 1476 δὴ
349 1407 537 1474 τοῦτο;
570 1406 661 1461 καὶ
691 1427 794 1477 γαρ
826 1403 927 1476 τὴν
956 1399 1174 1476 υγίειαν
1203 1409 1302 1461 τοῦ
1332 1403 1599 1462 πλούτου
1643 1402 1782 1460 ἄλλα

109 1513 150 1546 15
174 1487 234 1545 τό
274 1513 336 1561 γε
375 1490 542 1562 χωρὶς
583 1485 837 1561 αλλήλων
881 1485 954 1560 μὴ
995 1486 1189 1562 αρκεῖν
1230 1486 1365 1561 πρὸς
1418 1486 1782 1561 εὐδαιμονίαν

174 1576 307 1630 πᾶσι
339 1571 542 1629 κοινόν.
610 1576 687 1628 12.
722 1569 928 1629 ὁπόταν
959 1573 1061 1630 οὐν
1100 1596 1180 1639 τις
1213 1576 1272 1629 ἐκ
1302 1571 1514 1633 τούτων
1543 1577 1655 1630 τῶν
1687 1578 1770 1629 δο-

173 1681 397 1730 γματων
450 1659 542 1713 καὶ
592 1655 792 1730 ταύτης
844 1659 939 1729 τῆς
992 1660 1254 1730 αἱρέσεως
1298 1656 1536 1725 διδαξειε
1585 1655 1681 1714 τὸν
1722 1661 1782 1714 ἐν

172 1739 313 1815 αὐτῇ
341 1743 409 1814 τῇ
438 1743 589 1815 ψυχῇ
617 1739 678 1798 τὸ
710 1744 821 1798 πᾶν
851 1739 1214 1843 ἀνθρώπινον
1250 1737 1467 1814 ἀγαθὸν
1498 1746 1780 1815 ζητοῦντα,

174 1822 477 1899 εὐδαίμονα
507 1846 682 1898 φησιν
713 1827 801 1883 ἐπὶ
842 1825 1038 1900 τροχὸν
1068 1823 1170 1883 οὐκ
1200 1823 1556 1898 αναβαίνειν,
1588 1823 1774 1883 οὐδε
1751 1852 1778 1884 ο
1810 1851 1828 1873 e

109 1936 150 1968 ρο
172 1923 289 1977 ταῖς
320 1919 655 1984 Πριαμικαις
697 1908 887 1983 τύχαις
926 1908 1292 1984 συνεχόμενος
1324 1909 1537 1968 δύναιτ’
1585 1906 1655 1968 ἂν
1688 1908 1778 1969 εύ-

175 1999 390 2067 δαίμων
429 1996 522 2051 καὶ
560 1993 825 2066 μακάριος
868 1994 1026 2052 εἶναι.
1101 1999 1179 2052 13.
1213 1993 1309 2054 τὸν
1350 1996 1410 2053 δε
1449 1993 1549 2069 τὴν
1579 1993 1782 2069 ἀρετὴν

174 2083 366 2151 ἔχοντα
406 2076 673 2144 τοιούτοις
714 2080 823 2135 τισὶ
864 2093 1187 2149 περιπεσεῖν
1225 2077 1328 2137 οὐκ
1358 2077 1595 2146 ἀπεικός.
1657 2079 1780 2136 τού-

172 2186 283 2229 τοις
337 2162 399 2219 δε
438 2164 626 2219 ἕπεται
663 2161 724 2219 τὸ
761 2161 896 2235 μήτε
935 2161 1271 2220 ακολουθεῖν
1323 2166 1381 2220 ἐκ
1421 2163 1624 2230 παντὸς
1679 2162 1781 2235 τὴν

174 2243 538 2319 εὐδαιμονίαν
567 2260 681 2312 τοῖς
711 2243 812 2320 τὴν
842 2245 1044 2320 ἀρετὴν
1068 2253 1253 2320 ἔχουσι
1283 2245 1436 2321 μήτ’,
1470 2254 1519 2306 εἰ
1548 2250 1779 2320 γένοιτο,

110 2354 151 2388 25
175 2333 516 2405 παραμένειν
546 2328 649 2387 ἀεί.

317 2436 491 2488 Φύλλα
518 2458 576 2487 τα
602 2437 692 2502 μέν
717 2432 761 2487 τ’
791 2457 972 2503 ανεμος
998 2436 1204 2504 χαμάδις
1231 2439 1344 2505 χέει,
1371 2434 1494 2490 ἄλλα
1523 2439 1576 2490 δέ
1602 2433 1656 2490 θ’
1687 2435 1779 2504 ὕλη

314 2505 597 2573 τηλεθόωσα
623 2506 762 2571 φύει·

317 2574 380 2639 ὡς
406 2575 604 2643 ανδρῶν
629 2573 774 2645 γενεὴ
802 2573 833 2644 ἡ
860 2580 949 2645 μὲν
975 2577 1118 2645 φύει,
1147 2574 1178 2645 ἡ
1206 2575 1251 2629 δ’
1282 2575 1567 2648 απολήγει.“

175 2685 255 2740 14.
294 2688 381 2738 ἔτι
420 2700 506 2738 σοι
546 2678 605 2738 τὸ
646 2681 994 2757 παραδειγμα
1041 2683 1239 2758 μικρὸν
1289 2686 1379 2741 καὶ
1419 2682 1688 2757 ἄτολμον,
1735 2676 1779 2740 ὦ
1804 2706 1826 2738 d

112 2791 151 2824 30
175 2764 399 2839 ποιητά’

314 2860 456 2927 ἔαρος
483 2854 527 2908 δ’
558 2858 823 2926 ἐπιγίνεται
853 2853 970 2927 ὥρη.
