2014 3146
279 104 383 154 412
953 104 1200 146 EUSEBII

282 218 498 293 πρώτης
529 215 799 293 ὑγρασίας
830 226 1124 287 λείψανον·
1179 211 1244 291 ἧς
1275 220 1466 292 τὸμὲν
1505 226 1698 276 πλεῖον
1727 222 1890 292 μέρος

281 301 582 377 ἀνεξήρανε
612 304 671 360 τὸ
702 308 844 378 πῦρ,
877 303 936 361 τὸ
969 305 1030 362 δὲ
1059 300 1407 376 ὑπολειφθὲν
1438 303 1529 360 διὰ
1558 303 1660 376 τὴν
1691 309 1892 360 ἔκκαυ-

283 407 373 450 σιν
405 389 719 460 μετέβαλεν.

404 490 451 542 2.
481 483 846 559 Ἀναξαγόρας
869 489 970 543 τοῦ
993 484 1111 542 κατ’
1149 483 1318 560 ἀρχὰς
1343 484 1692 559 λιμνάζοντος
1714 483 1890 559 ὑγροῦ

282 573 635 644 περικαέντος
664 568 775 628 ὑπὸ
806 574 899 643 τῆς
931 571 1159 643 ἡλιακῆς
1190 574 1521 645 περιφορᾶς,
1553 572 1645 627 καὶ
1674 572 1778 626 τοῦ
1807 579 1891 626 λι-
1912 585 1935 618 5

283 658 464 728 παροῦ
519 657 965 727 ἐξατμισθέντος,
1021 661 1098 720 εἰς
1149 650 1387 712 ἁλυκίδα
1429 658 1522 712 καὶ
1561 660 1788 728 πικρίαν
1831 654 1890 711 τὸ

284 737 478 796 λοιπὸν
507 734 830 811 ὑποστῆναι.

409 841 456 893 3.
498 834 865 910 Ἐμπεδοκλῆς
898 841 1104 911 ἱδρῶτα
1133 843 1227 910 τῆς
1268 839 1367 910 γῆς
1399 839 1752 911 ἐκκαιομένης
1781 835 1892 894 ὑπὸ

283 924 380 978 τοῦ
409 917 600 994 ἡλίου,
637 920 727 978 διὰ
757 922 860 994 τὴν
892 924 981 979 ἐπὶ
1010 919 1070 978 τὸ
1101 930 1296 979 πλεῖον
1325 928 1566 994 πίλησιν.
1698 941 1702 945 ·

408 1024 455 1075 4.
485 1016 761 1092 Ἀντιφῶν
802 1025 1007 1090 ἱδρῶτα
1036 1023 1136 1077 τοῦ
1174 1022 1417 1092 θερμοῦ,
1462 1023 1515 1087 ἐξ
1546 1011 1615 1077 οὗ
1643 1017 1701 1076 τὸ
1734 1042 1890 1092 περι·
1915 1040 1955 1073 10

281 1105 502 1175 ληφθὲν
531 1100 709 1178 ὑγρὸν
749 1101 1059 1179 ἀπεκρίθη,
1099 1108 1173 1180 τῷ
1204 1107 1602 1176 καθεψηθῆναι
1643 1111 1895 1176 παραλυ-

283 1194 511 1260 κίσασα,
545 1185 681 1262 ὅπερ
715 1191 803 1245 ἐπὶ
834 1189 1037 1256 παντὸς
1071 1193 1301 1261 ἱδρῶτος
1333 1195 1643 1261 συμβαίνει.

406 1290 454 1342 5.
500 1286 879 1359 Μητρόδωρος
923 1285 1014 1343 δια
1052 1287 1112 1343 τὸ
1166 1292 1491 1359 διηθεῖσθαι
1533 1285 1625 1344 διά
1667 1290 1764 1359 τῆς
1793 1290 1892 1359 γῆς

241 1398 257 1417 c
281 1372 669 1444 μετειληφέναι
710 1374 808 1428 τοῦ
849 1372 975 1443 περὶ
1017 1369 1193 1443 αὐτὴν
1244 1370 1482 1444 πάχους,
1530 1370 1785 1443 καθάπερ
1827 1370 1893 1427 τὰ

283 1453 375 1510 διὰ
408 1457 504 1526 τῆς
534 1458 740 1529 τέφρας
773 1452 1079 1528 ὑλιζόμενα.
1912 1478 1953 1510 15

409 1557 456 1608 6.
495 1558 569 1610 Οἱ
595 1549 702 1610 άπὸ
734 1552 1036 1620 Πλάτωνος
1065 1556 1166 1611 τοῦ
1187 1552 1574 1626 στοιχειώδους
1602 1551 1802 1620 ὕδατος
1833 1551 1892 1610 τὸ

281 1636 385 1708 μὲν
437 1639 490 1704 ἐξ
535 1634 695 1708 άέρος
736 1638 873 1694 κατὰ
912 1641 1210 1711 περίψυξιν
1259 1637 1664 1711 συνιστάμενον
1715 1637 1893 1710 γλυκὺ

174 1732 258 1773 ῐ4961
280 1727 570 1792 γίνεσθαι,
612 1720 673 1778 τὸ
708 1723 770 1778 δὲ
799 1719 907 1779 άπὸ
939 1726 1038 1795 γῆς
1069 1721 1206 1778 κατὰ
1237 1729 1570 1793 περίκαυσιν
1600 1725 1692 1780 καὶ
1722 1721 1892 1779 ἐκπύ-

283 1824 457 1877 ρωσιν
488 1803 963 1879 ἀναθυμιώμενον
993 1802 1301 1878 ἆλμυρόν.”

408 1907 451 1959 7.
495 1905 677 1960 Ταῦτα
717 1904 819 1976 μὲν
859 1896 961 1960 οὖν
991 1906 1083 1961 καὶ
1121 1905 1249 1976 περὶ
1286 1902 1588 1977 θαλάσσης.
1650 1903 1796 1971 ὅπως
1830 1905 1889 1962 δὲ
1911 1927 1954 1959 20

281 1991 339 2042 oc
364 1989 490 2058 περὶ
515 1990 615 2044 τοῦ
633 1987 837 2052 παντὸς
859 1985 1067 2060 κόσμου
1090 1986 1371 2060 οὐρανίων
1395 2013 1453 2046 τε
1475 1992 1601 2060 πέρι
1622 1990 1714 2045 καὶ
1736 1995 1891 2046 αι’θε-

282 2076 420 2144 ρίων
434 2073 525 2127 καὶ
547 2074 644 2143 τῆς
665 2074 778 2128 τοῖν
796 2069 943 2129 ὅλων
967 2071 1324 2146 καταλήψεως
1343 2081 1702 2146 φυσιολογεῖν
1729 2076 1890 2145 ε’παγ-

280 2153 594 2228 γειλάμενοι
624 2154 755 2213 οὐδὲ
784 2156 850 2213 τὰ
879 2155 1013 2213 καθ’
1050 2157 1280 2223 ἑαυτοὺς
1310 2155 1549 2231 ᾔδεσαν,
1590 2156 1790 2230 μάθοις
1821 2154 1890 2214 ἂν

283 2242 335 2306 ἐξ
369 2231 450 2297 ὧν
481 2242 572 2296 καὶ
603 2243 730 2315 περὶ
760 2239 973 2298 τούτων
1005 2233 1119 2298 ὧδέ
1145 2264 1261 2309 πως
1294 2241 1800 2314 διαπεφωνήκασιν.

235 2398 255 2429 ⁴1
281 2391 373 2439 LX.
730 2377 912 2452 “Περὶ
942 2388 1131 2454 μερῶν
1160 2386 1253 2455 τῆς
1286 2385 1479 2455 ψυχῆς.
1909 2390 1954 2422 25

404 2491 776 2565 Πυθαγόρας,
825 2491 1094 2565 Πλάτων,
1147 2494 1284 2551 κατὰ
1323 2495 1425 2567 μὲν
1475 2493 1571 2551 τὸν
1624 2490 1887 2551 άνωτάτω

281 2573 475 2647 λόγον,
508 2581 703 2649 διμερῆ
735 2576 837 2648 τὴν
870 2576 1081 2651 ψυχήν·
1122 2576 1182 2634 τὸ
1212 2580 1314 2651 μὲν
1335 2577 1439 2653 γὰρ
1468 2583 1613 2651 ἔχειν
1644 2577 1885 2650 λογικὸν,

280 2658 338 2716 τὸ
374 2660 434 2716 δὲ
465 2656 681 2732 ἄλογον.
743 2661 880 2717 κατὰ
910 2662 971 2717 δὲ
1001 2660 1060 2718 τὸ
1096 2664 1357 2735 προσεχὲς
1402 2664 1491 2719 καὶ
1523 2661 1745 2734 ἀκριβὲς
1775 2686 1886 2736 τρι-

395 2854 449 2894 25
482 2851 600 2905 Περὶ
627 2852 783 2905 μερῶν
804 2852 887 2906 τῆς
911 2853 1084 2909 ψυχῆς]
1119 2855 1356 2898 Plutareh.
1378 2869 1419 2908 p.
1442 2856 1523 2896 898
1547 2868 1585 2894 e.
