2014 3146
602 150 816 192 PRAEP.
847 150 1069 193 EVANG.
1105 151 1235 191 xm.
1270 154 1335 194 13.
1667 149 1768 202 211

151 265 380 334 ἀνοίαις.
458 263 718 341 ἄντικρυς
762 267 822 323 δὲ
861 265 890 324 6
921 265 1426 340 μὲν“Ηροὲκλειτος,
1467 271 1567 325 τοῦ
1599 266 1771 341 λόγου

149 356 246 408 τοῦ
279 352 500 418 δέοντος
531 347 646 423 ἀεὶ,
696 353 897 424 φησὶν,
940 347 1193 419 ἀξύνετοι
1222 356 1509 423 γίγνονται
1539 350 1770 426 ἅνθρω-

150 459 262 508 ποι,
295 438 386 493 καὶ
418 434 671 509 πρόσθεν
694 433 726 508 ἢ
753 434 986 493 ἀκοῦσαι
1030 438 1122 492 καὶ
1156 432 1495 504 ἀκούσαντες
1526 435 1586 494 τὸ
1609 441 1764 512 πρῶ-

148 543 260 577 τον,
336 516 363 577 6
397 519 686 594 μελοποιὸς
719 521 780 577 δε
812 526 1245 594 Μελανιππίδης
1276 517 1431 578 bidan}
1454 523 1592 595 φησὶ

84 651 105 683 5
291 629 448 678 κλῦθί
462 646 563 693 μοι,
584 623 622 678 ὦ
642 625 814 694 πάτερ,
832 630 1007 692 θαῦμα
1027 630 1236 694 βροτῶν,

290 701 375 760 τᾶς
400 692 611 758 ἆειζωου
637 701 801 764 ψυχᾶς
827 698 1026 763 μεδέων.

148 807 507 875 Παρμενίδης
537 824 594 858 τε
624 799 652 857 6
683 803 879 874 μέγας,
923 797 996 866 ω’ς
1027 819 1201 872 φησιν
1232 804 1293 857 ἐν
1323 804 1581 874 Σοφιστῇ
1611 801 1759 859 Πλά-
1783 834 1801 856 e

147 909 279 958 των,
314 877 427 942 ωδέ
453 907 569 951 πως
603 887 733 958 περὶ
765 888 864 942 τοῦ
894 891 1058 942 θείου
1088 909 1291 960 γραφει

288 976 444 1030 πολλοὶ
470 973 583 1044 μάλ’
617 984 684 1039 ως
711 973 949 1044 ἀγένητον
976 973 1056 1028 ἐὸν
1082 978 1166 1028 καὶ
1180 975 1476 1040 ἀνωλεθρόν
1498 978 1615 1043 ἐστι,

85 1073 126 1105 10
290 1047 454 1109 οὖλον,
483 1049 778 1115 μουνογενὲς
807 1050 859 1100 δὲ
885 1049 968 1099 καὶ
994 1042 1194 1115 ἀτρεμὲς
1219 1045 1298 1114 ἠδ’
1328 1045 1581 1116 ἀγένητον.

147 1151 286 1210 ἄλλα
318 1156 410 1210 καὶ
439 1152 467 1210 6
483 1155 740 1220 “Ησίοδος

290 1242 436 1308 αὐτὸς
460 1240 553 1314 γὰρ
579 1243 779 1297 πάντων
807 1246 985 1313 (φησὶ)
999 1240 1230 1312 βασιλευς
1250 1246 1334 1296 καὶ
1336 1244 1585 1330 κοίρανός
1612 1245 1743 1297 ἐστιν

288 1313 574 1376 ἀθανάτων,
603 1318 682 1367 σέο
710 1314 757 1366 δ’
789 1315 847 1368 ού
877 1338 948 1377 τις
975 1314 1228 1384 ε’ρήρισται
1254 1337 1431 1383 κρατος
1457 1314 1616 1378 ἄλλος.

274 1426 356 1479 40.
404 1425 520 1479 Ναὶ
562 1421 672 1495 μὴν
711 1423 801 1478 καὶ
842 1416 876 1493 ἦ
916 1425 1198 1498 τραγῳδία
1229 1417 1336 1477 απὸ
1366 1423 1479 1479 τῶν
1510 1419 1760 1478 εἰδώλων
1786 1441 1810 1475 d

83 1523 122 1555 15
148 1501 454 1564 ἆποσπῶσα
486 1511 564 1571 εἰς
604 1506 700 1562 τὸν
741 1502 985 1580 οὐρανὸν
1014 1502 1353 1577 ἀναβλέπειν
1386 1504 1653 1563 διδάσκει.
1731 1505 1760 1563 6

146 1591 250 1664 μὲν
279 1588 383 1665 γαρ
415 1594 738 1664 Σοφοκλῆς,
782 1588 853 1656 ὥς
895 1607 1068 1663 φησιν
1101 1588 1384 1657 Ἑκαταῖος
1422 1589 1450 1647 6
1490 1590 1586 1657 τὰς
1618 1595 1760 1648 ίστο-

147 1683 269 1750 ρίας
322 1673 728 1776 συνταξάμενος
782 1678 842 1731 ἐν
892 1679 968 1751 τῷ
1008 1673 1146 1732 κατὰ
1175 1673 1461 1750 “Ἀβραμον
1500 1678 1592 1733 καὶ
1632 1674 1761 1743 τούς

147 1765 512 1832 Αἰγυπτίους,
545 1757 805 1833 ἄντικρυς
839 1761 927 1816 ἐπὶ
957 1765 1053 1832 τῆς
1084 1760 1289 1833 σκηνῆς
1323 1763 1490 1838 ἐκβοᾷ

288 1849 359 1914 εἷς
384 1860 490 1914 ταῖς
515 1847 848 1918 ἆληθείαισιν,
877 1849 948 1913 εἷς
975 1852 1105 1903 ἐστὶν
1132 1849 1267 1917 θεὸς,

82 1945 124 1978 20
290 1919 343 1984 ὃς
370 1918 587 1991 οὐρανόν
611 1919 650 1973 τ’
684 1925 843 1986 ἔτευξε
868 1923 951 1973 καὶ
978 1930 1128 1991 γαῖαν
1150 1919 1365 1990 μακρὴν,

286 1991 471 2045 πόντου
496 2015 545 2045 τε
571 1990 787 2060 χαροπὰν
813 1991 960 2059 οἶδμα
985 1994 1211 2061 κάνέμων
1236 1998 1362 2062 βίας.

286 2065 467 2129 θνητοὶ
494 2065 545 2116 δὲ
570 2066 743 2116 πολλοὶ
770 2067 979 2130 καρδίαν
1005 2065 1323 2149 πλανώμενοι

287 2131 622 2199 ἵδρυσαμεσθα
647 2155 886 2201 πηματων
912 2131 1216 2219 παραψυχην

286 2208 424 2256 θεῶν
449 2201 686 2272 αγαλματ’
720 2206 772 2256 ἐκ
784 2209 975 2288 λίθων,
1002 2227 1032 2270 η
1059 2207 1289 2273 χαλκέων,

80 2296 121 2328 25
286 2271 321 2338 ἧ
346 2274 732 2357 χρυσοτεύκτων,
771 2296 802 2340 η
832 2276 1165 2340 ἐλεφαντίνων
1189 2275 1387 2340 τύπους.

286 2347 469 2406 θυσίας
495 2366 543 2396 τε
569 2342 760 2406 τούτοις
785 2347 869 2396 καὶ
897 2341 1049 2408 καλας
1074 2369 1374 2416 πανηγυρεις

287 2417 555 2480 στέφοντες,
584 2412 737 2477 οὕτως
764 2410 982 2483 ευσεβεῖν
1007 2421 1279 2485 νομίζομεν.
1775 2450 1866 2493 (531)

142 2523 227 2577 41.
276 2518 587 2593 Εὐριπίδης
620 2521 680 2576 δε
713 2522 799 2577 ἐπὶ
830 2525 926 2594 τῆς
957 2520 1127 2596 αὐτῆς
1158 2528 1363 2598 σκηνῆς
1392 2531 1697 2605 τραγωδῶν

286 2623 407 2695 ὁρᾷς
436 2628 609 2694 (φησὶ)
639 2623 723 2677 τόν
749 2624 890 2693 ὑψοῦ
917 2623 1049 2679 τόνδ’
1079 2651 1288 2715 απειρον
1308 2633 1488 2699 αἰθέρα

81 2725 121 2757 30
285 2698 369 2747 καὶ
394 2700 489 2762 γῆν
516 2699 654 2763 πέριξ
681 2695 851 2763 ξ”χονθ
878 2694 1052 2783 ὑγραῖς
1071 2701 1123 2751 ἐν
1148 2697 1410 2769 αγκαλαις;

284 2770 460 2818 τοῦτον
487 2765 653 2832 νόμιζε
682 2772 832 2833 Ζῆνα,
861 2764 998 2820 τόνδ’
1029 2767 1152 2838 ηγοῦ
1179 2771 1316 2824 θεόν.

257 2899 280 2938 7
315 2889 366 2938 ἐν
397 2895 615 2949 Σοφιστῇ
648 2890 863 2951 Πλατων]
897 2912 938 2951 p.
962 2901 1056 2940 237.

1388 2970 1492 3021 143²
