2014 3146
571 99 784 142 PRAEP.
813 98 1034 143 EVANG.
1065 99 1189 141 XIV.
1224 101 1288 144 17.
1325 101 1392 140 18.
1693 99 1794 151 301

185 221 441 290 μενίδης·
488 212 689 272 τούτου
720 217 1031 287 Μέλισσος,
1073 207 1143 273 οὗ
1182 213 1409 290 Ζήνων,
1453 240 1520 274 ου
1550 214 1799 274 Λεύκιπ-

186 322 305 372 πος,
330 292 396 357 οὗ
419 299 783 373 Δημόκριτος,
809 299 875 356 οὑ
898 299 1273 375 Πρωταγόρας
1300 302 1391 357 καὶ
1416 307 1665 367 Νεσσᾶς·
1698 303 1799 358 τοῦ

189 386 250 442 δε
282 387 476 443 Νεσσᾶ
506 381 906 458 Μητρόδωρος,
938 386 1005 441 οὐ
1036 386 1330 458 Διογένης,
1362 387 1428 443 οὐ
1455 382 1795 459 Ἀνάξαρχος

181 467 517 542 Ἀναξάρχου
559 469 619 526 δε
658 467 933 541 γνώριμος
972 471 1166 542 γέγονε
1196 469 1468 544 Πύρρων,
1510 467 1613 542 ἀφ’
1655 471 1723 527 οὐ
1763 466 1797 542 ἡ

143 576 164 609 5
185 557 297 611 τῶν
327 557 656 611 Σκεπτικῶν
689 555 1104 625 ἐπικληθέντων
1128 553 1382 628 διατριβὴ
1406 558 1670 628 συνέστη·
1702 552 1798 620 οὓς

186 640 278 695 καὶ
309 635 508 704 αὐτοὺς
550 637 727 711 μηδὲν
769 637 912 694 εἶναι
955 636 1014 694 τὸ
1046 638 1311 711 παράπαν
1340 636 1467 712 μήτ’
1504 643 1564 696 ἐν
1595 638 1800 712 αἰσθή->

186 744 269 780 σει
299 719 426 795 μήτ’
463 726 523 780 ἐν
553 720 698 798 λόγῳ
729 720 1077 793 καταληπτὸν
1103 721 1471 795 ὁριζομένους,
1506 725 1797 797 ἐπέχοντας

187 803 241 864 δ’
277 810 338 864 ἐν
367 809 563 879 πᾶσιν,
605 805 753 872 ὅπως
793 803 1107 878 ἀπήλεγχον
1137 812 1195 864 οἱ
1219 804 1662 876 ἀντιδοξάζοντες
1691 833 1799 880 μα-

185 902 317 949 θεῖν
355 892 619 965 πάρεστιν
671 887 778 947 ἀπὸ
830 893 931 947 τοῦ
983 894 1333 964 δηλωθέντος
1374 891 1797 966 συγγράμματος

122 998 162 1030 10
186 968 299 1033 ὧδέ
326 997 401 1047 πη
432 974 569 1049 πρὸς
599 976 746 1043 λέξιν
777 979 994 1047 ἔχοντος
1825 998 1843 1027 ι,

311 1070 476 1120 XVIII.
544 1058 918 1131 Ἀναγκαίως
953 1058 1003 1116 δ’
1051 1066 1161 1133 ἔχει
1202 1058 1308 1134 πρὸ
1339 1058 1543 1126 παντὸς
1576 1062 1798 1118 διασκέ-
1821 1090 1838 1111 c

185 1155 403 1228 ψασθαι
445 1146 574 1245 περὶ
613 1147 709 1217 τῆς
749 1138 907 1217 ἡμων
946 1142 1135 1202 αὐτων
1175 1142 1456 1216 γνώσεως
1506 1151 1556 1202 εί
1587 1139 1692 1219 γὰρ
1726 1146 1796 1203 αὐ

183 1218 360 1302 μηδὲν
389 1228 719 1303 πεφύκαμεν
747 1235 1070 1302 γνωρίζειν,
1102 1226 1271 1287 οὐδεν
1301 1236 1380 1287 ἔτι
1413 1234 1503 1287 δεῖ
1528 1233 1656 1302 περὶ
1686 1254 1798 1288 των

183 1311 368 1371 ἄλλων
398 1328 644 1372 σκοπεῖν.
734 1318 784 1371 2.
834 1316 1088 1386 ἐγένοντο
1135 1338 1242 1415 μεν
1292 1307 1395 1372 οὗν
1431 1317 1523 1371 καὶ
1552 1339 1666 1373 των
1696 1314 1798 1372 πά-

122 1419 162 1453 15
186 1405 276 1455 λαι
328 1423 472 1465 τινες
511 1403 570 1455 οἰ
605 1397 838 1469 ἀφέντες
878 1396 1047 1470 τήνδε
1086 1397 1188 1470 τὴν
1226 1398 1452 1472 φωνὴν,
1496 1395 1577 1466 οἷς
1618 1398 1797 1457 ἀντεί-

184 1506 354 1556 ρηκεν
376 1481 769 1557 Ἀριστοτέλης.
819 1492 1012 1556 ἴσχυσε
1031 1484 1218 1556 μέντοι
1239 1487 1467 1541 τοιαῦτα
1497 1486 1675 1557 λέγων
1705 1486 1798 1542 καὶ

185 1567 431 1641 Πύρρων
460 1564 488 1624 ὁ
513 1566 750 1634 Ἠλεῖος·
797 1565 918 1623 ἀλλ’
964 1565 1130 1634 αὐτὸς
1168 1568 1272 1641 μὲν
1309 1565 1478 1625 οὐδὲν
1521 1572 1581 1627 ἐν
1610 1572 1800 1644 γραφῇ

184 1654 608 1725 καταλέλοιπεν,
641 1648 670 1709 ὁ
703 1653 766 1709 δὲ
797 1651 1050 1726 μαθητὴς
1083 1649 1254 1710 αὐτοῦ
1293 1660 1482 1726 Τίμων
1512 1656 1650 1726 φησὶ
1677 1659 1798 1711 δεῖν

182 1734 280 1794 τὸν
308 1738 578 1809 μέλλοντα
610 1735 1036 1810 εὐδαιμονήσειν
1066 1743 1144 1804 εἰς
1173 1743 1299 1812 τρία
1337 1740 1510 1794 ταῦτα
1540 1739 1794 1810 βλέπειν’

120 1844 163 1876 20
186 1823 407 1893 πρῶτον
445 1821 576 1895 μὲν,
621 1817 785 1880 ὁποῖα
825 1824 1040 1894 πέφυκε
1069 1821 1137 1878 τὰ
1166 1820 1483 1926 πράγματα·
1534 1822 1798 1897 δεύτερον
1825 1839 1844 1871 d

188 1905 268 1978 δε,
299 1912 426 1963 τίνα
456 1904 559 1980 χρὴ
589 1905 795 1978 τρόπον
824 1903 965 1980 ἡμᾶς
995 1929 1132 1980 προς
1163 1904 1303 1964 αὐτὰ
1334 1912 1674 1965 διακεῖσθαι·
1707 1932 1798 1966 τε-

185 1998 442 2048 λευταῖον
476 1991 557 2063 δε,
589 1998 646 2048 τί
671 1994 954 2063 περιέσται
983 2005 1098 2059 τοῖς
1127 1989 1304 2059 ούτως
1335 1998 1538 2065 ἔχουσι.
1628 1997 1675 2049 3
1730 1991 1797 2049 vo}

185 2097 288 2146 μεν
317 2067 420 2132 οὖν
449 2073 740 2149 πράγματά
771 2095 944 2149 φησιν
976 2072 1146 2133 αὐτὸν
1184 2072 1520 2148 ἀποφαίνειν
1553 2074 1637 2133 ἐπ’
1676 2086 1797 2148 ἴσης

186 2156 468 2231 ἀδιαφορα
499 2161 591 2215 καὶ
622 2156 948 2232 ἀστάθμητα
977 2162 1071 2216 καὶ
1101 2156 1451 2232 ἀνεπίκριτα,
1498 2157 1590 2216 διὰ
1634 2163 1795 2217 τοῦτο

123 2264 164 2297 25
187 2240 320 2316 μήτε
349 2242 445 2309 τὰς
477 2241 769 2315 αἰσθήσεις
799 2242 958 2316 ἡμῶν
998 2242 1133 2316 μήτε
1172 2245 1267 2310 τὰς
1301 2243 1460 2311 δόξας
1491 2242 1796 2317 ἀληθεύειν

185 2322 220 2398 ἢ
251 2325 580 2394 ψεύδεσθαι.
659 2326 749 2384 διὰ
788 2330 949 2385 τοῦτο
980 2320 1086 2385 οὖν
1116 2329 1256 2401 μηδὲ
1286 2327 1570 2385 πιστεύειν
1601 2327 1796 2396 αὐταῖς

189 2415 342 2482 δεῖν,
374 2409 495 2468 ἀλλ’
530 2409 864 2479 ἀδοξάστους
895 2414 985 2469 καὶ
1018 2409 1261 2479 ἀκλινεῖς
1292 2415 1384 2470 καὶ
1414 2411 1795 2487 ἀκραδάντους

189 2494 358 2568 εἶναι,
411 2498 538 2567 περὶ
589 2494 711 2563 ἑνὸς
764 2495 998 2555 ἑκάστου
1043 2499 1303 2570 λέγοντας
1353 2494 1437 2555 ὅτι
1478 2495 1546 2555 οὐ
1586 2497 1796 2571 μᾶλλόν

189 2582 337 2637 ἐστιν
367 2576 402 2652 ἢ
433 2577 536 2637 οὐκ
567 2586 745 2654 ἔστιν,
787 2577 820 2653 ἢ
851 2585 944 2639 καὶ
975 2588 1086 2640 ἔστι
1118 2585 1210 2639 καὶ
1239 2581 1342 2640 οὐκ
1374 2589 1549 2656 ἔστιν,
1591 2578 1624 2656 ἢ
1668 2581 1794 2640 οὔτε

123 2683 164 2716 30
190 2669 340 2722 ἔστιν
379 2661 500 2722 οὔτ’
542 2661 645 2721 οὐκ
684 2672 847 2723 ἔστιν.
936 2670 986 2724 4.
1035 2680 1149 2733 τοῖς
1191 2669 1378 2740 μέντοι
1431 2670 1795 2740 διακειμένοις

187 2744 330 2806 οὕτω
361 2751 721 2819 περιέσεσθαι
759 2756 946 2824 Τίμων
976 2753 1114 2825 φησὶ
1144 2756 1365 2825 πρῶτον
1393 2753 1496 2825 μὲν
1525 2748 1792 2824 ἀφασίαν,

188 2839 374 2890 ἔπειτα
407 2830 461 2890 δ’
494 2832 812 2907 ἀταραξίαν,
847 2842 1225 2909 Αίνησίδημος
1258 2838 1319 2894 δὲ
1347 2832 1613 2911 ἡδονήν.”
