<?xml version="1.0" encoding="UTF-8"?>
<!DOCTYPE html PUBLIC "-//W3C//DTD XHTML 1.0 Transitional//EN"
    "http://www.w3.org/TR/xhtml1/DTD/xhtml1-transitional.dtd">
<html xmlns="http://www.w3.org/1999/xhtml" xml:lang="en" lang="en">
 <head>
  <title>
</title>
<meta http-equiv="Content-Type" content="text/html;charset=utf-8" />
  <meta name='ocr-system' content='tesseract 3.04.00' />
  <meta name='ocr-capabilities' content='ocr_page ocr_carea ocr_par ocr_line ocrx_word'/>
</head>
<body>
  <div class='ocr_page' id='page_1' title='image "./operaeusebius02euseuoft_0406.png"; bbox 0 0 2014 3146; ppageno 0'>
   <div class='ocr_carea' id='block_1_1' title="bbox 281 95 1215 148">
    <p class='ocr_par' dir='ltr' id='par_1_1' title="bbox 281 95 1215 148">
     <span class='ocr_line' id='line_1_1' title="bbox 281 95 1215 148; baseline -0.011 0"><span class='ocrx_word' id='word_1_1' title='bbox 281 95 387 148; x_wconf 85' lang='lat'><strong><em>400</em></strong></span> <span class='ocrx_word' id='word_1_2' title='bbox 967 96 1215 139; x_wconf 74' lang='lat' dir='ltr'>EUSEBH</span> 
     </span>
    </p>
   </div>
   <div class='ocr_carea' id='block_1_2' title="bbox 176 209 1982 2140">
    <p class='ocr_par' dir='ltr' id='par_1_2' title="bbox 176 209 1982 1465">
     <span class='ocr_line' id='line_1_2' title="bbox 408 209 1891 288; baseline 0.002 -19"><span class='ocrx_word' id='word_1_3' title='bbox 408 218 456 270; x_wconf 79' lang='lat'><strong><em>2.</em></strong></span> <span class='ocrx_word' id='word_1_4' title='bbox 484 209 853 286; x_wconf 80' lang='grc' dir='ltr'><strong><em>Ἐμπεδοκλῆς</em></strong></span> <span class='ocrx_word' id='word_1_5' title='bbox 885 213 948 270; x_wconf 71' lang='grc' dir='ltr'><strong><em>δὲ</em></strong></span> <span class='ocrx_word' id='word_1_6' title='bbox 977 212 1186 286; x_wconf 81' lang='grc' dir='ltr'><strong><em>κόσμον</em></strong></span> <span class='ocrx_word' id='word_1_7' title='bbox 1217 216 1343 286; x_wconf 77' lang='grc' dir='ltr'><strong><em>ἕνα,</em></strong></span> <span class='ocrx_word' id='word_1_8' title='bbox 1375 210 1442 272; x_wconf 80' lang='grc' dir='ltr'><strong><em>οὐ</em></strong></span> <span class='ocrx_word' id='word_1_9' title='bbox 1471 215 1658 288; x_wconf 91' lang='grc' dir='ltr'><strong><em>μέντοι</em></strong></span> <span class='ocrx_word' id='word_1_10' title='bbox 1687 212 1747 272; x_wconf 83' lang='grc' dir='ltr'><strong><em>τὸ</em></strong></span> <span class='ocrx_word' id='word_1_11' title='bbox 1778 218 1891 272; x_wconf 80' lang='grc' dir='ltr'><strong><em>πᾶν</em></strong></span> 
     </span>
     <span class='ocr_line' id='line_1_3' title="bbox 284 293 1887 372; baseline 0.001 -17"><span class='ocrx_word' id='word_1_12' title='bbox 284 298 425 355; x_wconf 82' lang='grc' dir='ltr'><strong><em>εἶναι</em></strong></span> <span class='ocrx_word' id='word_1_13' title='bbox 454 296 551 354; x_wconf 85' lang='grc' dir='ltr'><strong><em>τὸν</em></strong></span> <span class='ocrx_word' id='word_1_14' title='bbox 581 295 815 370; x_wconf 79' lang='grc' dir='ltr'><em>κόσμον,</em></span> <span class='ocrx_word' id='word_1_15' title='bbox 857 293 979 353; x_wconf 78' lang='grc' dir='ltr'><strong><em>ἀλλ’</em></strong></span> <span class='ocrx_word' id='word_1_16' title='bbox 1017 293 1207 370; x_wconf 81' lang='grc' dir='ltr'><em>ὀλίγον</em></span> <span class='ocrx_word' id='word_1_17' title='bbox 1247 321 1298 354; x_wconf 90' lang='grc' dir='ltr'><strong><em>τι</em></strong></span> <span class='ocrx_word' id='word_1_18' title='bbox 1344 301 1444 355; x_wconf 82' lang='grc' dir='ltr'><strong><em>τοῦ</em></strong></span> <span class='ocrx_word' id='word_1_19' title='bbox 1472 298 1675 366; x_wconf 87' lang='grc' dir='ltr'><strong><em>παντὸς</em></strong></span> <span class='ocrx_word' id='word_1_20' title='bbox 1705 299 1887 372; x_wconf 80' lang='grc' dir='ltr'><em>μέρος,</em></span> 
     </span>
     <span class='ocr_line' id='line_1_4' title="bbox 280 378 1052 456; baseline 0 -18"><span class='ocrx_word' id='word_1_21' title='bbox 280 382 339 438; x_wconf 89' lang='grc' dir='ltr'><strong><em>τὸ</em></strong></span> <span class='ocrx_word' id='word_1_22' title='bbox 374 383 434 439; x_wconf 77' lang='grc' dir='ltr'><strong><em>δὲ</em></strong></span> <span class='ocrx_word' id='word_1_23' title='bbox 464 379 658 439; x_wconf 82' lang='grc' dir='ltr'><strong><em>λοιπὸν</em></strong></span> <span class='ocrx_word' id='word_1_24' title='bbox 688 378 866 456; x_wconf 80' lang='grc' dir='ltr'><strong><em>ἀργὴν</em></strong></span> <span class='ocrx_word' id='word_1_25' title='bbox 895 378 1052 454; x_wconf 75' lang='grc' dir='ltr'><strong><em>ὕλην.</em></strong></span> 
     </span>
     <span class='ocr_line' id='line_1_5' title="bbox 408 463 1887 539; baseline 0.001 -17"><span class='ocrx_word' id='word_1_26' title='bbox 408 470 455 522; x_wconf 81' lang='lat'><strong><em>3.</em></strong></span> <span class='ocrx_word' id='word_1_27' title='bbox 490 463 729 522; x_wconf 77' lang='grc' dir='ltr'><strong><em>Πλάτων</em></strong></span> <span class='ocrx_word' id='word_1_28' title='bbox 772 466 832 522; x_wconf 74' lang='grc' dir='ltr'><strong><em>δὲ</em></strong></span> <span class='ocrx_word' id='word_1_29' title='bbox 871 472 1220 539; x_wconf 81' lang='grc' dir='ltr'><strong><em>τεκμαίρεται</em></strong></span> <span class='ocrx_word' id='word_1_30' title='bbox 1260 463 1320 522; x_wconf 83' lang='grc' dir='ltr'><strong><em>τὸ</em></strong></span> <span class='ocrx_word' id='word_1_31' title='bbox 1364 468 1593 538; x_wconf 78' lang='grc' dir='ltr'><strong><em>δοκοῦν,</em></strong></span> <span class='ocrx_word' id='word_1_32' title='bbox 1638 465 1720 524; x_wconf 82' lang='grc' dir='ltr'><strong><em>ὅτι</em></strong></span> <span class='ocrx_word' id='word_1_33' title='bbox 1753 463 1887 535; x_wconf 83' lang='grc' dir='ltr'><strong><em>εἶςὸ</em></strong></span> 
     </span>
     <span class='ocr_line' id='line_1_6' title="bbox 280 547 1930 624; baseline 0.001 -17"><span class='ocrx_word' id='word_1_34' title='bbox 280 547 489 623; x_wconf 83' lang='grc' dir='ltr'><strong><em>κόσμος</em></strong></span> <span class='ocrx_word' id='word_1_35' title='bbox 510 551 600 606; x_wconf 88' lang='grc' dir='ltr'><strong><em>καὶ</em></strong></span> <span class='ocrx_word' id='word_1_36' title='bbox 633 554 693 607; x_wconf 80' lang='grc' dir='ltr'><strong><em>ἓν</em></strong></span> <span class='ocrx_word' id='word_1_37' title='bbox 722 547 783 606; x_wconf 85' lang='grc' dir='ltr'><strong><em>τὸ</em></strong></span> <span class='ocrx_word' id='word_1_38' title='bbox 824 552 935 607; x_wconf 79' lang='grc' dir='ltr'><strong><em>πᾶν</em></strong></span> <span class='ocrx_word' id='word_1_39' title='bbox 983 552 1041 606; x_wconf 84' lang='grc' dir='ltr'><strong><em>ἐκ</em></strong></span> <span class='ocrx_word' id='word_1_40' title='bbox 1081 553 1273 624; x_wconf 82' lang='grc' dir='ltr'><strong><em>τριῶν’</em></strong></span> <span class='ocrx_word' id='word_1_41' title='bbox 1335 553 1394 607; x_wconf 85' lang='grc' dir='ltr'><strong><em>ἐκ</em></strong></span> <span class='ocrx_word' id='word_1_42' title='bbox 1423 573 1521 607; x_wconf 88' lang='grc' dir='ltr'><strong><em>του</em></strong></span> <span class='ocrx_word' id='word_1_43' title='bbox 1554 547 1628 624; x_wconf 87' lang='grc' dir='ltr'><strong><em>μὴ</em></strong></span> <span class='ocrx_word' id='word_1_44' title='bbox 1659 557 1887 609; x_wconf 82' lang='grc' dir='ltr'><strong><em>ἔσεσθαι</em></strong></span> <span class='ocrx_word' id='word_1_45' title='bbox 1910 570 1930 602; x_wconf 82' lang='lat'>5</span> 
     </span>
     <span class='ocr_line' id='line_1_7' title="bbox 279 631 1890 735; baseline 0.001 -44"><span class='ocrx_word' id='word_1_46' title='bbox 279 636 508 707; x_wconf 86' lang='grc' dir='ltr'><strong><em>τέλειον,</em></strong></span> <span class='ocrx_word' id='word_1_47' title='bbox 543 631 639 691; x_wconf 83' lang='grc' dir='ltr'><strong><em>ε’ἀν</em></strong></span> <span class='ocrx_word' id='word_1_48' title='bbox 670 631 744 706; x_wconf 83' lang='grc' dir='ltr'><strong><em>μὴ</em></strong></span> <span class='ocrx_word' id='word_1_49' title='bbox 775 655 955 691; x_wconf 90' lang='grc' dir='ltr'><strong><em>παντα</em></strong></span> <span class='ocrx_word' id='word_1_50' title='bbox 981 635 1294 709; x_wconf 80' lang='grc' dir='ltr'><strong><em>ἐμπεριέχῃ</em></strong></span> <span class='ocrx_word' id='word_1_51' title='bbox 1345 636 1403 691; x_wconf 83' lang='grc' dir='ltr'><strong><em>ἐκ</em></strong></span> <span class='ocrx_word' id='word_1_52' title='bbox 1427 636 1525 691; x_wconf 80' lang='grc' dir='ltr'><strong><em>τοῦ</em></strong></span> <span class='ocrx_word' id='word_1_53' title='bbox 1539 633 1641 735; x_wconf 31' lang='grc' dir='ltr'><strong><em>,μὴ’</em></strong></span> <span class='ocrx_word' id='word_1_54' title='bbox 1659 640 1890 693; x_wconf 81' lang='grc' dir='ltr'><strong><em>ἔσεσθαι</em></strong></span> 
     </span>
     <span class='ocr_line' id='line_1_8' title="bbox 279 715 1892 818; baseline 0.001 -42"><span class='ocrx_word' id='word_1_55' title='bbox 279 716 469 791; x_wconf 80' lang='grc' dir='ltr'><strong><em>ὅμοιον</em></strong></span> <span class='ocrx_word' id='word_1_56' title='bbox 500 742 574 795; x_wconf 90' lang='grc' dir='ltr'><strong><em>τῳ</em></strong></span> <span class='ocrx_word' id='word_1_57' title='bbox 606 722 1031 818; x_wconf 78' lang='grc' dir='ltr'><strong><em>παραδείγματι,</em></strong></span> <span class='ocrx_word' id='word_1_58' title='bbox 1065 715 1161 775; x_wconf 92' lang='grc' dir='ltr'><strong><em>εἀν</em></strong></span> <span class='ocrx_word' id='word_1_59' title='bbox 1185 717 1258 791; x_wconf 88' lang='grc' dir='ltr'><strong><em>μὴ</em></strong></span> <span class='ocrx_word' id='word_1_60' title='bbox 1281 717 1584 791; x_wconf 81' lang='grc' dir='ltr'><strong><em>μονογενὴς</em></strong></span> <span class='ocrx_word' id='word_1_61' title='bbox 1607 719 1667 793; x_wconf 76' lang='grc' dir='ltr'><strong><em>ᾐ·</em></strong></span> <span class='ocrx_word' id='word_1_62' title='bbox 1704 722 1763 776; x_wconf 81' lang='grc' dir='ltr'><strong><em>ἐκ</em></strong></span> <span class='ocrx_word' id='word_1_63' title='bbox 1793 722 1892 778; x_wconf 81' lang='grc' dir='ltr'><strong><em>τοῦ</em></strong></span> 
     </span>
     <span class='ocr_line' id='line_1_9' title="bbox 279 796 1889 878; baseline 0.001 -19"><span class='ocrx_word' id='word_1_64' title='bbox 279 801 353 876; x_wconf 85' lang='grc' dir='ltr'><strong><em>μὴ</em></strong></span> <span class='ocrx_word' id='word_1_65' title='bbox 408 809 636 860; x_wconf 82' lang='grc' dir='ltr'><strong><em>ἔσεσθαι</em></strong></span> <span class='ocrx_word' id='word_1_66' title='bbox 687 800 1014 875; x_wconf 77' lang='grc' dir='ltr'><strong><em>ἄφθαρτον,</em></strong></span> <span class='ocrx_word' id='word_1_67' title='bbox 1069 800 1165 859; x_wconf 86' lang='grc' dir='ltr'><strong><em>εἀν</em></strong></span> <span class='ocrx_word' id='word_1_68' title='bbox 1215 827 1267 860; x_wconf 89' lang='grc' dir='ltr'><strong><em>τι</em></strong></span> <span class='ocrx_word' id='word_1_69' title='bbox 1321 805 1561 874; x_wconf 81' lang='grc' dir='ltr'><strong><em>ἐξωτέρω</em></strong></span> <span class='ocrx_word' id='word_1_70' title='bbox 1615 800 1786 861; x_wconf 81' lang='grc' dir='ltr'><strong><em>αὐτου</em></strong></span> <span class='ocrx_word' id='word_1_71' title='bbox 1837 796 1889 878; x_wconf 77' lang='grc' dir='ltr'><strong><em>ᾗ.</em></strong></span> 
     </span>
     <span class='ocr_line' id='line_1_10' title="bbox 279 884 1892 959; baseline 0.002 -18"><span class='ocrx_word' id='word_1_72' title='bbox 279 891 326 942; x_wconf 79' lang='lat'><strong><em>4.</em></strong></span> <span class='ocrx_word' id='word_1_73' title='bbox 360 885 495 959; x_wconf 85' lang='grc' dir='ltr'><strong><em>πρὸς</em></strong></span> <span class='ocrx_word' id='word_1_74' title='bbox 527 887 589 943; x_wconf 91' lang='grc' dir='ltr'><strong><em>δε</em></strong></span> <span class='ocrx_word' id='word_1_75' title='bbox 618 884 715 944; x_wconf 86' lang='grc' dir='ltr'><strong><em>τὸν</em></strong></span> <span class='ocrx_word' id='word_1_76' title='bbox 739 885 1015 945; x_wconf 86' lang='grc' dir='ltr'><strong><em>Πλατωνα</em></strong></span> <span class='ocrx_word' id='word_1_77' title='bbox 1039 888 1262 944; x_wconf 83' lang='grc' dir='ltr'><strong><em>λεκτέον</em></strong></span> <span class='ocrx_word' id='word_1_78' title='bbox 1291 885 1373 944; x_wconf 82' lang='grc' dir='ltr'><strong><em>ὅτι</em></strong></span> <span class='ocrx_word' id='word_1_79' title='bbox 1405 884 1471 944; x_wconf 81' lang='grc' dir='ltr'><strong><em>οὗ</em></strong></span> <span class='ocrx_word' id='word_1_80' title='bbox 1502 889 1706 953; x_wconf 88' lang='grc' dir='ltr'><strong><em>τέλειος</em></strong></span> <span class='ocrx_word' id='word_1_81' title='bbox 1735 886 1764 945; x_wconf 96' lang='lat'><em>6</em></span> <span class='ocrx_word' id='word_1_82' title='bbox 1796 886 1892 945; x_wconf 86' lang='grc' dir='ltr'><strong><em>κό-</em></strong></span> 
     </span>
     <span class='ocr_line' id='line_1_11' title="bbox 176 966 1982 1049; baseline 0.002 -24"><span class='ocrx_word' id='word_1_83' title='bbox 176 992 260 1033; x_wconf 79' lang='lat'>(842)</span> <span class='ocrx_word' id='word_1_84' title='bbox 281 988 432 1043; x_wconf 88' lang='grc' dir='ltr'><strong><em>σμος,</em></strong></span> <span class='ocrx_word' id='word_1_85' title='bbox 466 966 599 1028; x_wconf 78' lang='grc' dir='ltr'><strong><em>οὐδὲ</em></strong></span> <span class='ocrx_word' id='word_1_86' title='bbox 629 970 733 1045; x_wconf 77' lang='grc' dir='ltr'><strong><em>γὰρ</em></strong></span> <span class='ocrx_word' id='word_1_87' title='bbox 765 969 830 1027; x_wconf 79' lang='grc' dir='ltr'><strong><em>τὰ</em></strong></span> <span class='ocrx_word' id='word_1_88' title='bbox 860 968 1041 1028; x_wconf 75' lang='grc' dir='ltr'><strong><em>πάντα</em></strong></span> <span class='ocrx_word' id='word_1_89' title='bbox 1065 972 1329 1044; x_wconf 83' lang='grc' dir='ltr'><strong><em>περιέχει·</em></strong></span> <span class='ocrx_word' id='word_1_90' title='bbox 1363 973 1454 1028; x_wconf 84' lang='grc' dir='ltr'><strong><em>καὶ</em></strong></span> <span class='ocrx_word' id='word_1_91' title='bbox 1481 968 1636 1046; x_wconf 70' lang='grc' dir='ltr'><strong><em>γάρὸ</em></strong></span> <span class='ocrx_word' id='word_1_92' title='bbox 1670 968 1890 1045; x_wconf 75' lang='grc' dir='ltr'><strong><em>ἅνθρω-</em></strong></span> <span class='ocrx_word' id='word_1_93' title='bbox 1915 991 1953 1023; x_wconf 84' lang='grc'><strong><em>10</em></strong></span> <span class='ocrx_word' id='word_1_94' title='bbox 1978 1045 1982 1049; x_wconf 12' lang='grc' dir='ltr'><strong><em>ὁ</em></strong></span> 
     </span>
     <span class='ocr_line' id='line_1_12' title="bbox 279 1051 1890 1129; baseline 0.001 -18"><span class='ocrx_word' id='word_1_95' title='bbox 279 1053 378 1121; x_wconf 89' lang='grc' dir='ltr'><strong><em>πός</em></strong></span> <span class='ocrx_word' id='word_1_96' title='bbox 411 1059 524 1113; x_wconf 85' lang='grc' dir='ltr'><strong><em>ἐστι</em></strong></span> <span class='ocrx_word' id='word_1_97' title='bbox 553 1056 775 1126; x_wconf 89' lang='grc' dir='ltr'><strong><em>τέλειος,</em></strong></span> <span class='ocrx_word' id='word_1_98' title='bbox 807 1051 931 1111; x_wconf 78' lang='grc' dir='ltr'><strong><em>ἀλλ’</em></strong></span> <span class='ocrx_word' id='word_1_99' title='bbox 965 1052 1032 1111; x_wconf 79' lang='grc' dir='ltr'><strong><em>οὐ</em></strong></span> <span class='ocrx_word' id='word_1_100' title='bbox 1063 1054 1245 1113; x_wconf 76' lang='grc' dir='ltr'><strong><em>πάντα</em></strong></span> <span class='ocrx_word' id='word_1_101' title='bbox 1275 1059 1545 1129; x_wconf 85' lang='grc' dir='ltr'><strong><em>περιέχει·</em></strong></span> <span class='ocrx_word' id='word_1_102' title='bbox 1591 1057 1682 1112; x_wconf 84' lang='grc' dir='ltr'><strong><em>καὶ</em></strong></span> <span class='ocrx_word' id='word_1_103' title='bbox 1715 1055 1890 1113; x_wconf 78' lang='grc' dir='ltr'><strong><em>πολλὰ</em></strong></span> 
     </span>
     <span class='ocr_line' id='line_1_13' title="bbox 279 1136 1891 1214; baseline 0.001 -18"><span class='ocrx_word' id='word_1_104' title='bbox 279 1137 698 1211; x_wconf 76' lang='grc' dir='ltr'><strong><em>παραδείγματά</em></strong></span> <span class='ocrx_word' id='word_1_105' title='bbox 749 1142 926 1210; x_wconf 84' lang='grc' dir='ltr'><strong><em>ἐστιν,</em></strong></span> <span class='ocrx_word' id='word_1_106' title='bbox 989 1136 1174 1212; x_wconf 74' lang='grc' dir='ltr'><strong><em>ὥσπερ</em></strong></span> <span class='ocrx_word' id='word_1_107' title='bbox 1241 1136 1325 1196; x_wconf 85' lang='grc' dir='ltr'><strong><em>ἐπ’</em></strong></span> <span class='ocrx_word' id='word_1_108' title='bbox 1380 1137 1732 1214; x_wconf 77' lang='grc' dir='ltr'><strong><em>ἀνδριάντων</em></strong></span> <span class='ocrx_word' id='word_1_109' title='bbox 1797 1142 1891 1197; x_wconf 89' lang='grc' dir='ltr'><strong><em>καὶ</em></strong></span> 
     </span>
     <span class='ocr_line' id='line_1_14' title="bbox 280 1224 1890 1297; baseline 0.001 -17"><span class='ocrx_word' id='word_1_110' title='bbox 280 1226 472 1281; x_wconf 73' lang='grc' dir='ltr'><strong><em>οἰκιῶν</em></strong></span> <span class='ocrx_word' id='word_1_111' title='bbox 502 1226 596 1280; x_wconf 88' lang='grc' dir='ltr'><strong><em>καὶ</em></strong></span> <span class='ocrx_word' id='word_1_112' title='bbox 638 1226 996 1297; x_wconf 72' lang='grc' dir='ltr'><strong><em>ζῳγραφιῶν·</em></strong></span> <span class='ocrx_word' id='word_1_113' title='bbox 1045 1226 1160 1290; x_wconf 73' lang='grc' dir='ltr'><strong><em>πῶς</em></strong></span> <span class='ocrx_word' id='word_1_114' title='bbox 1202 1224 1262 1280; x_wconf 75' lang='grc' dir='ltr'><strong><em>δὲ</em></strong></span> <span class='ocrx_word' id='word_1_115' title='bbox 1301 1225 1536 1296; x_wconf 85' lang='grc' dir='ltr'><strong><em>τέλειος,</em></strong></span> <span class='ocrx_word' id='word_1_116' title='bbox 1571 1233 1725 1297; x_wconf 78' lang='grc' dir='ltr'><strong><em>εἴπερ</em></strong></span> <span class='ocrx_word' id='word_1_117' title='bbox 1757 1227 1890 1292; x_wconf 79' lang='grc' dir='ltr'><em>ἔξω-</em></span> 
     </span>
     <span class='ocr_line' id='line_1_15' title="bbox 278 1304 1890 1382; baseline 0 -17"><span class='ocrx_word' id='word_1_118' title='bbox 278 1311 384 1365; x_wconf 81' lang='grc' dir='ltr'><strong><em>θέν</em></strong></span> <span class='ocrx_word' id='word_1_119' title='bbox 428 1331 479 1364; x_wconf 89' lang='grc' dir='ltr'><strong><em>τι</em></strong></span> <span class='ocrx_word' id='word_1_120' title='bbox 521 1304 690 1365; x_wconf 79' lang='grc' dir='ltr'><strong><em>αὐτοῦ</em></strong></span> <span class='ocrx_word' id='word_1_121' title='bbox 733 1313 1146 1381; x_wconf 78' lang='grc' dir='ltr'><strong><em>περιδινεῖσθαι</em></strong></span> <span class='ocrx_word' id='word_1_122' title='bbox 1189 1305 1449 1378; x_wconf 82' lang='grc' dir='ltr'><strong><em>δύναται;</em></strong></span> <span class='ocrx_word' id='word_1_123' title='bbox 1501 1306 1788 1382; x_wconf 77' lang='grc' dir='ltr'><strong><em>ἄφθαρτος</em></strong></span> <span class='ocrx_word' id='word_1_124' title='bbox 1830 1309 1890 1365; x_wconf 76' lang='grc' dir='ltr'><strong><em>δὲ</em></strong></span> 
     </span>
     <span class='ocr_line' id='line_1_16' title="bbox 279 1388 1953 1465; baseline 0.001 -16"><span class='ocrx_word' id='word_1_125' title='bbox 279 1391 381 1449; x_wconf 84' lang='grc' dir='ltr'><strong><em>οὐκ</em></strong></span> <span class='ocrx_word' id='word_1_126' title='bbox 413 1397 591 1465; x_wconf 79' lang='grc' dir='ltr'><strong><em>ἔστιν,</em></strong></span> <span class='ocrx_word' id='word_1_127' title='bbox 625 1388 759 1449; x_wconf 73' lang='grc' dir='ltr'><strong><em>οὐδὲ</em></strong></span> <span class='ocrx_word' id='word_1_128' title='bbox 793 1390 1229 1464; x_wconf 79' lang='grc' dir='ltr'><strong><em>δύναται-εἷναι,</em></strong></span> <span class='ocrx_word' id='word_1_129' title='bbox 1261 1389 1522 1465; x_wconf 79' lang='grc' dir='ltr'><strong><em>γεννητὸς</em></strong></span> <span class='ocrx_word' id='word_1_130' title='bbox 1557 1389 1651 1450; x_wconf 73' lang='grc' dir='ltr'><strong><em>ὤν.</em></strong></span> <span class='ocrx_word' id='word_1_131' title='bbox 1914 1410 1953 1444; x_wconf 81' lang='lat'><strong><em>15</em></strong></span> 
     </span>
    </p>

    <p class='ocr_par' dir='ltr' id='par_1_3' title="bbox 279 1474 1950 2140">
     <span class='ocr_line' id='line_1_17' title="bbox 405 1474 1889 1552; baseline 0 -19"><span class='ocrx_word' id='word_1_132' title='bbox 405 1482 453 1533; x_wconf 80' lang='lat'><strong><em>5.</em></strong></span> <span class='ocrx_word' id='word_1_133' title='bbox 498 1474 869 1550; x_wconf 82' lang='grc' dir='ltr'><strong><em>Μητρόδωρος</em></strong></span> <span class='ocrx_word' id='word_1_134' title='bbox 897 1478 963 1533; x_wconf 88' lang='grc' dir='ltr'><strong><em>δέ</em></strong></span> <span class='ocrx_word' id='word_1_135' title='bbox 981 1495 1154 1551; x_wconf 68' lang='grc' dir='ltr'><strong><em>φησιν</em></strong></span> <span class='ocrx_word' id='word_1_136' title='bbox 1183 1474 1390 1534; x_wconf 79' lang='grc' dir='ltr'><strong><em>ἄτοπον</em></strong></span> <span class='ocrx_word' id='word_1_137' title='bbox 1415 1475 1558 1534; x_wconf 80' lang='grc' dir='ltr'><strong><em>εἶναι</em></strong></span> <span class='ocrx_word' id='word_1_138' title='bbox 1581 1480 1640 1534; x_wconf 81' lang='grc' dir='ltr'><strong><em>ἐν</em></strong></span> <span class='ocrx_word' id='word_1_139' title='bbox 1670 1475 1889 1552; x_wconf 79' lang='grc' dir='ltr'><strong><em>μεγάλῳ</em></strong></span> 
     </span>
     <span class='ocr_line' id='line_1_18' title="bbox 280 1558 1890 1637; baseline 0.001 -21"><span class='ocrx_word' id='word_1_140' title='bbox 280 1566 455 1637; x_wconf 88' lang='grc' dir='ltr'><strong><em>πεδίῳ</em></strong></span> <span class='ocrx_word' id='word_1_141' title='bbox 509 1563 608 1618; x_wconf 82' lang='grc' dir='ltr'><strong><em>ἕνα</em></strong></span> <span class='ocrx_word' id='word_1_142' title='bbox 650 1558 860 1634; x_wconf 72' lang='grc' dir='ltr'><strong><em>στάχυν</em></strong></span> <span class='ocrx_word' id='word_1_143' title='bbox 899 1563 1247 1633; x_wconf 76' lang='grc' dir='ltr'><strong><em>γεννηθῆναι</em></strong></span> <span class='ocrx_word' id='word_1_144' title='bbox 1299 1562 1389 1618; x_wconf 80' lang='grc' dir='ltr'><strong><em>καὶ</em></strong></span> <span class='ocrx_word' id='word_1_145' title='bbox 1435 1563 1532 1618; x_wconf 78' lang='grc' dir='ltr'><strong><em>ἕνα</em></strong></span> <span class='ocrx_word' id='word_1_146' title='bbox 1582 1559 1788 1635; x_wconf 82' lang='grc' dir='ltr'><strong><em>κόσμον</em></strong></span> <span class='ocrx_word' id='word_1_147' title='bbox 1831 1562 1890 1617; x_wconf 83' lang='grc' dir='ltr'><strong><em>ἐν</em></strong></span> 
     </span>
     <span class='ocr_line' id='line_1_19' title="bbox 279 1642 1890 1721; baseline 0.001 -20"><span class='ocrx_word' id='word_1_148' title='bbox 279 1651 354 1720; x_wconf 73' lang='grc' dir='ltr'><strong><em>τῷ</em></strong></span> <span class='ocrx_word' id='word_1_149' title='bbox 398 1643 624 1721; x_wconf 77' lang='grc' dir='ltr'><strong><em>ἀπείρῳ.</em></strong></span> <span class='ocrx_word' id='word_1_150' title='bbox 696 1643 780 1702; x_wconf 78' lang='grc' dir='ltr'><strong><em>ὅτι</em></strong></span> <span class='ocrx_word' id='word_1_151' title='bbox 821 1645 883 1702; x_wconf 75' lang='grc' dir='ltr'><strong><em>δὲ</em></strong></span> <span class='ocrx_word' id='word_1_152' title='bbox 924 1642 1150 1716; x_wconf 73' lang='grc' dir='ltr'><strong><em>ἄπειρος</em></strong></span> <span class='ocrx_word' id='word_1_153' title='bbox 1181 1646 1318 1702; x_wconf 81' lang='grc' dir='ltr'><strong><em>κατὰ</em></strong></span> <span class='ocrx_word' id='word_1_154' title='bbox 1359 1645 1419 1702; x_wconf 88' lang='grc' dir='ltr'><strong><em>τὸ</em></strong></span> <span class='ocrx_word' id='word_1_155' title='bbox 1462 1649 1677 1718; x_wconf 79' lang='grc' dir='ltr'><strong><em>πλῆθος</em></strong></span> <span class='ocrx_word' id='word_1_156' title='bbox 1719 1649 1890 1718; x_wconf 83' lang='grc' dir='ltr'><strong><em>δῆλον</em></strong></span> 
     </span>
     <span class='ocr_line' id='line_1_20' title="bbox 281 1728 1888 1803; baseline 0.001 -18"><span class='ocrx_word' id='word_1_157' title='bbox 281 1732 340 1785; x_wconf 83' lang='grc' dir='ltr'><strong><em>ἐκ</em></strong></span> <span class='ocrx_word' id='word_1_158' title='bbox 370 1732 470 1787; x_wconf 84' lang='grc' dir='ltr'><strong><em>τοῦ</em></strong></span> <span class='ocrx_word' id='word_1_159' title='bbox 508 1751 709 1803; x_wconf 88' lang='grc' dir='ltr'><strong><em>απειρα</em></strong></span> <span class='ocrx_word' id='word_1_160' title='bbox 748 1753 814 1785; x_wconf 92' lang='grc' dir='ltr'><strong><em>τα</em></strong></span> <span class='ocrx_word' id='word_1_161' title='bbox 855 1738 1002 1785; x_wconf 79' lang='grc' dir='ltr'><strong><em>αἴτια</em></strong></span> <span class='ocrx_word' id='word_1_162' title='bbox 1037 1728 1191 1786; x_wconf 81' lang='grc' dir='ltr'><strong><em>εἶναι.</em></strong></span> <span class='ocrx_word' id='word_1_163' title='bbox 1265 1734 1316 1786; x_wconf 85' lang='grc' dir='ltr'><strong><em>εἰ</em></strong></span> <span class='ocrx_word' id='word_1_164' title='bbox 1343 1753 1447 1803; x_wconf 90' lang='grc' dir='ltr'><strong><em>γαρ</em></strong></span> <span class='ocrx_word' id='word_1_165' title='bbox 1488 1728 1516 1787; x_wconf 90' lang='lat'><em>6</em></span> <span class='ocrx_word' id='word_1_166' title='bbox 1557 1754 1659 1802; x_wconf 92' lang='grc' dir='ltr'><strong><em>μεν</em></strong></span> <span class='ocrx_word' id='word_1_167' title='bbox 1688 1728 1888 1801; x_wconf 88' lang='grc' dir='ltr'><strong><em>κόσμος</em></strong></span> 
     </span>
     <span class='ocr_line' id='line_1_21' title="bbox 231 1808 1950 1887; baseline 0 -18"><span class='ocrx_word' id='word_1_168' title='bbox 231 1814 717 1886; x_wconf 51' lang='grc' dir='ltr'><strong><em>ὒπεπερασμένος,</em></strong></span> <span class='ocrx_word' id='word_1_169' title='bbox 759 1836 825 1868; x_wconf 92' lang='grc' dir='ltr'><strong><em>τα</em></strong></span> <span class='ocrx_word' id='word_1_170' title='bbox 869 1812 928 1868; x_wconf 90' lang='grc' dir='ltr'><strong><em>δε</em></strong></span> <span class='ocrx_word' id='word_1_171' title='bbox 970 1821 1117 1869; x_wconf 77' lang='grc' dir='ltr'><strong><em>αἴτια</em></strong></span> <span class='ocrx_word' id='word_1_172' title='bbox 1158 1834 1337 1869; x_wconf 85' lang='grc' dir='ltr'><strong><em>παντα</em></strong></span> <span class='ocrx_word' id='word_1_173' title='bbox 1377 1810 1604 1887; x_wconf 75' lang='grc' dir='ltr'><strong><em>ἄπειρα,</em></strong></span> <span class='ocrx_word' id='word_1_174' title='bbox 1648 1815 1699 1880; x_wconf 82' lang='grc' dir='ltr'><strong><em>ἐξ</em></strong></span> <span class='ocrx_word' id='word_1_175' title='bbox 1743 1837 1823 1870; x_wconf 88' lang='grc' dir='ltr'><strong><em>ων</em></strong></span> <span class='ocrx_word' id='word_1_176' title='bbox 1852 1808 1880 1869; x_wconf 89' lang='lat'><em>6</em></span> <span class='ocrx_word' id='word_1_177' title='bbox 1909 1831 1950 1864; x_wconf 83' lang='lat'><strong><em>20</em></strong></span> 
     </span>
     <span class='ocr_line' id='line_1_22' title="bbox 280 1892 1887 1970; baseline 0 -17"><span class='ocrx_word' id='word_1_178' title='bbox 280 1894 479 1969; x_wconf 79' lang='grc' dir='ltr'><strong><em>κόσμος</em></strong></span> <span class='ocrx_word' id='word_1_179' title='bbox 515 1897 761 1970; x_wconf 87' lang='grc' dir='ltr'><strong><em>[γέγονεν</em></strong></span> <span class='ocrx_word' id='word_1_180' title='bbox 775 1894 872 1969; x_wconf 85' lang='grc'><strong><em>,]’</em></strong></span> <span class='ocrx_word' id='word_1_181' title='bbox 845 1894 1058 1968; x_wconf 83' lang='grc' dir='ltr'><strong><em>ανάγκη</em></strong></span> <span class='ocrx_word' id='word_1_182' title='bbox 1089 1892 1352 1970; x_wconf 87' lang='grc' dir='ltr'><strong><em>απείρους</em></strong></span> <span class='ocrx_word' id='word_1_183' title='bbox 1395 1896 1550 1954; x_wconf 81' lang='grc' dir='ltr'><strong><em>εἶναι.</em></strong></span> <span class='ocrx_word' id='word_1_184' title='bbox 1612 1894 1752 1955; x_wconf 79' lang='grc' dir='ltr'><strong><em>ὅπου</em></strong></span> <span class='ocrx_word' id='word_1_185' title='bbox 1783 1921 1887 1969; x_wconf 89' lang='grc' dir='ltr'><strong><em>γαρ</em></strong></span> 
     </span>
     <span class='ocr_line' id='line_1_23' title="bbox 280 1977 1889 2054; baseline 0.001 -17"><span class='ocrx_word' id='word_1_186' title='bbox 280 1980 345 2037; x_wconf 78' lang='grc' dir='ltr'><strong><em>τὰ</em></strong></span> <span class='ocrx_word' id='word_1_187' title='bbox 365 1979 545 2038; x_wconf 77' lang='grc' dir='ltr'><strong><em>πάντα</em></strong></span> <span class='ocrx_word' id='word_1_188' title='bbox 567 1983 795 2053; x_wconf 89' lang='grc' dir='ltr'><strong><em>γέγονεν</em></strong></span> <span class='ocrx_word' id='word_1_189' title='bbox 817 1988 981 2052; x_wconf 79' lang='grc' dir='ltr'><strong><em>αἴτια,</em></strong></span> <span class='ocrx_word' id='word_1_190' title='bbox 1008 1983 1123 2037; x_wconf 78' lang='grc' dir='ltr'><strong><em>ἐκεῖ</em></strong></span> <span class='ocrx_word' id='word_1_191' title='bbox 1139 1982 1231 2037; x_wconf 87' lang='grc' dir='ltr'><strong><em>καὶ</em></strong></span> <span class='ocrx_word' id='word_1_192' title='bbox 1254 1977 1679 2054; x_wconf 73' lang='grc' dir='ltr'><strong><em>ἀποτελέσματα.</em></strong></span> <span class='ocrx_word' id='word_1_193' title='bbox 1741 1989 1889 2038; x_wconf 73' lang='grc' dir='ltr'><strong><em>αι”τια</em></strong></span> 
     </span>
     <span class='ocr_line' id='line_1_24' title="bbox 283 2060 1323 2140; baseline 0 -19"><span class='ocrx_word' id='word_1_194' title='bbox 283 2066 342 2122; x_wconf 75' lang='grc' dir='ltr'><strong><em>δὲ</em></strong></span> <span class='ocrx_word' id='word_1_195' title='bbox 375 2063 492 2137; x_wconf 82' lang='grc' dir='ltr'><strong><em>ἤτοι</em></strong></span> <span class='ocrx_word' id='word_1_196' title='bbox 525 2069 585 2122; x_wconf 76' lang='grc' dir='ltr'><strong><em>αἱ</em></strong></span> <span class='ocrx_word' id='word_1_197' title='bbox 612 2062 828 2140; x_wconf 74' lang='grc' dir='ltr'><strong><em>ἄτομοι,</em></strong></span> <span class='ocrx_word' id='word_1_198' title='bbox 862 2060 896 2136; x_wconf 82' lang='grc' dir='ltr'><em>ἢ</em></span> <span class='ocrx_word' id='word_1_199' title='bbox 927 2062 995 2120; x_wconf 75' lang='grc' dir='ltr'><strong><em>τα</em></strong></span> <span class='ocrx_word' id='word_1_200' title='bbox 1026 2061 1323 2138; x_wconf 75' lang='grc' dir='ltr'><strong><em>στοιχεῖα.”</em></strong></span> 
     </span>
    </p>
   </div>
   <div class='ocr_carea' id='block_1_3' title="bbox 172 1806 259 1848">
    <p class='ocr_par' dir='ltr' id='par_1_4' title="bbox 172 1806 259 1848">
     <span class='ocr_line' id='line_1_25' title="bbox 172 1806 259 1848; baseline -0.023 -9"><span class='ocrx_word' id='word_1_201' title='bbox 172 1806 259 1848; x_wconf 83' lang='lat'>[491]</span> 
     </span>
    </p>
   </div>
   <div class='ocr_carea' id='block_1_4' title="bbox 241 2186 1949 2787">
    <p class='ocr_par' dir='ltr' id='par_1_5' title="bbox 241 2186 1949 2787">
     <span class='ocr_line' id='line_1_26' title="bbox 279 2186 1670 2267; baseline -0.002 -16"><span class='ocrx_word' id='word_1_202' title='bbox 279 2203 486 2254; x_wconf 80' lang='lat' dir='ltr'>XXXIV.</span> <span class='ocrx_word' id='word_1_203' title='bbox 613 2189 725 2249; x_wconf 77' lang='lat' dir='ltr'><strong><em>“Ec</em></strong></span> <span class='ocrx_word' id='word_1_204' title='bbox 756 2197 995 2264; x_wconf 82' lang='grc' dir='ltr'><strong><em>ἔμψυχος</em></strong></span> <span class='ocrx_word' id='word_1_205' title='bbox 1025 2186 1052 2246; x_wconf 87' lang='lat'><em>6</em></span> <span class='ocrx_word' id='word_1_206' title='bbox 1086 2189 1284 2264; x_wconf 85' lang='grc' dir='ltr'><strong><em>κόσμος</em></strong></span> <span class='ocrx_word' id='word_1_207' title='bbox 1315 2193 1406 2248; x_wconf 88' lang='grc' dir='ltr'><strong><em>καὶ</em></strong></span> <span class='ocrx_word' id='word_1_208' title='bbox 1437 2197 1670 2267; x_wconf 76' lang='grc' dir='ltr'><strong><em>προνοίᾳ</em></strong></span> 
     </span>
     <span class='ocr_line' id='line_1_27' title="bbox 884 2274 1949 2348; baseline 0.001 -16"><span class='ocrx_word' id='word_1_209' title='bbox 884 2274 1277 2348; x_wconf 79' lang='grc' dir='ltr'><strong><em>διοικούμενος.</em></strong></span> <span class='ocrx_word' id='word_1_210' title='bbox 1906 2287 1949 2320; x_wconf 79' lang='lat'><strong><em>25</em></strong></span> 
     </span>
     <span class='ocr_line' id='line_1_28' title="bbox 412 2371 1886 2450; baseline -0.001 -19"><span class='ocrx_word' id='word_1_211' title='bbox 412 2375 508 2447; x_wconf 73' lang='lat' dir='ltr'><strong><em>[Oc</em></strong></span> <span class='ocrx_word' id='word_1_212' title='bbox 533 2374 635 2447; x_wconf 74' lang='grc' dir='ltr'><strong><em>μὲν</em></strong></span> <span class='ocrx_word' id='word_1_213' title='bbox 665 2371 819 2430; x_wconf 76' lang='grc' dir='ltr'><strong><em>ἄλλοι</em></strong></span> <span class='ocrx_word' id='word_1_214' title='bbox 850 2372 1051 2441; x_wconf 76' lang='grc' dir='ltr'><strong><em>πάντες</em></strong></span> <span class='ocrx_word' id='word_1_215' title='bbox 1083 2380 1331 2448; x_wconf 79' lang='grc' dir='ltr'><strong><em>ἔμψυχον</em></strong></span> <span class='ocrx_word' id='word_1_216' title='bbox 1360 2375 1453 2430; x_wconf 85' lang='grc' dir='ltr'><strong><em>καὶ</em></strong></span> <span class='ocrx_word' id='word_1_217' title='bbox 1483 2379 1716 2450; x_wconf 75' lang='grc' dir='ltr'><strong><em>προνοίᾳ</em></strong></span> <span class='ocrx_word' id='word_1_218' title='bbox 1750 2379 1886 2431; x_wconf 87' lang='grc' dir='ltr'><strong><em>διοι-</em></strong></span> 
     </span>
     <span class='ocr_line' id='line_1_29' title="bbox 282 2452 596 2536; baseline 0.003 -22"><span class='ocrx_word' id='word_1_219' title='bbox 282 2452 596 2536; x_wconf 65' lang='grc' dir='ltr'><strong><em>κούμενον]</em></strong></span> 
     </span>
     <span class='ocr_line' id='line_1_30' title="bbox 241 2535 1885 2621; baseline 0 -24"><span class='ocrx_word' id='word_1_220' title='bbox 241 2584 257 2605; x_wconf 65' lang='lat'><em>0</em></span> <span class='ocrx_word' id='word_1_221' title='bbox 407 2546 454 2598; x_wconf 74' lang='lat'><strong><em>2.</em></strong></span> <span class='ocrx_word' id='word_1_222' title='bbox 490 2540 835 2615; x_wconf 85' lang='grc' dir='ltr'><strong><em>Δημόκριτος</em></strong></span> <span class='ocrx_word' id='word_1_223' title='bbox 876 2535 983 2621; x_wconf 73' lang='grc' dir='ltr'><strong><em>[δὲ]</em></strong></span> <span class='ocrx_word' id='word_1_224' title='bbox 1027 2544 1118 2599; x_wconf 84' lang='grc' dir='ltr'><strong><em>καὶ</em></strong></span> <span class='ocrx_word' id='word_1_225' title='bbox 1141 2540 1493 2615; x_wconf 82' lang='grc' dir='ltr'><strong><em>Ἐπίκουρος,</em></strong></span> <span class='ocrx_word' id='word_1_226' title='bbox 1534 2544 1625 2599; x_wconf 86' lang='grc' dir='ltr'><strong><em>καὶ</em></strong></span> <span class='ocrx_word' id='word_1_227' title='bbox 1664 2539 1781 2598; x_wconf 80' lang='grc' dir='ltr'><strong><em>ὅσοι</em></strong></span> <span class='ocrx_word' id='word_1_228' title='bbox 1821 2540 1885 2598; x_wconf 80' lang='grc' dir='ltr'><strong><em>τα</em></strong></span> 
     </span>
     <span class='ocr_line' id='line_1_31' title="bbox 281 2622 1886 2699; baseline -0.001 -16"><span class='ocrx_word' id='word_1_229' title='bbox 281 2623 454 2699; x_wconf 72' lang='grc' dir='ltr'><strong><em>ἄτομα</em></strong></span> <span class='ocrx_word' id='word_1_230' title='bbox 487 2631 836 2699; x_wconf 82' lang='grc' dir='ltr'><strong><em>εἰσηγοῦνται</em></strong></span> <span class='ocrx_word' id='word_1_231' title='bbox 868 2627 959 2683; x_wconf 85' lang='grc' dir='ltr'><strong><em>καὶ</em></strong></span> <span class='ocrx_word' id='word_1_232' title='bbox 990 2624 1048 2682; x_wconf 85' lang='grc' dir='ltr'><strong><em>τὸ</em></strong></span> <span class='ocrx_word' id='word_1_233' title='bbox 1090 2624 1282 2698; x_wconf 82' lang='grc' dir='ltr'><strong><em>κενὸν,</em></strong></span> <span class='ocrx_word' id='word_1_234' title='bbox 1323 2624 1436 2684; x_wconf 77' lang='grc' dir='ltr'><em>οὔτ’</em></span> <span class='ocrx_word' id='word_1_235' title='bbox 1475 2631 1721 2699; x_wconf 82' lang='grc' dir='ltr'><strong><em>ἔμψυχον</em></strong></span> <span class='ocrx_word' id='word_1_236' title='bbox 1760 2622 1886 2682; x_wconf 73' lang='grc' dir='ltr'><strong><em>οὔτε</em></strong></span> 
     </span>
     <span class='ocr_line' id='line_1_32' title="bbox 283 2707 1948 2787; baseline 0 -20"><span class='ocrx_word' id='word_1_237' title='bbox 283 2715 516 2785; x_wconf 77' lang='grc' dir='ltr'><strong><em>προνοίᾳ</em></strong></span> <span class='ocrx_word' id='word_1_238' title='bbox 550 2715 912 2783; x_wconf 79' lang='grc' dir='ltr'><strong><em>διοικεῖσθαι,</em></strong></span> <span class='ocrx_word' id='word_1_239' title='bbox 945 2708 1115 2782; x_wconf 81' lang='grc' dir='ltr'><strong><em>φύσει</em></strong></span> <span class='ocrx_word' id='word_1_240' title='bbox 1149 2712 1215 2768; x_wconf 90' lang='grc' dir='ltr'><strong><em>δέ</em></strong></span> <span class='ocrx_word' id='word_1_241' title='bbox 1240 2734 1348 2767; x_wconf 89' lang='grc' dir='ltr'><strong><em>τινι</em></strong></span> <span class='ocrx_word' id='word_1_242' title='bbox 1380 2707 1575 2787; x_wconf 73' lang='grc' dir='ltr'><strong><em>ἀλόγῳ.</em></strong></span> <span class='ocrx_word' id='word_1_243' title='bbox 1906 2722 1948 2756; x_wconf 83' lang='lat'><strong><em>3⁰</em></strong></span> 
     </span>
    </p>
   </div>
   <div class='ocr_carea' id='block_1_5' title="bbox 394 2845 1377 2904">
    <p class='ocr_par' dir='ltr' id='par_1_6' title="bbox 394 2845 1377 2904">
     <span class='ocr_line' id='line_1_33' title="bbox 394 2845 1377 2904; baseline 0 -16"><span class='ocrx_word' id='word_1_244' title='bbox 394 2851 448 2889; x_wconf 79' lang='lat'><strong><em>24</em></strong></span> <span class='ocrx_word' id='word_1_245' title='bbox 479 2845 543 2890; x_wconf 85' lang='grc' dir='ltr'><strong><em>Εἰ</em></strong></span> <span class='ocrx_word' id='word_1_246' title='bbox 565 2846 775 2904; x_wconf 71' lang='grc' dir='ltr'><strong><em>ἔμψυχος</em></strong></span> <span class='ocrx_word' id='word_1_247' title='bbox 798 2847 865 2902; x_wconf 91' lang='lat'><strong><em>-]</em></strong></span> <span class='ocrx_word' id='word_1_248' title='bbox 899 2849 1137 2893; x_wconf 79' lang='lat' dir='ltr'><strong>Plutarch,</strong></span> <span class='ocrx_word' id='word_1_249' title='bbox 1162 2863 1204 2902; x_wconf 87' lang='lat' dir='ltr'><strong><em>p.</em></strong></span> <span class='ocrx_word' id='word_1_250' title='bbox 1232 2848 1314 2890; x_wconf 85' lang='grc'><strong><em>886</em></strong></span> <span class='ocrx_word' id='word_1_251' title='bbox 1337 2847 1377 2888; x_wconf 91' lang='lat' dir='ltr'><strong><em>d.</em></strong></span> 
     </span>
    </p>
   </div>
  </div>
 </body>
</html>
