2014 3146
254 112 357 163 302
921 109 1171 152 EUSEBII

143 251 229 292 (759)
380 231 428 284 5.
470 221 594 284 “To}
632 226 735 298 μὲν
774 217 878 282 οὗν
925 223 1197 297 κεφάλαια
1233 229 1345 282 τῶν
1394 229 1709 300 λεγομένων
1749 229 1863 284 ἐστὶ

252 317 451 368 ταῦτα·
498 307 835 382 σκεψώμεθα
869 307 919 365 δ’
959 315 1009 365 εἰ
1036 307 1223 410 ὀρθῶς
1253 311 1527 382 λέγουσιν.
1606 313 1722 368 ἐπεὶ
1752 318 1861 369 τοί-

252 419 361 451 νυν
402 392 486 451 ἐπ’
536 403 656 466 ἴσης
697 392 978 467 ἀδιάφορα
1017 392 1197 450 πάντα
1227 396 1405 466 φασὶν
1436 394 1606 467 εἶναι,
1647 398 1739 453 καὶ
1771 394 1862 452 διὰ

251 482 413 535 τοῦτο
445 477 736 536 κελεύουσι
759 480 958 551 μηδενὶ
983 487 1410 550 προστίθεσθαι,
1434 480 1572 551 μηδε
1597 479 1859 553 δοξάζειν,
1877 536 1882 546 ,

254 562 476 663 εἰκότως
517 559 615 634 ἂν,
657 563 833 635 οἶμαι,
875 560 1112 619 πύθοιτό
1143 587 1223 629 τις
1261 561 1476 635 αὐτῶν,
1509 561 1615 636 ἀρά
1644 587 1708 635 γε
1740 569 1862 621 δια-
1905 595 1926 628 5

141 646 628 721 [443]μαρτάνουσιν
679 651 737 703 οι
786 649 1074 721 διαφέρειν
1125 645 1265 704 αὐτοὶ
1321 655 1631 720 νομίζοντες
1683 643 1716 720 ἢ
1768 646 1862 718 οὕς

253 729 472 798 πάντως
501 731 636 806 γὰρ,
681 737 732 788 εί
769 731 873 804 μὲν
912 729 1343 805 ἁμαρτάνουσιν,
1377 730 1479 789 οὐκ
1508 731 1693 806 ὀρθῶς
1722 731 1864 790 ὑπο-

252 815 589 889 λαμβάνοιεν
627 814 711 874 ἄν.
789 812 927 873 ω’στε
978 814 1191 889 ἀνάγκη
1244 818 1427 888 λέγειν
1479 815 1665 883 αὐτοῖς
1721 816 1868 874 εἷναί

251 924 404 967 τινας
443 899 571 967 τοὺς
611 899 676 956 τὰ
718 903 902 972 ψευδῆ
940 902 1066 972 περὶ
1118 904 1229 958 τῶν
1280 898 1459 958 ὄντων
1513 900 1859 970 δοξάζοντας·

253 983 410 1041 αὐτοὶ
450 990 644 1042 τοίνυν
686 984 798 1041 εἶεν
837 982 906 1041 ἂν
947 990 1004 1041 οἱ
1039 983 1256 1058 τάληθῆ
1298 989 1575 1057 λέγοντες·
1623 984 1769 1042 οὕτω
1801 986 1925 1046 δὲιο

208 1092 229 1124 b
255 1077 338 1140 εἴη
379 1065 449 1125 ἂν
489 1068 697 1141 ἀληθές
735 1093 786 1126 τι
828 1072 919 1126 καὶ
951 1073 1181 1138 ψεῦδος.’
1251 1075 1299 1126 εἰ
1331 1067 1385 1126 δ’
1419 1068 1520 1143 οὐχ
1551 1066 1863 1144 ἁμαρτάνο-

251 1177 353 1226 μεν
383 1159 441 1210 οἱ
466 1156 660 1210 πολλοὶ
689 1151 755 1210 τά
784 1152 918 1210 ὄντα
950 1155 1238 1226 διαφέρειν
1268 1152 1530 1227 οἰόμενοι,
1561 1160 1619 1211 τί
1645 1153 1862 1211 παθόν-

250 1260 340 1303 τες
373 1236 800 1310 ε’πιπλήττουσιν
830 1239 991 1311 ἡμῑνς
1067 1236 1223 1295 αὐτοὶ
1253 1235 1360 1312 γὰρ
1394 1235 1763 1311 ἀμαρτάνοιεν
1793 1235 1863 1296 ἂν

252 1318 532 1389 ἀξιοῦντες
583 1322 657 1395 μὴ
711 1325 997 1396 διαφέρειν
1050 1321 1203 1380 αὐτά.
1295 1329 1343 1380 6.
1400 1325 1492 1380 καὶ
1531 1321 1642 1396 μὴν
1683 1330 1734 1381 εἰ
1771 1325 1863 1380 καὶ

255 1411 484 1480 δοίημεν
508 1405 694 1473 αὐτοις
728 1404 805 1464 ἐπ’
833 1416 954 1479 ἴσης
985 1405 1264 1480 ἀδιάφορα
1294 1405 1474 1465 πάντα
1508 1407 1670 1480 εἶναι,
1696 1411 1864 1481 δῆλον
1883 1437 1924 1470 15

253 1515 325 1557 ως
356 1488 458 1548 οὐκ
488 1516 560 1548 αν
605 1494 925 1594 διαφέροιεν
967 1488 1088 1548 οὐδ’
1137 1490 1297 1549 αὐτοὶ
1327 1517 1440 1549 των
1470 1496 1705 1550 πολλῶν.
1781 1498 1863 1559 τίς

252 1577 355 1632 οὐν
397 1586 481 1648 εἰη
526 1573 596 1632 ἂν
637 1574 827 1634 αὐτων
866 1575 901 1648 ἡ
932 1583 1127 1649 σοφίας
1195 1578 1286 1633 καὶ
1321 1576 1412 1634 διὰ
1442 1582 1499 1632 τί
1533 1582 1720 1650 Τίμων
1749 1590 1862 1643 τοῖς

252 1684 354 1732 μεν
384 1658 568 1727 ἄλλοις
600 1666 931 1732 λοιδορειται
961 1663 1115 1732 πᾶσι,
1146 1659 1431 1734 Πύρρωνα
1471 1657 1526 1718 δ’
1568 1656 1737 1734 υμνεῖ
1762 1659 1863 1734 μό-

252 1767 381 1814 νονς
429 1750 474 1802 7.
503 1751 580 1801 ἔτι
611 1769 673 1817 γε
703 1744 813 1818 μὴν
846 1751 896 1813 εἰ
926 1742 1001 1801 ἐπ’
1040 1755 1159 1817 ἴσης
1192 1748 1341 1802 ἐστὶν
1371 1742 1652 1818 ἀδιάφορα
1682 1743 1862 1802 πάντα

213 1859 229 1880 c
251 1830 341 1884 καὶ
376 1828 467 1884 διὰ
495 1831 655 1886 τοῦτο
685 1827 788 1902 χρὴ
818 1829 995 1901 μηδὲν
1019 1828 1282 1900 δοξάζειν,
1314 1828 1416 1886 οὐκ
1439 1826 1509 1884 ἂν
1532 1826 1666 1886 οὐδὲ
1686 1832 1861 1886 ταῦτα
1883 1857 1924 1889 20

252 1914 530 1986 διαφέροι
578 1915 719 1984 λέγω
754 1913 814 1969 δε
842 1913 901 1970 τὸ
934 1915 1220 1986 διαφέρειν
1251 1909 1284 1986 ἢ
1315 1912 1388 1986 μὴ
1428 1914 1734 1985 διαφέρειν,
1768 1915 1860 1970 καὶ

249 1995 310 2053 τὸ
354 1996 599 2065 δοξάζειν
641 2022 674 2069 η
717 1997 791 2070 μὴ
840 1996 1099 2066 δοξάζειν.
1176 2002 1232 2054 τί
1258 1997 1363 2069 γὰρ
1394 2001 1607 2070 μαλλον
1635 1996 1861 2054 τοιαῦτά

252 2084 400 2138 ἐστιν
431 2105 463 2153 η
495 2079 596 2138 οὐκ
629 2088 804 2150 ἔσςτιν
850 2105 905 2154 η,
931 2106 1003 2147 ως
1033 2102 1169 2154 φησι
1210 2089 1414 2155 Τίμων,
1449 2080 1539 2139 δια
1569 2088 1628 2138 τί
1653 2106 1754 2139 ναι-
1738 2083 1861 2138 ’καὶ

252 2164 343 2222 διὰ
373 2171 431 2221 τί
455 2163 542 2236 οὕ,
575 2168 667 2223 καὶ
697 2164 832 2223 αὐτὸ
862 2164 922 2223 τὸ
955 2164 1045 2223 δια
1079 2174 1158 2236 τίς
1204 2165 1452 2239 φανερὸν
1481 2157 1583 2224 οὖν
1608 2189 1678 2232 ως
1703 2163 1863 2223 ἀναι-

252 2265 426 2322 ρειται
463 2248 524 2306 τὸ
567 2258 769 2322 ζητεῖν
825 2247 965 2307 ὥστε
1015 2249 1439 2308 παυσάσθωσαν
1492 2253 1856 2323 ἐνοχλοῦντες.
1883 2277 1924 2310 25

254 2336 372 2390 ἐπεὶ
415 2340 519 2390 νῦν
558 2359 621 2407 γε
661 2333 938 2408 μεμήνασι
978 2334 1166 2409 πόρρω
1207 2338 1398 2408 τέχνης
1437 2332 1549 2408 ἅμα
1588 2334 1691 2407 μὲν
1726 2333 1859 2408 ἡμῖν

254 2417 701 2490 διακελευόμενοι
731 2417 804 2491 μὴ
838 2417 1102 2492 δοξάζειν,
1132 2417 1243 2493 ἅμα
1276 2420 1338 2476 δὲ
1368 2418 1689 2484 κελεύοντες
1727 2417 1859 2476 αὐτὸ

251 2504 411 2558 τοῦτο
441 2516 640 2574 ποιεῖν,
672 2506 764 2559 καὶ
794 2506 1046 2575 λέγοντες
1078 2501 1150 2571 ὡς
1182 2506 1309 2578 περὶ
1339 2502 1568 2570 οὐδενὸς
1616 2501 1858 2575 ἀποφαί-

206 2595 453 2643 ιῑνεσθαι
497 2588 638 2658 δέοι,
693 2585 921 2645 κᾶπειτα
973 2585 1432 2661 ἀποφαινόμενοι·
1501 2589 1592 2644 καὶ
1645 2585 1856 2654 ἀξιοῦσι

251 2671 354 2743 μὲν
393 2673 593 2742 μηδενὶ
636 2680 1175 2744 συγκατατίθεσθαι,
1220 2677 1522 2729 πείθεσθαι
1570 2667 1626 2726 δ’
1670 2668 1919 2735 αὐτοῖςεο

252 2752 599 2812 κελεύουσιν·
679 2755 794 2812 εἶτα
853 2758 1105 2828 λέγοντες
1162 2757 1339 2829 μηδὲν
1392 2756 1599 2812 εἰδέναι
1648 2753 1855 2820 πάντας

253 2842 574 2912 ἐλέγχουσιν
606 2837 678 2906 ὡς
710 2831 772 2896 εὖ
805 2839 1025 2907 εἰδότες.
1116 2846 1162 2897 8.
1226 2839 1439 2912 ἀνάγκη
1481 2862 1539 2896 τε
1577 2839 1705 2905 τοὺς
1745 2836 1855 2911 φά-
