2014 3146
303 142 405 193 226
979 140 1227 181 EUSEBII

255 256 580 316 ᾱοῖδύνατον
620 256 763 314 εἶναι
813 254 1071 328 φήσασα,
1125 260 1322 330 καίπερ
1362 254 1498 314 ἄνευ
1550 255 1777 315 εἰκότων
1817 258 1910 314 καὶ

299 340 620 414 ἀναγκαίων
639 339 843 406 αὐτοὺς
861 338 1200 408 ἀποδείξεων
1222 339 1352 407 τούς
1375 343 1502 414 περὶ
1517 347 1669 400 θεῶν
1691 339 1909 414 μύθους

302 425 508 483 πλάσαι
538 427 958 499 μαρτυραμένη;
1004 429 1084 482 11.
1119 430 1177 480 τί
1212 425 1273 481 δὲ
1303 421 1336 497 ἡ
1376 423 1571 497 ἄλογος
1604 428 1785 484 ἐθέλει
1815 432 1910 483 πί-

302 529 447 582 στις,
491 513 602 567 δέει
641 514 736 582 τῆς
778 507 886 566 ἀπὸ
916 512 1029 566 τῶν
1071 507 1260 581 νόμων
1297 517 1560 583 τιμωρίας
1602 516 1909 585 προβεβλη-

300 597 468 668 μένη;
499 616 615 661 πως
648 595 709 651 δε
738 599 892 651 θεων
927 591 1179 668 Οὐρανὸς
1211 595 1302 650 καὶ
1333 597 1418 666 Γῆ
1446 599 1680 669 πρῶτοι,
1723 600 1909 654 ἔπειτα
1932 618 1953 650 5

300 677 514 737 τούτων
566 684 814 752 ἔκγονοι,
858 675 1119 745 Ὠκεανὸς
1168 679 1261 736 καὶ
1326 677 1543 752 Τηθυς,
1586 677 1802 751 Κρόνος
1853 702 1912 737 τε

301 766 393 820 καὶ
429 762 547 822 Ῥέα
586 765 677 821 καὶ
719 760 887 835 Ζευς,
938 785 1074 836 μετα
1112 761 1342 829 τούτους
1391 761 1636 831 ἅπαντας
1668 761 1815 836 Ἡρα
1853 787 1913 821 τε

302 850 393 905 καὶ
424 870 625 914 παντες
656 872 708 905 οι
732 845 867 920 πρὸς
872 843 1111 921 Ομήρου
1142 850 1234 904 καὶ
1250 843 1510 905 Ησιόδου
1534 847 1914 922 μυθευόμενοι

302 937 497 999 παῖδες
529 935 620 989 καὶ
654 931 888 1005 ἀδελφοὶ
919 934 1010 988 καὶ
1043 938 1258 1004 ἔκγονοι
1281 932 1521 1005 τούτων,
1554 931 1718 990 ὁπότε
1741 938 1914 990 ταῦτα

304 1015 448 1073 αὕτα
479 1040 673 1091 ανῃρει
705 1019 884 1088 λέγων
1935 1039 1976 1071 10

434 1100 551 1158 12‘
557 1098 771 1173 “Ὀπερ,
805 1101 875 1174 ἠν
905 1099 954 1156 δ’
995 1098 1129 1209 ε’γω,
1170 1098 1272 1174 χρὴ
1304 1124 1524 1175 πρωτον
1555 1103 1647 1158 καὶ
1676 1099 1912 1174 μαλιστα

303 1188 641 1259 μέμφεσθαι,
675 1183 852 1251 αλλως
883 1209 941 1243 τε
971 1187 1063 1242 καὶ
1097 1183 1193 1242 εἀν
1217 1210 1296 1252 τις
1320 1185 1394 1258 μὴ
1419 1190 1596 1252 καλως
1621 1184 1910 1259 ψεύδηται.

311 1276 380 1328 Τί
406 1268 782 1340 τοῦτοςὍταν
808 1268 991 1343 εἰκάζῃ
1009 1294 1088 1336 τις
1113 1273 1291 1336 κακῶς
1322 1274 1401 1347 τῷ
1429 1269 1573 1348 λόγῳ
1604 1273 1730 1345 περὶ
1760 1273 1915 1328 θεῶν

302 1377 364 1410 τε
395 1357 486 1411 καὶ
515 1350 746 1428 ἡρώων,
778 1351 892 1411 οἷοί
919 1361 1077 1426 εἰσιν,
1111 1351 1296 1429 ὥσπερ
1329 1353 1572 1428 γραφεὺς
1603 1357 1778 1428 μηδὲν
1812 1358 1913 1413 εὀι-

192 1458 278 1499 (694)
305 1437 436 1496 κότα
465 1438 699 1513 γράφων
729 1437 811 1504 οἷς
841 1435 911 1496 ἂν
941 1437 1101 1512 ὅμοια
1132 1444 1387 1515 βουληθῇ
1419 1437 1684 1514 γραψαι.”
1936 1460 1978 1494 15

431 1526 541 1582 Καὶ
573 1522 741 1581 πάλιν

425 1607 700 1682 ((Πρῶτον
738 1608 868 1682 μὲν,
909 1601 980 1680 ἦν
1011 1608 1061 1665 δ’
1101 1607 1235 1680 ἐγώ,
1277 1607 1337 1665 τὸ
1377 1611 1635 1682 μέγιστον
1666 1611 1755 1666 καὶ
1787 1611 1915 1683 περὶ

303 1699 415 1750 τῶν
455 1699 731 1766 μεγίστων
770 1697 975 1761 ψεῦδος
1016 1688 1044 1748 ὁ
1093 1690 1265 1749 εἰπών
1303 1717 1368 1749 ov
1401 1696 1579 1759 καλῶς
1623 1691 1911 1766 ἐψεύσατο,

305 1801 376 1843 ως
412 1776 664 1876 Οὐρανός
694 1801 752 1834 τε
785 1776 1075 1850 εἰργασατο
1108 1774 1143 1832 ἅ
1172 1795 1310 1849 φησι
1342 1782 1541 1849 δρᾶσαι
1573 1775 1741 1834 αὐτὸν
1763 1775 1913 1834 Ησί-

304 1867 452 1933 οδος,
487 1859 517 1917 ὅ
547 1884 606 1917 τε
637 1853 707 1916 αὖ
730 1859 943 1931 Κρόνος
978 1885 1050 1926 ως
1083 1859 1455 1932 ἐτιμωρήσατο
1488 1859 1696 1918 αὐτόν”
1731 1863 1823 1918 καὶ
1847 1886 1913 1918 τα
1934 1883 1978 1915 20

302 1943 514 2011 τούτοις
557 1946 692 2017 ἑξῆς.
761 1948 837 2001 13.
873 1950 989 2010 πῶς
1033 1945 1094 2001 δε
1135 1950 1193 2002 οι
1227 1948 1335 2001 νῦν
1388 1949 1613 2013 ψευδεις
1666 1948 1758 2002 καὶ
1810 1945 1913 2002 οὐκ

303 2027 534 2102 αληθεις
552 2031 771 2101 ποιηταὶ
795 2027 962 2086 παλιν
986 2034 1041 2086 οι
1062 2025 1217 2086 αὐτοι
1249 2034 1402 2087 θεων
1426 2036 1642 2101 ἔκγονοι
1672 2028 1908 2102 λέγοιντ’

303 2111 401 2184 ἅνς
433 2113 571 2170 ἀλλὰ
602 2138 705 2188 γαρ
737 2111 950 2171 τούτων
982 2112 1051 2186 δὴ
1082 2138 1242 2187 χαριν
1273 2111 1628 2179 απολειπτέος
1649 2138 1750 2187 μεν
1780 2112 1914 2187 ἡμῖν

304 2191 492 2270 οὗτος,
547 2200 658 2254 δέει
708 2196 958 2258 θανατου
1007 2197 1103 2255 τὸν
1137 2197 1454 2271 Ἀθηναίων
1507 2202 1684 2272 δῆμον
1731 2209 1913 2256 καθυ-

259 2305 279 2336 b
305 2281 729 2355 ποκρινάμενος
779 2284 1034 2355 τιμητέος
1068 2283 1141 2339 δὲ
1181 2286 1422 2356 Μωσῆς,
1465 2307 1530 2339 τα
1560 2306 1619 2340 τε
1642 2278 1914 2357 Εβραίων
1936 2303 1978 2336 25

305 2365 463 2438 λόγια
494 2369 745 2439 καθαρᾶς
778 2365 1066 2440 ἐξεχόμενα
1111 2365 1299 2424 διόλου
1329 2370 1424 2439 τῆς
1454 2365 1625 2440 μόνης
1659 2365 1913 2467 ἀληθοῦς

305 2452 399 2506 και-
427 2447 708 2516 απλανοῦς
750 2448 1054 2520 εὐσεβείας.
1102 2454 1238 2508 θέα
1259 2449 1327 2524 δὴ
1355 2453 1447 2508 καὶ
1472 2450 1628 2510 αλλο

256 2571 273 2592 e
432 2544 527 2592 XV.
569 2530 810 2607 Εβραῖοι
840 2533 944 2607 τὴν
973 2538 1148 2608 μεσην
1175 2560 1288 2592 των
1318 2539 1557 2606 λογικων
1575 2533 1769 2608 φύσιν·
1788 2558 1911 2606 γεν-

305 2615 506 2690 νητὴν,
550 2614 672 2674 ἀλλ’
721 2615 823 2675 οὐκ
863 2618 1172 2692 ἀγέννητον
1200 2619 1357 2679 ἐἶναί
1392 2638 1543 2692 φασι.
1611 2617 1818 2690 ταύτην
1850 2618 1913 2675 δὲ

307 2707 384 2767 είς
414 2699 610 2775 νοερας
641 2699 831 2769 οὐσίας
857 2706 1198 2778 διαιροῦντες
1221 2707 1299 2781 τῷ
1328 2702 1471 2780 λόγῳ
1503 2701 1789 2775 πνεύματα
1820 2704 1912 2759 καὶ
1932 2723 1977 2755 30

418 2896 468 2934 11
486 2889 633 2947 ’Όπερ
654 2898 725 2944 —-]
760 2895 893 2936 Plato
915 2897 1031 2949 Rep.
1053 2899 1077 2936 3
1099 2909 1140 2949 p.
1163 2899 1276 2952 377„
