2014 3146
592 114 808 160 PRAEP.
839 115 1060 160 EVANG.
1091 117 1220 159 xm.
1253 119 1291 159 7.
1649 117 1747 169 181

141 231 319 305 γήθη;
361 228 495 305 ὅπερ
538 233 629 288 καὶ
668 229 792 306 ἄρτι
824 234 1050 303 ἐλέγετο.
1112 229 1146 305 ἢ
1176 237 1348 290 πᾶσαι
1381 228 1512 305 ἡμῖν
1544 236 1750 292 ἐκεῖναι
1768 259 1859 300 (654)

143 321 205 373 αἱ
230 315 483 390 πρόσθεν
512 314 798 388 ὁμολογίαι
831 320 891 373 ἐν
919 322 1112 374 ταῖσδε
1141 331 1259 384 ταῖς
1282 315 1494 389 ὀλίγαις
1524 316 1752 392 ἡμέραις

144 404 499 474 ἐκκεχυμέναι
530 402 655 472 εἰσὶ,
679 403 773 458 καὶ
795 399 983 474 πάλαι,
1010 394 1051 457 ὦ
1075 409 1318 477 Κρίτων,
1344 393 1451 475 ἆρα
1473 409 1753 475 τηλικοίδε

141 487 396 559 γέροντες
426 483 627 558 ἄνδρες
657 484 794 559 πρὸς
825 482 1097 558 ἀλλήλους
1127 489 1348 560 σπουδῇ
1373 485 1752 561 διαλεγόμενοι

98 595 118 627 5
145 568 416 643 ἐλάθομεν
447 569 587 643 ἡμᾶς
618 566 820 637 αὐτούς
850 575 1070 628 παίδων
1099 567 1269 628 οὐδὲν
1302 574 1685 646 διαφέροντες;
1717 570 1753 645 ἢ

141 654 344 722 παντὸς
374 659 583 728 μᾶλλον
613 653 786 722 οὕτως
818 661 927 728 ἔχει
966 652 1151 728 ὥσπερ
1191 653 1312 713 τότε
1355 649 1566 728 ἐλέγετο
1597 652 1751 730 ἡμῖν,

142 750 252 798 εἴτε
292 741 466 813 φασὶν
506 744 563 797 oc
597 742 791 797 πολλοὶ
831 749 939 796 εἴτε
977 737 1079 813 μὴ,
1121 742 1214 796 καὶ
1246 749 1353 798 εἴτε
1387 745 1475 797 δεῖ
1501 739 1642 814 ἡμᾶς
1673 748 1755 798 ἔτι

137 827 317 881 τῶνδε
347 823 701 898 χαλεπώτερα
731 822 964 898 πάσχει-ν
996 833 1105 882 εἴτε
1135 825 1227 881 καὶ
1258 823 1563 898 πραότερα,
1606 822 1754 898 ὅμως

138 906 199 965 τό
238 933 300 981 γε
340 907 557 966 ἀδικεῖν
596 912 669 986 τῷ
709 906 996 966 ἀδικοῦντι
1036 910 1128 966 καὶ
1168 907 1340 966 κακὸν
1385 911 1476 965 καὶ
1523 907 1752 984 αἰσχρὸν

76 1018 117 1049 10
140 991 400 1066 τυγχάνει
429 990 494 1050 ὃν
524 995 691 1050 παντὶ
720 991 934 1070 τρόπῳς
980 993 1164 1066 φαμὲν
1193 990 1227 1066 ἢ
1258 991 1351 1063 οὕ;
1777 1017 1804 1048 b

270 1080 475 1151 Φαμέν.

266 1167 315 1220 2.
367 1159 694 1235 Οὐδαμῶς’
672 1186 778 1231 αρα
811 1166 900 1245 δεῖ
925 1158 1154 1219 ἀδικεῖν.

273 1244 354 1304 Οὐ
389 1248 540 1318 δῆτα.

271 1326 424 1387 Οὐδὲ
454 1327 823 1403 ἀδικούμενον
854 1327 960 1404 ἄρα
991 1326 1332 1402 ἄνταδικεῖν,
1372 1329 1444 1397 ὥς
1474 1335 1531 1388 οἰ
1558 1333 1752 1389 πολλοὶ

75 1437 117 1470 15
141 1423 370 1486 οἴονται,
404 1412 594 1486 ἐπειδή
624 1438 688 1486 γε
718 1411 977 1487 οὐδαμῶς
1010 1419 1100 1470 δεῖ
1125 1412 1368 1484 ἀδικεῑν;
1768 1440 1866 1485 [384]

274 1496 358 1557 Ού
390 1507 665 1571 φαίνεται.

276 1592 346 1641 Τί
375 1584 436 1640 δε
469 1582 564 1657 δή;
611 1596 946 1656 κακουργεῖν
979 1588 1082 1655 δεῖ,
1117 1574 1158 1640 ὠ
1189 1589 1431 1658 Κρίτων,
1463 1580 1496 1656 ἢ
1529 1581 1622 1654 οὕς

273 1665 356 1725 Οὐ
392 1672 482 1725 δεῖ
510 1666 709 1740 δήπου,
745 1669 786 1724 ὠ
819 1666 1128 1742 Σωκρατες.

275 1758 346 1809 Τί
373 1755 460 1821 δέ;
507 1751 968 1855 αντικακουργεῖν
1007 1755 1188 1818 κακῶς
1228 1770 1536 1826 πασχοντα,
1587 1777 1659 1819 ως
1699 1758 1758 1810 οι

6 1872 9 1875 Δ
75 1860 117 1891 20
140 1842 337 1893 πολλοί
363 1855 521 1909 φασι,
553 1842 790 1910 δίκαιον,
822 1832 856 1909 ἢ
887 1861 953 1895 ου
988 1842 1231 1906 δίκαιον,

272 1917 559 1993 Οὐδαμως.

110 2073 116 2077 .
189 2070 197 2079 ·
276 2004 347 2061 Τό
388 2004 494 2079 γαρ
535 2027 644 2062 που
685 2002 857 2062 κακὸν
897 2019 1080 2063 ποιεῖν
1125 2003 1466 2079 ἀνθρώπους
1495 2008 1597 2063 τοῦ
1627 2004 1753 2063 ἀδι-

137 2103 257 2146 κεῖν
287 2087 454 2146 ούδὲν
486 2092 752 2164 διαφέρει.

265 2177 463 2238 Καλῶς
494 2175 686 2245 λέγεις.

0 2305 10 2311 .
75 2278 117 2310 25
268 2260 315 2313 3
369 2254 512 2314 Ούτε
543 2256 650 2330 ἄρα
690 2254 1009 2317 ἀνταδικεῖν
1052 2261 1142 2314 δεῖ
1189 2254 1316 2314 οὔτε
1356 2281 1538 2322 κακως
1569 2271 1752 2315 ποιεῖν

140 2337 346 2396 ουδένα
387 2337 734 2411 ἀνθρώπων,
774 2338 901 2397 οὐδ’
946 2337 1014 2397 ἂν
1055 2341 1244 2398 ὁτιουν
1286 2359 1469 2416 πασχῃ
1520 2365 1602 2408 τις
1642 2338 1740 2399 υπ’
1782 2377 1802 2400 e

138 2421 338 2481 αὐτων.
415 2422 534 2480 ἀλλ’
579 2422 710 2496 όρα,
756 2416 797 2480 ὠ
838 2431 1088 2498 Κρίτων,
1137 2449 1308 2483 ταυτα
1347 2430 1750 2499 καθομολογῶν

136 2505 286 2573 ὅπως
316 2505 389 2581 μὴ
421 2507 569 2581 παρὰ
602 2507 768 2576 δόξαν
797 2506 1080 2583 ὁμολογῇς.
1138 2509 1263 2568 οἶδα
1294 2535 1398 2611 γαρ
1429 2507 1511 2567 ότι
1541 2509 1750 2584 ὀλίγοις

137 2593 250 2648 τισὶ
289 2595 462 2649 ταῦτα
502 2594 594 2649 καὶ
635 2598 788 2650 δοκεῖ
829 2595 920 2650 καὶ
962 2592 1121 2662 δόξει.
1198 2592 1280 2662 οἷς
1321 2596 1424 2652 οὐν
1468 2593 1612 2652 οὕτω
1656 2597 1747 2653 δέ-

73 2699 114 2731 30
141 2680 329 2732 δοκται
379 2678 471 2733 καὶ
512 2674 593 2742 οἷς
642 2675 743 2749 μὴ,
794 2675 1006 2745 τούτοις
1046 2677 1150 2735 οὐκ
1192 2686 1306 2736 ἔστι
1351 2677 1509 2752 κοινὴ
1549 2679 1748 2752 βουλὴ,

136 2757 258 2816 ἀλλ’
295 2785 508 2834 αναγκη
539 2759 768 2827 τούτους
800 2758 1055 2835 αλλήλων
1081 2777 1473 2838 καταφρονεῖν,
1503 2759 1750 2837 ὁρωντας

134 2843 200 2899 τὰ
238 2842 494 2918 αλλήλων
535 2843 900 2919 βουλεύματα.
977 2845 1170 2905 σκόπει
1211 2846 1279 2921 δὴ
1325 2849 1428 2906 οὐν
1458 2850 1550 2905 καὶ
1581 2847 1651 2904 σὺ
1683 2848 1747 2904 εὐ
