2014 3146
577 111 792 155 PRAEP
815 111 1374 154 EVANG.XV.16—18
1632 109 1734 160 373

127 227 230 330 μη,
273 226 393 284 ἀλλ’
441 229 573 326 ἐμοί.
645 223 852 284 οὐκοῦν
892 229 1034 301 φημὶ
1064 225 1164 300 τὴν
1208 223 1351 300 υλην
1392 223 1518 284 οὕτε
1560 223 1736 299 αὐτὴν
1761 244 1784 276 d

127 311 254 371 οὔτε
293 309 359 368 τά
401 311 625 384 σώματα
667 311 809 369 εἶναι
849 309 928 368 ὅν.
1005 315 1052 368 ἷ).
1087 318 1144 368 τί
1184 312 1286 368 οὐν
1333 310 1430 383 δή;
1477 303 1510 384 ἧ
1542 317 1737 385 ἔχομεν

129 395 277 469 παρὰ
314 399 484 452 ταῦτα
527 394 659 452 ἄλλο
698 421 750 452 τι
784 399 844 452 ἐν
872 400 938 470 τῇ
969 395 1138 469 φύσει
1167 399 1233 469 τῇ
1265 399 1376 452 τῶν
1407 393 1583 466 ὅλων;
1615 402 1733 453 ναί

128 486 288 539 τοῦτο
319 479 488 538 οὐδὲν
521 486 698 538 εἰπεῖν
729 487 1010 554 ποικίλον,
1031 487 1106 560 Αεί
1134 479 1260 537 τόδε
1293 475 1512 554 πρῶτον
1542 481 1644 553 μὲν
1676 484 1736 537 ἐν

84 591 104 624 5
128 562 262 639 ἡμῖν
293 562 478 633 αὐτοῖς
509 562 620 638 ἅμα
651 571 1051 640 πειραθείημεν
1084 562 1477 637 διαλεγόμενοι.
1534 570 1580 621 6.
1619 566 1735 621 ἐπεὶ

130 651 191 707 δὲ
236 649 297 707 τὰ
337 648 561 723 στόματά
602 653 716 706 ἐστι
756 648 923 723 φύσει
961 648 1270 754 τεθνηκότα
1311 651 1401 705 καὶ
1442 648 1611 749 νεκροὶ
1643 651 1736 706 καὶ

128 738 484 808 πεφορημένοι
529 736 619 791 καὶ
665 732 902 791 οὐδ’ἐν
945 758 1126 810 ταυτςο
1165 735 1428 806 μένοντα,
1474 725 1567 806 αρ’
1615 733 1738 806 οὐχὶ

126 822 224 877 τοῦ
264 822 591 887 καθέξοντος
631 817 817 884 αὐτοῖς
860 823 969 888 δεῖς
1025 817 1227 884 παντὸς
1264 821 1489 890 μᾶλλον.
1576 817 1738 890 εἰμὴ

127 903 280 977 τύχοι
314 905 374 960 δε
403 902 630 974 τούτου,
662 903 770 973 άρα
800 909 1042 975 μείνειεν
1073 899 1169 972 άν;
1211 901 1414 967 παντὸς
1443 893 1624 973 ἦττον.
1685 908 1744 958 τί

66 1017 104 1048 10
128 990 231 1045 οὐν
273 991 386 1045 ἐστι
426 987 485 1043 τὸ
539 990 910 1060 κατασχῆσον;
967 993 1017 1043 εἰ
1053 1011 1155 1060 μεν
1199 984 1268 1058 δὴ
1308 989 1400 1043 καὶ
1447 989 1610 1043 τοῦτο
1652 995 1736 1059 εἰη
1758 1003 1848 1044 (820)

130 1075 314 1145 σῶμα,
360 1070 496 1139 Διὸς
528 1074 772 1145 σωτῆρος
819 1077 972 1128 δοκεῖ
1015 1067 1086 1128 ἂν
1133 1073 1251 1145 ἐμοὶ
1295 1074 1570 1143 δεηθῆναι
1602 1067 1738 1128 αυτὸ

128 1155 553 1230 παραλυόμενον
607 1158 700 1213 καὶ
746 1154 1131 1230 σκιδνάμενον.
1219 1161 1264 1212 8.
1315 1161 1363 1211 εἰ
1405 1157 1592 1228 μέντοι
1638 1153 1739 1228 χρὴ

130 1238 262 1298 αὐτὸ
294 1239 648 1314 ἀπηλλάχθαι
687 1245 783 1313 τῆς
822 1244 935 1298 τῶν
966 1239 1239 1313 σωμάτων
1268 1238 1481 1312 πάθης,
1514 1246 1609 1297 ἵνα
1639 1238 1738 1296 κά-

129 1333 331 1392 κείνοις
355 1328 712 1399 κεκυημένοις
734 1323 836 1398 τὴν
859 1325 1085 1398 φθορὰν
1108 1323 1344 1399 ἀμύνειν
1381 1323 1612 1397 δύνηται
1647 1326 1737 1381 καὶ
1758 1341 1852 1385 [479]

66 1436 106 1469 15
131 1412 354 1484 κατέχῃ,
400 1413 516 1483 ἐμοὶ
556 1411 658 1483 μὲν
699 1406 765 1466 οὗ
799 1415 952 1468 δοκεῖ
991 1408 1124 1467 ἄλλο
1155 1434 1207 1467 τι
1239 1409 1381 1466 εἶναι
1411 1404 1444 1482 ἢ
1474 1407 1647 1482 μόνον
1676 1432 1739 1482 γε

128 1493 188 1552 τὸ
233 1491 556 1568 ἀσώματον·
614 1492 754 1567 αὕτη
800 1495 904 1569 γὰρ
953 1493 1021 1568 δὴ
1066 1492 1294 1567 φύσεων
1346 1497 1543 1551 πασῶν
1594 1492 1739 1567 μόνη

132 1582 355 1651 ἕστηκε,
410 1581 504 1635 καὶ
568 1585 717 1635 ἔστιν
769 1577 1010 1653 ἀραρυῖα
1073 1582 1166 1636 καὶ
1224 1575 1394 1636 οὐδὲν
1441 1577 1737 1652 σωματική.

130 1660 258 1721 οὔτε
288 1666 427 1735 γοῦν
458 1670 669 1736 γίνεται
700 1661 827 1721 οὔτε
858 1662 1078 1732 αὔξεται
1109 1661 1238 1721 οὔτε
1261 1670 1482 1735 κίνησιν
1506 1676 1740 1720 κινεῖται

128 1745 303 1820 ἄλλην
333 1746 632 1849 οὐδεμίαν,
665 1750 757 1804 καὶ
790 1746 880 1805 δια
909 1753 1082 1806 ταῦτα
1107 1751 1286 1815 καλῶς
1312 1753 1529 1805 δίκαιον
1561 1745 1740 1821 ἐφάνη

66 1855 108 1890 20
131 1836 475 1907 πρεσβεῦσαι
504 1830 563 1889 τὸ
595 1829 901 1906 ἀσώματον
912 1829 945 1852 ”

256 1928 425 1977 XVIII.
462 1913 754 1991 “Ἀρε’σκει
797 1918 857 1974 δε
898 1931 1013 1985 τοῖς
1052 1915 1452 1993 πρεσβυτάτοις
1492 1920 1603 1974 τῶν
1633 1913 1740 1972 άπὸ
1767 1934 1787 1966 b

128 2004 222 2072 τῆς
247 2005 508 2074 αἱρέσεως
531 2001 730 2074 ταύτης
757 2005 1185 2074 ἐξαιθεροῦσθαι
1204 2000 1403 2075 πάντα,
1428 2000 1564 2059 κατὰ
1588 2024 1740 2073 περι-

129 2084 294 2151 όδους
325 2109 476 2150 τινας
507 2110 603 2152 τας
631 2091 890 2158 μεγίστας
923 2093 1000 2153 εἰς
1031 2090 1140 2161 πῦρ
1167 2089 1474 2159 αἰθερωδες
1506 2083 1739 2143 ἀναλυο-

129 2174 314 2242 μένων
345 2166 609 2226 πάντων)

67 2279 108 2311 25
258 2255 369 2311 Καὶ
403 2255 525 2325 εξῆς
558 2251 747 2325 ἐπάγει

259 2346 306 2395 2.
344 2335 374 2356 “
387 2336 478 2395 Ἐκ
507 2335 720 2395 τούτων
763 2338 822 2394 δε
855 2337 1074 2410 δῆλον
1056 2337 1136 2395 ότι
1169 2335 1492 2411 Χρύσιππος
1527 2340 1614 2395 ἐπὶ
1644 2342 1740 2411 τῆς

130 2420 327 2488 οὐσίας
357 2420 424 2479 οὐ
455 2420 665 2494 ταύτην
695 2428 1004 2496 παρείληφε
1044 2421 1146 2495 τὴν
1187 2420 1484 2496 σύγχυσιν
1531 2421 1739 2480 ἀδύνα-

130 2530 226 2562 τον
267 2503 397 2579 γάρ·
454 2502 591 2562 ἄλλα
629 2505 730 2577 τὴν
775 2506 898 2563 ἀντὶ
936 2509 1031 2579 τῆς
1073 2511 1378 2581 μεταβολῆς
1417 2510 1736 2581 λεγομένην.

131 2589 197 2647 οὐ
231 2588 333 2663 γὰρ
364 2591 456 2646 ’ἐπὶ
487 2593 582 2662 τῆς
611 2593 713 2647 τοῦ
742 2589 948 2664 κόσμου
975 2590 1110 2648 κατὰ
1141 2590 1434 2664 περιόδους
1457 2596 1552 2664 τῆς
1581 2598 1739 2666 μεγί-
1770 2627 1790 2649 c

68 2699 109 2731 30
133 2693 263 2747 στης
282 2676 585 2748 ’γινομένης
616 2679 834 2749 φθορᾶς
874 2682 1078 2747 κυρίως
1109 2675 1608 2752 παραλαμβάνουσι
1637 2674 1739 2748 τὴν

133 2760 358 2831 φθορὰν
388 2763 445 2816 οὗ
470 2757 571 2831 τὴν
603 2765 679 2825 εἰς
710 2764 820 2832 πῦρ
851 2759 1124 2818 ἀνάλυσιν
1152 2764 1265 2819 τῶν
1295 2759 1441 2818 ὅλων
1473 2766 1738 2834 δογματί-

135 2850 344 2917 ζοντες,
385 2841 456 2915 ἣν
500 2842 567 2918 δὴ
610 2847 875 2901 καλοῦσιν
916 2844 1258 2921 ἐκπύρωσιν,
1312 2843 1432 2902 ἀλλ’
1479 2843 1602 2902 ἀντὶ
1642 2848 1737 2917 τῆς
