2014 3146
587 100 798 140 PRAEP.
832 99 1052 141 EVANG.
1086 99 1184 139 XV.
1218 101 1255 139 8.
1290 101 1326 139 9.
1673 97 1774 150 361

173 215 400 290 δόγματι
453 218 543 272 καὶ
584 219 658 292 τῷ
697 214 974 272 Πλάτωνι.
1047 214 1247 288 σχεδὸν
1286 212 1390 287 γάρ
1442 214 1499 271 τὸ
1542 217 1777 288 συνέχον

169 299 272 373 τὴν
311 304 496 357 πᾶσαν
546 305 765 371 αἵρεσιν
812 296 1047 371 τάνδρὸς
1097 296 1249 356 τοῦτ’
1302 307 1465 357 ἔ.στιν
1550 305 1597 356 3
1643 296 1677 371 ἤ
1719 323 1778 355 τε

170 385 273 458 γάρ
314 389 426 441 τῶν
465 381 683 456 ήθικων
723 383 1011 457 δογμάτων
1051 379 1320 451 ὑπόθεσις
1363 382 1780 456 ἐπηκολούθησε

169 474 235 544 τῇ
274 472 370 541 τῆς
410 476 588 542 ψυχῆς
630 466 942 544 ἀθανασία,
986 467 1045 525 τὸ
1092 470 1231 541 μέγα
1271 471 1370 525 καὶ
1403 467 1656 542 λαμπρὸν
1687 470 1778 524 καὶ

126 553 429 612 5νεανικὸν
473 558 567 626 τῆς
607 551 801 626 ἀρετῆς
845 553 936 610 διὰ
966 552 1025 609 τὸ
1066 558 1161 630 τῆς
1201 556 1379 626 ψυχῆς
1409 563 1571 610 θεῖον
1604 556 1776 610 σῶσαι

173 644 512 711 δυνηθείσης
529 683 542 709 ,
590 637 655 694 τά
676 663 733 695 τε
756 641 851 709 τῆς
882 636 1102 710 φύσεως
1126 636 1418 710 πράγματα
1442 636 1620 695 πάντα
1644 635 1780 694 κατὰ

170 723 272 794 τὴν
312 726 406 793 τῆς
447 725 626 795 ψυχῆς
661 728 935 794 διοίκησιν
966 727 1090 793 ἔσχε
1134 720 1193 777 τὸ
1224 725 1404 788 καλῶς
1446 727 1779 779 διοικεῖσθαι
1801 735 1824 767 b

174 806 468 864 δύνασθαι.
530 811 577 862 4.
613 806 762 879 ψυχὴ
800 805 904 878 γὰρ
936 809 1114 876 πᾶσα,
1161 808 1328 876 φησὶ,
1362 805 1565 872 παντὸς
1598 810 1779 877 ἐπιμε-

172 900 343 948 λεῖται
373 895 472 948 τοῦ
503 889 752 963 ἀψύχου,
785 889 966 946 πάντα
999 890 1060 946 δὲ
1090 886 1332 960 οὐρανὸν
1364 898 1655 963 περιπολεῖ
1682 889 1782 945 ἀλ-

107 1001 147 1032 10
170 974 281 1032 λοτ’
322 978 380 1032 ἐν
411 973 594 1040 ἀλλοις
627 980 798 1032 εἴδεσι
829 975 1104 1046 γινομένη.
1159 971 1298 1030 ἀλλά
1326 973 1437 1046 μὴν
1468 976 1559 1030 καὶ
1590 973 1656 1030 τὰ
1686 976 1781 1046 τῆς

172 1058 467 1133 ἐπιστήμης
500 1061 590 1116 καὶ
621 1062 716 1131 τῆς
748 1067 944 1131 σοφίας
979 1064 1054 1125 είς
1078 1056 1180 1129 τὴν
1205 1056 1528 1115 ἀθανασίαν
1558 1064 1652 1131 τῆς
1677 1071 1780 1125 ψυ-

170 1149 266 1217 χῆς
308 1141 547 1215 ἀνῆπται
586 1148 660 1219 τῷ
710 1143 979 1200 Πλάτωνι.
1063 1147 1234 1199 πᾶσαι
1274 1142 1379 1214 γὰρ
1422 1148 1484 1199 αἰ
1509 1142 1780 1216 μαθήσεις

170 1227 522 1301 ἀναμνήσεις,
556 1230 645 1284 καὶ
670 1225 774 1284 οὐκ
797 1226 974 1294 ἄλλως
999 1237 1170 1284 οἴεται
1198 1226 1478 1284 δύνασθαι
1504 1226 1780 1296 σώζεσθαι

170 1315 260 1369 καὶ
303 1312 523 1385 ζήτησιν
563 1337 653 1369 και
695 1311 972 1385 μάθησιν,
1030 1315 1081 1379 ἐξ
1123 1313 1202 1368 ὠν
1244 1311 1512 1384 ἐπιστήμη
1551 1319 1776 1381 γίνεται.

105 1422 145 1453 15
168 1401 215 1454 5.
246 1403 296 1454 εἰ
327 1398 386 1454 δε
416 1395 492 1470 μή
525 1399 673 1454 ἐστιν
703 1422 736 1468 η
768 1395 916 1470 ψυχὴ
947 1394 1253 1468 ἀθάνατος,
1287 1394 1420 1453 οὐδε
1443 1393 1775 1469 ἀνάμνησις.
1811 1422 1828 1445 c

169 1487 220 1539 εἰ
252 1483 309 1538 δε
339 1481 414 1554 μὴ
437 1485 616 1553 τοῦτο,
650 1479 782 1538 οὐδε
805 1480 1062 1554 μάθησις.
1107 1478 1332 1537 πάντων
1355 1473 1457 1537 οὖν
1480 1505 1592 1537 των
1624 1480 1780 1538 Πλά-

168 1590 340 1631 τωνος
373 1564 665 1638 δογμάτων
696 1564 935 1638 ἀτεχνως
970 1567 1349 1638 ἐξηρτημένων
1392 1568 1483 1621 καὶ
1516 1567 1781 1638 ἐκκρεμα-

167 1653 353 1722 μένων
382 1654 478 1723 τῆς
509 1674 646 1706 κατα
675 1648 778 1722 τὴν
809 1648 994 1723 ψυχὴν
1024 1648 1310 1722 θειότητός
1355 1673 1413 1706 τε
1444 1651 1536 1706 καὶ
1567 1647 1779 1707 ἀθανα-

169 1740 321 1806 σίας,
374 1731 403 1791 ὁ
445 1732 518 1807 μὴ
573 1738 877 1808 συγχωρῶν
917 1738 1076 1792 τοῦτο
1116 1733 1218 1805 τὴν
1258 1738 1443 1791 πᾶσαν
1483 1733 1780 1807 ἀνατρέπει

103 1842 145 1874 20
170 1826 509 1923 φιλοσοφίαν
549 1817 863 1885 Πλάτωνος.
948 1825 994 1876 6.
1038 1826 1119 1885 τίς
1159 1820 1265 1875 οὖν
1307 1822 1453 1875 ἐστιν
1492 1814 1520 1874 ὁ
1565 1841 1780 1890 πρωτος

169 1901 490 1976 ἐγχειρήσας
522 1902 919 1971 ἀντιτάξασθαι
950 1902 1292 1974 ἀποδείξεσι,
1337 1905 1426 1959 καὶ
1462 1902 1563 1975 τὴν
1595 1903 1781 1976 ψυχὴν

167 1986 476 2059 ἀφελέσθαι
497 1992 592 2059 τῆς
623 1987 938 2053 ἀθανασίας
970 1990 1060 2044 καὶ
1085 1991 1179 2059 τῆς
1203 1985 1370 2058 ἄλλης
1395 1986 1572 2059 πάσης
1607 1986 1782 2044 δυνά-

167 2095 337 2143 μεωςς
369 2078 450 2138 τίς
483 2078 516 2128 δ
525 2069 538 2089 '
574 2075 757 2143 ἕτερος
803 2072 908 2144 πρὸ
934 2073 1369 2143 Ἀριστοτέλους;
1401 2075 1513 2127 τῶν
1542 2072 1644 2143 μὲν
1675 2071 1779 2144 γὰρ

168 2153 353 2212 ἄλλων
395 2161 448 2212 οἱ
486 2156 588 2228 μὲν
632 2158 1007 2228 ἐπιδιαμένειν
1047 2151 1477 2228 συνεχώρησαν,
1519 2160 1577 2212 οἱ
1612 2152 1688 2226 δ’,
1732 2161 1784 2212 εἰ

105 2262 145 2295 25
168 2239 242 2312 μὴ
275 2246 366 2296 καὶ
397 2243 588 2312 τοῦτο,
624 2237 868 2312 δύναμίν
898 2263 961 2311 γε
995 2242 1054 2296 ἐν
1085 2242 1162 2314 τῷ
1192 2237 1402 2311 σώματι
1434 2241 1524 2295 καὶ
1556 2245 1780 2311 κίνησίν

167 2348 290 2381 τινα
322 2326 413 2380 καὶ
447 2330 579 2398 ἔργα
612 2325 701 2380 καὶ
728 2322 950 2395 πράξεις
975 2321 1281 2396 ἀπένειμαν
1311 2327 1405 2395 τῆς
1436 2328 1640 2397 ψυχῆς·
1677 2329 1720 2380 7.
1750 2322 1778 2380 ὁ
1805 2341 1828 2374 d

169 2409 258 2480 δε,
303 2405 522 2483 όσωπερ
554 2407 794 2466 Πλάτων
832 2406 1216 2481 ἀπεσέμνυνε
1219 2405 1278 2464 τὸ
1309 2411 1404 2479 τῆς
1435 2412 1613 2481 ψυχῆς
1645 2412 1778 2481 πρᾶ-
1800 2429 1890 2472 [473]

167 2516 305 2565 γμα,
360 2490 536 2564 ἀρχὴν
587 2495 856 2564 γενέσεως
896 2494 989 2548 καὶ
1028 2494 1170 2549 θεοῦ
1210 2498 1490 2566 παίδευμα
1533 2495 1624 2549 καὶ
1668 2517 1780 2550 των

167 2572 430 2633 απάντων
471 2575 770 2648 προστάτιν
819 2575 1275 2649 ἀποφηνάμενος,
1327 2580 1538 2634 τοσωδε
1593 2580 1780 2649 ἐφιλο-

105 2683 146 2715 30
172 2667 390 2732 νείκησε
422 2668 686 2717 καθελεῖν
717 2663 808 2717 καὶ
847 2659 1108 2734 ἀτιμάσαι
1149 2662 1241 2716 καὶ
1281 2665 1480 2734 μικροῦ
1525 2666 1644 2718 δεῖν
1674 2684 1776 2732 μη-

172 2746 267 2800 δὲν
298 2742 582 2818 ἀποφῆναι
612 2743 715 2814 τὴν
743 2744 943 2818 ψυχήν.
1017 2750 1063 2802 8.
1098 2743 1225 2802 οὔτε
1265 2743 1370 2818 γὰρ
1402 2749 1622 2817 πνεῦμα
1652 2742 1779 2801 οὔτε

166 2831 282 2901 πῦρ
314 2826 441 2886 οὔτε
465 2826 603 2896 ὅλως
627 2832 803 2902 σῶμα,
835 2825 959 2886 ἀλλ’
985 2827 1117 2886 οὐδὲ
1141 2824 1456 2902 ἀσώματον,
1490 2826 1608 2886 οἷον
1635 2828 1785 2884 εἶναι’
