2014 3146
588 127 799 168 PRAEP.
833 126 1052 169 EVANG.
1088 126 1216 168 xm.
1250 129 1288 168 3.
1654 125 1755 177 169

148 253 300 317 εἴπερ
332 267 382 300 τι
407 245 670 310 ἐξίσταιτο
693 245 787 314 τῆς
814 239 984 298 αὑτοῦ
1009 244 1186 313 ἰδέας,
1219 238 1251 314 ἢ
1280 239 1411 300 αὐτὸ
1442 237 1546 314 ὑφ’
1580 241 1754 300 αὑτοῦ

143 334 551 402 μεθίστασθαι,
591 323 624 399 ἢ
668 322 771 383 ὑπ’
815 324 1015 396 ἄλλους
1049 325 1302 399 Ἀνάγκη.
1383 325 1606 384 Οὐκοῦν
1644 323 1757 384 ὑπὸ

144 413 245 486 μὲν
275 410 445 470 ἄλλου
475 409 540 468 τὰ
571 409 764 484 ἄριστα
797 418 989 484 ἔχοντα
1019 409 1212 483 ἥκιστα
1233 408 1554 469 ἀλλοιοῦταί
1571 435 1629 468 τε
1663 414 1754 469 καὶ

146 512 403 569 κινεῖται,
434 493 555 554 οἷον
585 500 740 569 σῶμα
770 491 877 553 ὑπὸ
902 501 1094 552 σιτίων
1124 520 1181 553 τε
1212 498 1304 552 καὶ
1325 499 1507 553 ποτε-ὅν
1530 498 1620 552 καὶ
1652 496 1755 554 πό-

102 607 120 638 5
146 607 279 654 νων,
312 585 404 639 καὶ
434 585 546 638 πᾶν
575 578 754 654 φυτὸν
782 579 891 637 ὑπὸ
914 578 1179 652 εἱλήσεών
1208 603 1267 637 τε
1298 582 1387 637 καὶ
1411 577 1631 681 ἀνέμων
1663 584 1754 638 καὶ

143 670 255 724 τῶν
285 664 551 725 τοιούτων
581 664 954 738 παθημάτων,
997 661 1062 722 οὐ
1092 663 1151 721 τὸ
1181 663 1544 737 ὑγιέσταστόν
1574 689 1632 722 τε
1663 668 1754 722 καὶ

143 747 1060 825 χαριέστατονἥκισταάλλοιοῦται;
1086 752 1213 815 Πῶς
1239 746 1294 805 δ’
1320 747 1416 818 οὕ;
1449 754 1532 805 21.
1554 748 1754 822 Ψυχὴν

145 837 205 893 δὲ
236 834 302 894 οὐ
331 834 434 908 τὴν
463 832 857 907 ἀνδρειοτάτην
887 836 977 890 καὶ
1009 831 1433 942 φρονιμωτάτην
1471 830 1648 905 ἥκιστ’
1684 832 1754 890 ἄν

143 945 195 978 τι
217 919 397 988 πάθος
411 924 623 988 ἔξωθεν
644 917 894 991 ταράξειέ
907 941 965 975 τε
987 920 1078 974 και
1091 915 1437 988 αλλοιωσειε
1471 926 1560 975 N
1529 924 1600 975 αί.
1644 921 1754 975 Καὶ
1779 940 1801 972 d

81 1027 122 1059 ιο
144 1004 255 1107 μην
275 1027 384 1062 που
406 1007 498 1062 καὶ
520 1002 586 1061 τά
608 1029 670 1076 γε
694 1002 935 1072 ξύνθετα
963 1001 1142 1060 πάντα
1167 1002 1337 1075 σκεύη
1354 1026 1413 1060 τε
1430 1005 1518 1060 καὶ
1541 1008 1753 1060 οἰκοδο--

142 1089 362 1163 μήματα
385 1091 476 1146 καὶ
495 1087 866 1162 ἀμφιέσματα,
899 1087 1036 1144 κατὰ
1059 1086 1155 1145 τὸν
1176 1086 1348 1144 αὐτὸν
1377 1087 1562 1160 λόγον,
1592 1086 1658 1144 τὰ
1691 1081 1754 1144 εὖ

146 1176 477 1249 εἰργασμένα
490 1175 579 1230 καὶ
606 1175 668 1231 εὐ
691 1180 883 1246 ἔχοντα
903 1171 1011 1229 ὑπὸ
1037 1171 1238 1245 χρόνου
1260 1197 1317 1230 τε
1330 1174 1420 1229 καὶ
1435 1197 1546 1230 των
1568 1170 1753 1229 ἄλλων

144 1257 490 1333 παθημάτων
513 1255 706 1330 ἥκιστα
738 1255 1067 1314 ἀλλοιοῦται.
1094 1255 1250 1315 ’Ἐστι
1280 1261 1466 1315 ταῦτα.
1507 1261 1591 1315 22.
1626 1261 1754 1314 Πᾶν

147 1341 216 1416 δὴ
248 1343 306 1401 τό
327 1345 506 1409 κάλως
531 1350 656 1416 ἔχον
678 1367 711 1414 η
733 1340 904 1415 φύσει
928 1338 959 1413 ἢ
982 1345 1146 1415 τέχνῃ
1169 1338 1200 1413 ἢ
1225 1338 1553 1414 ἀμφοτέροις
1578 1344 1752 1414 ἐλαχί-

82 1449 120 1481 15
144 1446 280 1501 στην
291 1427 601 1536 μεταβολὴν
613 1423 700 1483 ὑπ’
720 1424 891 1483 ἄλλον
910 1428 1038 1483 ενδ
1011 1449 1202 1500 εχεται
1213 1423 1444 1483 Ἐο.ικεν
1466 1425 1628 1484 Ἀλλα
1643 1424 1755 1499 μὴν

142 1511 171 1570 5
203 1511 335 1579 θεός
366 1537 428 1585 γε
470 1514 562 1569 καὶ
600 1511 666 1568 τὰ
697 1515 795 1568 τοῦ
836 1514 980 1568 θεοῦ
1009 1509 1187 1583 πάντη
1219 1508 1413 1585 άριστα
1446 1518 1571 1584 ἔχει.
1622 1513 1754 1578 Πως

147 1600 200 1654 δ’
237 1598 330 1667 οὖς
371 1596 553 1671 Ταύτῃ
585 1621 687 1669 μεν
719 1595 786 1670 δὴ
817 1592 996 1669 ἥκιστ’
1033 1592 1103 1652 ἂν
1133 1595 1338 1662 πολλὰς
1364 1595 1580 1698 μορφὰς
1612 1604 1754 1668 ἴσχοι

142 1681 171 1740 5
203 1680 348 1749 θεός.
394 1679 628 1739 Ἠκιστα
663 1685 812 1753 δῆτα.
880 1677 1022 1738 Ἀλλ’
1059 1673 1166 1754 ἆρα
1197 1677 1358 1746 αὐτὸς
1390 1678 1559 1737 αὑτὸν
1588 1703 1749 1752 μετα-
1775 1701 1867 1741 (645)

144 1765 337 1839 βάλλοι
368 1791 438 1824 αν
469 1768 559 1823 καὶ
591 1763 829 1835 άλλοιοϊς
862 1763 1166 1866 Δηλονότι,
1201 1771 1336 1837 ἔφη,
1381 1776 1535 1837 ειπερ
1567 1761 1748 1822 ἄλλοι-

81 1871 120 1904 20
144 1856 316 1909 οῦται.
359 1856 442 1908 23.
477 1850 726 1922 Πότερον
748 1843 849 1907 οὖν
877 1852 963 1907 ἐπὶ
994 1847 1054 1906 τὸ
1085 1849 1303 1922 βέλτιόν
1334 1873 1392 1906 τε
1416 1852 1508 1906 καὶ
1529 1848 1755 1907 κάλλιον

142 1935 473 2010 μεταβάλλει
515 1933 743 2007 ἑαυτὸν,
785 1959 819 2007 η
853 1936 941 1992 ἐπὶ
972 1933 1032 1992 τὸ
1074 1949 1259 2007 χεῖρον
1290 1936 1380 1991 καὶ
1413 1944 1628 2007 αἴσχιον
1658 1930 1754 1991 αὖ·

144 2024 270 2090 τοῦς
318 2017 581 2093 Ἀνάγκη,
637 2027 773 2092 ἔφη,
827 2021 915 2077 ἐπὶ
964 2018 1024 2076 τὸ
1075 2034 1261 2092 χεῖρον
1313 2021 1542 2090 ἑαυτοῦ,
1599 2028 1752 2091 εἴπερ

143 2102 481 2163 ἀλλοιοῦται
543 2129 610 2161 ου
642 2103 747 2176 γάρ
779 2128 887 2161 που
921 2107 1083 2161 ε’νδεᾶ
1114 2127 1177 2175 γε
1210 2102 1462 2176 φήσομεν
1493 2102 1588 2159 τὸν
1617 2100 1754 2159 θεὸν

144 2189 378 2256 κάλλους
399 2185 432 2261 ἢ
454 2187 650 2261 ἀρετῆς
674 2189 831 2245 εἶναι.
879 2185 1198 2258 Ὀρθότατα,
1231 2188 1300 2259 ἠν
1323 2185 1372 2242 δ’
1403 2185 1526 2258 ἐγώ,
1559 2187 1751 2257 λέγεις.

81 2291 120 2322 25
146 2279 237 2330 καὶ
276 2270 449 2338 οὕτως
492 2278 707 2345 ἔχοντος
751 2277 907 2328 δοκει
943 2269 1013 2328 άν
1051 2277 1132 2338 τίς
1174 2290 1288 2343 σοι,
1332 2295 1374 2327 ω
1411 2272 1753 2343 Ἀδείμαντε,

149 2355 292 2414 ἑκών
324 2355 492 2413 αὑτὸν
533 2363 696 2429 χείρω
737 2370 918 2413 ποιεῖν
959 2352 1172 2427 ὃπηοῦν
1206 2352 1235 2427 ἢ
1265 2316 1420 2412 θεων
1463 2352 1497 2427 ἢ
1527 2351 1755 2427 ἀνθρώ-

146 2466 294 2510 πων;
326 2445 409 2497 24.
436 2439 760 2510 Ἀδύνατον,
793 2447 913 2512 ἔφη
967 2437 1321 2498 Ἀδύνατον’
1302 2437 1436 2513 άρα,
1470 2446 1629 2512 ἔφην,
1662 2442 1754 2495 καὶ

144 2525 283 2583 θεὸν
316 2527 532 2582 ἐθέλειν
564 2521 732 2581 αὑτὸν
763 2521 1053 2596 ἀλλοιοῦν,
1086 2521 1230 2594 ἀλλ’,
1263 2520 1335 2590 ως
1369 2530 1530 2596 ἔοικε,
1563 2523 1753 2580 κάλλι-

146 2627 270 2676 στος
302 2613 392 2666 καὶ
423 2606 640 2679 ἄριστος
682 2606 759 2664 ὢν
802 2615 878 2674 εἰς
920 2609 979 2665 τὸ
1024 2609 1265 2666 δυνατὸν
1307 2612 1528 2673 ἕκαστος
1570 2605 1753 2666 αυτῶν
1776 2630 1795 2662 1>

80 2710 120 2742 30
145 2697 296 2767 μένει
337 2691 423 2750 ἀεὶ
464 2693 649 2759 απλως
703 2696 762 2749 ἐν
799 2696 867 2766 τῇ
906 2689 1090 2792 αὑτοῦ,
1117 2698 1318 2767 μορφῇ.
1396 2697 1582 2763 Πᾶσα,
1627 2698 1752 2764 ἔφη,

146 2775 359 2850 ἀνάγκη
392 2784 574 2852 ἔμοιγε
606 2783 771 2834 δοκεῖ.
820 2775 1090 2848 Μηδεὶς’
1068 2777 1193 2850 άρα,
1226 2770 1295 2851 ἦν
1317 2773 1370 2833 δ’
1371 2775 1531 2850 ἐγώ,
1565 2769 1606 2833 ὠ
1638 2774 1754 2848 ἄρι-

148 2881 272 2935 στε,
307 2865 506 2934 λεγέτω
539 2861 672 2935 ἡμῖν
703 2865 815 2919 τῶν
845 2883 1087 2934 ποιητων
1119 2886 1191 2927 ως
