2014 3146
612 121 826 166 PRAEP.
858 121 1078 163 EVANG.
1110 122 1232 163 XIV.
1265 124 1333 165 27.
1646 119 1750 176 335

145 240 518 310 ἐπιθεωρῆσαι
537 282 550 309 ,
585 233 657 303 ὦς
688 234 757 294 ἂν
787 240 878 294 καὶ
908 243 1004 310 τῆς
1029 241 1088 294 ἐκ
1110 235 1322 294 τούτων
1352 233 1751 311 άναχωρήσεως

142 320 239 378 τὸν
270 324 323 390 ἐξ
348 319 504 395 ἡμῶν
527 318 900 395 ἀπολογισμὸν
923 321 1292 395 παράσχωμεν
1308 336 1421 388 τοῖς
1452 320 1752 394 φιλεγκλήν-

145 423 319 478 μοσιν.

489 809 744 869 ΒΙΒΛΙΟΝ
776 809 1401 850 ΠΕΝΤΕΚΑῙΔΕΚΑΤΟΝ.
1766 821 1856 861 (788)

107 905 127 938 5
770 902 1103 938 ΠΡΟΟΙΜΙΟΝ.
1770 906 1860 950 [460]

268 1005 303 1054 Ι.
347 993 461 1066 Τὴν
491 994 772 1052 πολύθεον
801 1000 913 1052 τῶν
945 997 1130 1052 ἐθνῶν
1155 992 1416 1051 ἁπάντων
1440 992 1658 1067 πλάνην
1691 997 1750 1052 ἐν

144 1077 334 1151 ἀρχαῖς
372 1083 465 1152 τῆς
506 1076 886 1152 Εύαγγελικῆς
926 1082 1404 1153 Προπαρασκευῆς
1454 1077 1749 1150 ἀπελέγξαι

142 1162 248 1235 πρὸ
278 1162 486 1220 πολλοῦ
525 1167 762 1236 θέμενος
803 1166 890 1220 ἐπὶ
935 1162 1196 1221 συστάσει
1236 1165 1328 1220 καὶ
1357 1161 1627 1238 ἀπολογίᾳ
1656 1167 1750 1236 τῆς
1776 1183 1795 1215 b

145 1251 196 1316 ἐξ
238 1244 428 1306 αὐτῶν
466 1246 896 1322 ἀναχωρήσεως,
948 1245 1018 1320 ἣν
1068 1246 1186 1321 μετ’
1235 1246 1468 1319 εὐλόγου
1517 1255 1750 1321 κρίσεως

79 1361 120 1398 10
143 1331 510 1406 πεποιήμεθα,
542 1330 607 1389 ού
638 1332 809 1405 μόνον
839 1331 969 1400 τοὺς
999 1332 1238 1405 μύθους,
1268 1329 1364 1398 οὓς
1388 1331 1457 1404 δὴ
1481 1335 1610 1406 περὶ
1638 1336 1751 1389 τῶν

143 1423 368 1474 οἰκείων
410 1420 562 1474 θεῶν
602 1422 798 1485 παῖδες
841 1420 952 1474 τῶν
983 1414 1115 1490 παρ’
1159 1415 1347 1484 αὐτοῖς
1376 1415 1662 1489 θεολόγων
1691 1438 1750 1473 τε

142 1504 232 1558 καὶ
276 1504 518 1573 ποιητῶν
558 1500 1059 1578 κεκωμωδήκασιν,
1107 1498 1247 1558 ἄλλα
1291 1504 1382 1558 καὶ
1413 1499 1626 1558 τούτων
1654 1500 1750 1568 τὰς

143 1601 542 1659 σεμνοπρεπεις
586 1585 654 1659 δὴ
694 1589 786 1643 καὶ
818 1583 1167 1658 ἀπορρήτους
1199 1593 1589 1691 φυσιολογίας,
1631 1583 1748 1642 άνω

142 1692 250 1728 που
293 1676 369 1737 εἰς
409 1668 652 1743 οὐρανὸν
691 1673 781 1728 καὶ
823 1669 888 1728 τὰ
919 1670 1128 1744 κόσμου
1158 1673 1296 1743 μέρη
1336 1668 1471 1743 πρὸς
1500 1673 1595 1742 τῆς
1627 1692 1749 1741 γεν-

78 1782 118 1814 15
142 1761 302 1820 ναίας
333 1761 664 1828 φιλοσοφίας
693 1758 1182 1828 μετενηνεγμένας,
1215 1753 1494 1830 πρώτιστα
1525 1752 1750 1812 πάντων

144 1842 204 1897 έν
246 1841 390 1910 τρισὶ
431 1853 544 1906 τοῖς
585 1838 820 1913 πρώτοις
853 1839 1240 1913 συγγράμμασι
1278 1837 1748 1914 διηρευνησάμην,

142 1930 319 1980 καίτοι
357 1924 535 1996 μηδὲν
573 1924 632 1981 τὸ
676 1923 938 1999 παράπαν
971 1929 1030 1982 ἐν
1070 1923 1281 1992 τούτοις
1320 1927 1519 1997 χρῆναι
1550 1941 1751 1996 σεμνο-

143 2015 328 2079 λογεῖν
386 2011 497 2065 τῶν
557 2006 625 2081 δὴ
684 2007 971 2081 θεολόγων
1040 2008 1224 2066 αὐτῶν
1282 2007 1745 2081 ἀποφηναμένων.

143 2097 191 2148 2.
231 2095 495 2164 τηρητέον
544 2095 683 2164 γοῦν
735 2089 808 2158 ὥς
869 2091 951 2150 ὅτι
998 2092 1232 2166 μάλιστα
1281 2098 1336 2149 οἱ
1380 2089 1788 2164 πρεσβύτατοιο

79 2203 120 2234 20
144 2179 255 2232 τῶν
286 2174 415 2249 παρ’
454 2175 639 2242 αὐτοῖς
669 2175 956 2249 θεολόγων
995 2176 1166 2233 οὐδέν
1195 2201 1246 2232 τι
1276 2179 1446 2233 πλέον
1475 2179 1570 2248 τῆς
1602 2179 1748 2232 ἱστο-

146 2267 266 2332 ρίας
308 2258 542 2332 εἰδότες,
586 2258 772 2333 μόνοις
818 2261 878 2318 δὲ
921 2275 1035 2326 τοῖς
1073 2259 1276 2333 μύθοις
1316 2261 1750 2332 προσανέχοντες

145 2343 640 2419 ἐμαρτυρήθησαν·
698 2342 836 2402 ὅθεν
878 2343 1098 2411 εἰκότως
1139 2348 1199 2402 ἐν
1229 2343 1428 2411 πάσαις
1468 2343 1667 2402 πόλεσί
1691 2365 1750 2400 τε

143 2431 235 2485 καὶ
274 2429 481 2501 κώμαις
522 2429 657 2485 κατὰ
695 2427 789 2495 τὰς
834 2434 945 2486 τῶν
985 2435 1236 2486 παλαιῶν
1278 2426 1558 2502 διηγήσεις
1597 2430 1751 2486 θεῶν

143 2515 354 2570 τελεταὶ
396 2515 486 2569 καὶ
525 2511 796 2586 μυστήρια
837 2512 1113 2586 σύμφωνα
1163 2527 1276 2580 τοῖς
1315 2517 1427 2571 τῶν
1467 2515 1751 2588 προτέρων

80 2623 120 2655 25
145 2607 404 2670 μυθικοῖς
453 2595 747 2670 διηγήμασι
778 2600 1176 2670 παραδέδοται,
1221 2593 1293 2664 ὥς
1325 2601 1491 2655 εἰσέτι
1523 2599 1614 2654 καὶ
1644 2602 1750 2654 νῦν

147 2685 257 2738 τῶν
294 2685 449 2740 θεῶν
488 2681 698 2754 γάμους
738 2684 829 2739 καὶ
870 2687 1247 2753 παιδοποιίας,
1287 2681 1535 2755 θρήνους
1569 2704 1627 2738 τε
1657 2683 1750 2737 καὶ

146 2768 347 2839 μέθας,
382 2769 472 2823 καὶ
501 2769 612 2823 τῶν
641 2766 745 2839 μὲν
775 2765 1012 2839 πλάνας,
1045 2770 1156 2825 τῶν
1188 2763 1244 2832 δ’
1281 2773 1513 2841 ἔρωτας,
1545 2768 1656 2822 τῶν
1690 2765 1750 2821 δὲ

147 2846 340 2924 ὀργάς,
394 2853 504 2907 τῶν
555 2851 614 2907 δὲ
667 2853 852 2925 ἑτέρας
903 2858 1167 2918 παντοίας
1219 2849 1508 2924 συμφοράς
1559 2872 1618 2905 τε
1658 2850 1749 2905 καὶ
