2014 3146
592 96 808 139 PRAEP.
841 97 1069 139 EVANG.
1102 98 1232 141 XIII
1255 100 1325 141 20.
1663 96 1772 149 247

151 228 388 286 ροφυεῖν
427 214 520 270 καὶ
571 212 674 285 τὴν
722 215 823 271 τοῦ
865 215 1155 314 ἐρωμένου
1208 204 1283 271 αὐ
1334 211 1518 286 ψυχὴν
1570 219 1770 289 ἔρωτος

155 300 468 370 ἐνέπλησεν.
559 300 657 373 ε’ρᾷ
684 322 786 371 μεν
815 322 945 370 ουν,
986 296 1115 356 ότου
1151 299 1211 355 δὲ
1241 297 1465 372 ἀπορεῖ,
1507 300 1600 356 καὶ
1633 296 1764 356 οὔθ’

154 380 185 438 0'
213 407 264 439 τι
304 384 588 440 πέπονθεν
628 383 814 455 οἶδεν,
862 381 984 440 οὐδ’
1032 389 1142 456 ἔχει
1182 402 1421 457 φρασαι,
1481 379 1605 440 ἀλλ’
1649 379 1770 440 οἷον

153 465 246 522 ἀπ’
284 464 454 524 ἄλλον
484 465 803 540 ὀφθαλμίας
844 463 1235 533 ἀπολελαυκώς
1275 466 1560 542 πρόφασιν
1593 473 1771 525 εἰπεῖν

107 575 130 606 5
155 550 257 609 οὐκ
289 548 444 624 ἔχει.”

280 643 326 692 2.
374 637 483 694 Καὶ
518 637 754 707 ἐπιλέγει
788 637 909 708 ἑξῆς

274 716 610 792 “Ἐπιθυμεῖ
651 722 714 777 δὲ
756 722 950 796 ἐκείνῳ
993 725 1391 794 παραπλησίως
1433 721 1552 793 μεν,
1601 717 1770 777 ἆσθε-

157 807 426 879 νεστέρως
463 805 553 874 δὲ,
586 800 752 875 ὁρᾶν,
787 801 1090 876 ἅπτεσθαι,
1140 811 1361 876 φιλεῖν,
1405 819 1772 876 συγκατακεῖ-

153 899 313 946 σθαι·
376 890 468 945 καὶ
502 886 597 988 553,
630 884 751 945 οἷον
781 887 957 961 εἰκὸς,
991 901 1143 945 ποιεῖ
1168 887 1227 944 τὸ
1258 887 1394 961 μετὰ
1441 894 1601 945 τοῦτο
1633 912 1769 961 ταχυ

86 997 128 1028 10
154 978 338 1030 ταῦτα.
418 976 476 1030 ἐν
514 973 616 1030 οὐν
659 978 726 1046 τῇ
780 970 1140 1046 συγκοιμήσει
1185 978 1283 1029 τοῦ
1322 997 1424 1045 μεν
1467 976 1698 1047 ἐραστοῦ
1738 967 1766 1029 5

150 1055 450 1124 ακόλαστος
489 1061 656 1123 ι’ππος
702 1062 811 1129 ἔχει
851 1056 882 1114 ὅ
922 1083 982 1118 τι
1013 1059 1162 1130 λέγοι
1202 1055 1338 1131 πρὸς
1377 1057 1474 1114 τὸν
1519 1053 1765 1131 ἡνίοχον,
1793 1073 1883 1115 (710)

151 1144 244 1199 καὶ
275 1141 417 1211 ἀξιοῖ
459 1138 584 1199 αντὶ
626 1145 849 1199 πολλῶν
880 1141 1069 1199 πόνων
1102 1162 1306 1216 σμικρα
1338 1140 1678 1200 ἀπολαῦσαι·
1740 1137 1769 1198 5

154 1227 215 1284 δε
245 1231 356 1284 τῶν
386 1229 662 1283 παιδικῶν
693 1233 802 1299 εχει
831 1251 934 1300 μεν
964 1223 1132 1284 ουδεν
1164 1233 1369 1298 εἰπεῖν,
1411 1233 1677 1300 σπαργῶν
1711 1226 1772 1283 δε

153 1313 244 1368 καὶ
286 1309 512 1384 ἀπορῶν
554 1309 874 1383 περιβάλλει
913 1310 1009 1368 τὸν
1056 1309 1290 1384 ἐραστὴν
1330 1312 1423 1368 καὶ
1469 1319 1647 1385 φιλεῖ,
1697 1309 1772 1378 ῶς

89 1417 130 1450 ι5
154 1394 374 1471 σφόδρα
407 1393 610 1453 εὔνουν
639 1392 1038 1469 ἀσπαζόμενος·
1092 1391 1226 1453 ὅταν
1256 1418 1315 1452 τε
1347 1399 1772 1468 συγκατακέων-

153 1505 260 1552 ται,
293 1478 406 1546 οἷός
439 1483 551 1537 ἐστι
580 1479 654 1553 μὴ
685 1478 1080 1554 ἀπαρνηθῆναι
1124 1479 1184 1538 τὸ
1218 1476 1391 1538 αὐτοῦ
1422 1482 1584 1554 μέρος
1617 1485 1771 1554 χαρί-

155 1575 364 1622 σασθαι
395 1568 470 1640 τῷ
506 1567 732 1637 ἐρῶντι,
767 1571 818 1622 εἰ
847 1570 1081 1638 δεηθείη
1120 1563 1435 1638 τυγχάνειν.
1465 1613 1475 1621 .
1504 1613 1513 1622 .
1583 1570 1630 1622 3.
1676 1563 1774 1621 ἐὰν

154 1651 255 1722 μὲν
288 1649 356 1722 δὴ
398 1641 501 1706 οὖν
545 1654 622 1716 εἰς
661 1652 999 1722 τεταγμένην
1033 1654 1252 1706 δίαιταν
1293 1651 1386 1706 καὶ
1430 1655 1773 1722 φιλοσοφίαν

152 1732 352 1808 νικήσῃ
384 1731 450 1790 τοὶ
479 1739 679 1805 βελτίω
704 1739 798 1806 τῆς
825 1739 1094 1807 διανοίας,
1126 1731 1399 1807 μακάριον
1423 1736 1514 1790 καὶ
1537 1733 1771 1807 ὃμονοη-

89 1841 133 1873 20
157 1815 308 1875 τικὸν
339 1815 435 1875 τὸν
468 1816 673 1876 ἐνθάδε
703 1824 831 1891 βίον
864 1816 1184 1892 διάγουσιν,
1235 1821 1513 1894 ἐγκρατεῖς
1556 1821 1774 1877 ἑαυτῶν

155 1905 246 1960 καὶ
278 1901 493 1976 κόσμιοι
523 1900 727 1970 ὅντες.”
1786 1905 1883 1948 [4¹⁶1

281 1991 329 2044 4.
377 1987 516 2044 Εἶτα
545 1985 675 2060 μεθ’
714 1990 873 2062 ε’τερα
906 1989 1144 2060 ἐπιλέγει
1795 2002 1819 2034 b

274 2069 442 2128 “Ἐαν
475 2073 535 2129 δὲ
567 2077 750 2147 διαίτῃ
782 2074 1159 2146 φορτικωτέρᾳ
1199 2094 1258 2128 τε
1299 2073 1390 2128 καὶ
1422 2068 1771 2147 αφιλοσόφω,

156 2161 426 2231 φιλοτίμῳ
472 2156 533 2212 δε
571 2154 911 2229 χρήσωνται,
964 2154 1082 2228 ‘cccx'
1129 2153 1200 2212 ἄν
1247 2177 1357 2212 που
1401 2158 1462 2212 ἐν
1500 2156 1699 2227 μέθαις
1739 2152 1775 2226 ἥ

92 2262 135 2294 25
159 2264 267 2296 τινι
299 2236 438 2313 ἄλλῃ
469 2237 699 2315 ἀμελείᾳ
729 2237 804 2296 τῶ
835 2237 1120 2296 ἀκολάστω
1153 2237 1347 2296 αὐτοῖν
1380 2234 1656 2312 ὖποζυγίω
1682 2245 1775 2294 λα-

158 2322 322 2395 βόντε
351 2322 445 2389 τὰς
477 2321 654 2396 ψυχὰς
685 2321 1032 2398 ἆφρούρους,
1064 2322 1445 2396 συναγαγόντε
1479 2329 1556 2390 εἰς
1586 2320 1773 2395 ταυτό,

159 2408 260 2479 τὴν
298 2403 406 2463 ὑπὸ
447 2410 558 2464 τῶν
599 2411 820 2464 πολλῶν
861 2405 1205 2480 μακαριστὴν
1254 2412 1470 2481 αἵρεσιν
1512 2409 1776 2480 είλέσθην

159 2498 249 2548 καὶ
285 2489 725 2565 διεπραξασθην·
773 2493 865 2548 καὶ
897 2494 1319 2565 διαπραξαμένω
1349 2489 1409 2548 τὸ
1442 2489 1636 2549 λοιπὸν
1665 2489 1774 2564 ἤδη

158 2579 398 2650 χρῶνται
421 2600 524 2649 μεν
548 2572 706 2650 αὐτῇ,
740 2595 945 2633 σπανια
970 2573 1106 2650 δε,
1082 2601 1175 2635 ατε
1198 2574 1266 2633 οὐ
1291 2595 1439 2651 πασῃ
1466 2577 1777 2648 δεδογμένα

75 2683 139 2714 30
162 2664 227 2735 τῇ
260 2666 481 2718 διανοία
512 2683 857 2733 πραττοντες.
925 2665 972 2719 5.
1020 2667 1168 2734 φίλω
1196 2685 1299 2734 μεν
1328 2662 1431 2718 οὐν
1456 2662 1547 2717 καὶ
1577 2658 1773 2732 τούτω,

161 2768 325 2816 ηττον
378 2745 439 2801 ds
492 2747 722 2802 ἐκείνων
771 2741 1033 2817 αλλήλοιν
1075 2744 1167 2802 δια
1207 2769 1266 2802 τε
1305 2748 1403 2802 τοῦ
1443 2750 1642 2817 ἔρωτος
1683 2744 1777 2799 καὶ

163 2832 263 2895 ἔξω
294 2832 571 2903 γενομένω
603 2827 885 2902 διάγουσι,
924 2835 1134 2896 πίστεις
1178 2829 1273 2895 τὰς
1314 2835 1573 2902 μεγίστας
1604 2826 1775 2900 ἡγου-
1796 2843 1816 2866 ⁰
