2014 3146
307 112 413 165 290
983 113 1232 154 EUSEBII

433 234 480 286 5.
499 226 906 302 “Δημόκριτος,
941 219 985 304 ᾦ
1007 226 1141 301 μετὰ
1164 236 1423 287 πλεῖστον
1449 227 1766 305 Ἐπίκουρος
1789 227 1915 303 ἠκο-

257 339 278 370 b
307 311 618 385 λούθησεν,
662 309 831 385 ἀρχὰς
878 316 991 369 τῶν
1029 310 1208 369 ὄντων
1248 311 1474 386 σώματα
1515 312 1716 388 ἄτομα,
1766 314 1911 392 λόγῳ

308 398 367 454 δὲ
398 396 675 470 θεωρητὰ,
699 395 934 470 ἀμέτοχα
957 399 1156 468 κενοῦ,
1172 394 1464 470 ἀγέννητοι,
1489 395 1660 471 ἀΐδια,
1685 398 1909 473 ἄφθαρ-

306 505 390 553 τα,
422 479 556 539 οὐδὲ
585 484 950 554 θραυσθῆναι
981 479 1285 554 δυνάμενα,
1317 480 1446 538 οὔτε
1478 482 1822 557 διαπλασμὸν
1855 488 1914 541 ἐκ

305 568 417 622 τῶν
446 570 631 640 μερῶν
666 573 890 638 λαβεῖν,
924 563 1051 623 οὔτε.
1082 564 1481 638 ἀλλοιωθῆναι,
1514 566 1656 624 εἶναι
1689 566 1738 624 δ’
1776 565 1914 626 αὐτοὶ
1936 588 1957 621 5

307 648 452 727 λόγῳ
482 650 769 723 θεωρητὰ,
813 653 985 707 ταῦτα
1025 652 1211 723 μέντοι
1242 661 1522 708 κινεῖσθαι
1555 655 1616 708 ἐν
1655 654 1734 727 τῷ
1770 655 1916 729 κενῷ

306 738 398 792 καὶ
431 735 521 791 διά
553 739 652 792 τοῦ
683 739 877 792 κενοῦ·
927 734 1068 792 εἶναι
1101 735 1162 791 δὲ
1192 737 1284 792 καὶ
1315 733 1448 792 αὐτὸ
1479 734 1539 792 τὸ
1570 733 1733 793 κενὸν
1763 734 1914 793 ἀπει-

307 844 406 892 ρον
447 821 539 881 καὶ
584 819 649 876 τὰ
690 818 915 892 σώματα
955 817 1168 893 ἄπειρα.
1247 822 1659 893 συμβεβηκέναι
1700 821 1760 877 δὲ
1800 835 1914 888 τοῖς

261 939 278 960 c
306 902 522 976 στόμασι
552 909 677 977 τρία
706 908 908 976 ταῦτα,
941 902 1216 977 σχήματα,
1248 906 1511 977 μέγεθος,
1553 903 1751 978 βάρος,
1786 902 1911 962 ἀλλ’

306 984 334 1045 ὁ
376 989 477 1061 μὲν
517 987 861 1061 Δημόκριτος
908 994 1060 1060 ἔλεγε
1108 986 1235 1060 δύο,
1293 991 1529 1062 μέγεθος
1575 991 1666 1045 καὶ
1707 995 1911 1063 σχῆμα·
1938 1011 1978 1044 10

304 1071 333 1130 ὁ
367 1074 427 1130 δὲ
453 1070 776 1147 Ἐπέκουρος
796 1071 1007 1139 τούτοις
1031 1074 1123 1129 καὶ
1145 1078 1331 1145 τρίτον
1355 1071 1523 1146 βάρος
1545 1075 1911 1147 προσέθηκεν.

305 1154 517 1230 ἀνάγκη
548 1155 683 1230 γάρ,
716 1159 881 1230 φησὶ,
923 1167 1207 1215 κινεῖσθαι
1235 1155 1300 1214 τὰ
1331 1155 1557 1230 σώματα
1587 1161 1653 1232 τῇ
1683 1161 1784 1216 τοῦ
1813 1157 1916 1230 βά-

307 1266 437 1314 ρους
469 1244 684 1316 πληγῇ,
729 1243 846 1298 ἐπεὶ
879 1238 946 1299 οὐ
977 1240 1353 1315 κινηθήσεται.
1420 1241 1564 1298 εἶναι
1596 1243 1658 1299 δὲ
1685 1241 1751 1300 τὰ
1782 1241 1912 1316 σχή-

305 1350 448 1399 ματα
486 1332 600 1383 τῶν
640 1324 860 1399 ἀτόμων
899 1324 1234 1399 περιληπτά,
1274 1323 1376 1384 οὐκ
1416 1324 1641 1400 ἄπειρα·
1695 1327 1768 1400 μὴ
1808 1328 1914 1400 γὰρ

308 1411 450 1468 εἶναι
480 1409 615 1484 μήτε
646 1409 1107 1483 ἀγκιστροειδεῖς,
1147 1435 1282 1510 μητε
1320 1416 1735 1485 τριαινοειδεῖς,
1778 1410 1915 1484 μήτε
1939 1433 1979 1466 15

306 1500 658 1603 κρικοειδεῖς
705 1499 878 1552 ταῦτα
902 1496 1006 1567 γὰρ
1031 1493 1095 1552 τά
1120 1494 1368 1568 σχήματά
1393 1498 1540 1553 ἐστιν
1572 1493 1913 1569 εὔθραυστα,

306 1585 367 1637 αἱ
395 1581 454 1637 δε
485 1578 676 1653 ἄτομοι
707 1576 965 1659 ἀπαθεῖς,
998 1578 1330 1653 ἄθραυστοι
1379 1586 1493 1637 ἴδια
1518 1580 1580 1636 δε
1611 1585 1757 1654 ἔχειν
1788 1578 1915 1653 σχή-

211 1686 215 1689 ’
258 1682 279 1714 d
306 1689 447 1737 ματα
498 1662 643 1741 λόγῳ
687 1663 961 1737 θεωρητά
1039 1667 1131 1721 καὶ
1177 1674 1387 1737 εἴρηται
1432 1663 1629 1737 ἄτομος
1683 1663 1784 1738 οὐχ
1833 1661 1915 1721 ότι

307 1751 456 1805 ἐστὶν
490 1752 776 1822 ελαχίστη,
810 1745 934 1804 ἀλλ’
967 1747 1050 1805 ὅτι
1080 1747 1146 1805 οὐ
1180 1747 1411 1806 δύναται
1441 1752 1740 1821 τμηθῆναι,
1771 1746 1917 1804 ἀπα-

304 1832 412 1904 θὴς
443 1834 582 1889 οὐσα
613 1834 704 1888 καὶ
735 1830 993 1933 ἀμέτοχος
1025 1836 1215 1890 κενοῦ
1251 1831 1388 1889 ὥστε
1414 1831 1510 1890 ε’ἀν
1533 1842 1659 1907 εἴπῃ
1690 1831 1913 1905 ἀτομον,
1936 1855 1978 1888 20

305 1914 630 1990 ἄθραυστον
672 1918 851 1989 λέγει,
897 1915 1120 1989 ἀπαθῆ,
1164 1913 1428 1990 ἀμέτοχον
1474 1920 1652 1973 κενοῦ.
1725 1913 1808 1973 ὅτι
1855 1918 1922 1973 δέ

308 2003 455 2058 ἐστιν
485 1998 682 2074 ἄτομος
713 2003 915 2074 σαφές·
963 2003 1056 2058 καὶ
1099 1999 1203 2075 γάρ
1246 2004 1360 2058 ἐστι
1403 2013 1643 2073 στοιχεῖα
1685 2002 1775 2057 καὶ
1809 2005 1915 2077 ζῷα

307 2083 439 2142 κενοὶ
482 2087 572 2142 καὶ
604 2083 637 2157 ἡ
669 2085 857 2158 μονάς.
867 2082 899 2105 ”

433 2175 478 2226 6.
522 2165 939 2243 “Ἐμπεδοκλῆς
971 2172 1267 2242 Μέτωνος,
1305 2166 1756 2242 Ἀκραγαντῖνος,
1797 2169 1918 2225 τέτ-

305 2278 445 2328 ταρα
485 2279 587 2327 μεν
629 2269 897 2327 στοιχεῖα,
939 2259 1080 2326 πῦρ,
1127 2252 1290 2326 ἀέρα,
1335 2252 1518 2325 υδωρ,
1552 2258 1684 2327 γῆν,
1719 2251 1821 2310 δύο
1855 2253 1916 2309 δε
1937 2274 1979 2307 25

304 2337 472 2411 ἀρχὰς
504 2340 594 2394 καὶ
628 2337 920 2411 δυνάμεις,
953 2344 1148 2412 φιλίαν
1177 2362 1235 2395 τε
1266 2340 1355 2394 καὶ
1387 2352 1595 2409 νεῖκος,
1641 2361 1720 2394 ων
1749 2333 1783 2409 ἡ
1813 2338 1916 2409 μέν

307 2424 455 2478 ἐστιν
488 2420 751 2495 ἑνωτικὴ,
792 2421 852 2479 τό
885 2423 948 2480 δε
979 2420 1328 2496 διαιρετικόν.
1391 2425 1526 2494 φησὶ
1561 2422 1620 2478 δὲ
1660 2419 1836 2487 οὕτως

446 2521 653 2583 τέσσαρα
680 2525 778 2572 τῶν
805 2542 1004 2573 παντων
1031 2519 1278 2590 ῥιζωματα
1304 2524 1501 2584 πρώϊον
1526 2540 1700 2571 ακου8”

448 2586 572 2651 Ζεὺς
597 2587 803 2678 ἀργης,
793 2588 928 2659 Ἠρη
953 2613 1004 2644 τε
1029 2594 1315 2659 φερέσβιος,
1343 2587 1418 2655 ἠδ’
1446 2585 1736 2654 Ἀϊδωνεὺς,

448 2665 638 2726 Νῆστίς
665 2658 740 2726 θ’,
769 2683 800 2726 η
831 2661 1066 2724 δακρύοις
1090 2663 1246 2730 τέγγει
1275 2659 1543 2728 κρούνωμα
1567 2657 1807 2727 βρότειον.
1934 2693 1977 2726 30

193 2776 280 2818 (750)
307 2764 420 2815 Δία
450 2782 551 2831 μεν
590 2755 695 2831 γάρ
736 2761 883 2830 λέγει
921 2757 1023 2831 τὴν
1054 2762 1199 2828 ζέσιν
1229 2761 1320 2815 καὶ
1350 2757 1447 2814 τὸν
1487 2758 1717 2827 αἰθέρα,
1733 2752 1915 2828 Ηραν

308 2843 369 2899 δὲ
398 2843 697 2916 φερέσβιον
726 2841 823 2899 τὸν
854 2841 1014 2914 ἀέρα’
1060 2843 1162 2917 τὴν
1191 2846 1299 2915 γῆν
1328 2842 1426 2900 τὸν
1449 2840 1740 2898 Ἀϊδωνέα·
1795 2842 1912 2911 Νῆ-
