2014 3146
276 125 343 177 66
950 127 1198 169 EUSEBII

274 267 370 315 της
400 241 536 317 πρὸς
565 242 769 316 χρόνου
798 245 1047 314 γένεσιν,
1088 247 1182 299 ἵνα
1221 248 1434 317 γενηθῇ
1466 242 1687 316 χρόνος,
1732 243 1884 317 ἥλιος

274 329 368 384 καὶ
412 325 617 399 σελήνη
657 329 749 383 καὶ
787 328 951 383 πέντε
990 324 1130 382 ἄλλα
1169 324 1388 398 ἄστρα,
1416 330 1647 400 ἐπίκλην
1689 334 1882 402 ἔχοντα

275 409 577 483 πλάνητες,
619 416 696 476 εἰς
728 407 1014 484 διορισμὸν
1054 411 1146 466 καὶ
1177 410 1436 483 φυλακὴν
1465 410 1725 485 ἀριθμῶν
1753 412 1883 487 χρό-

275 519 377 551 νου
410 496 616 567 γέγονε.
680 493 905 567 σώματα
937 494 999 551 δὲ
1029 492 1215 551 αὐτῶν
1245 493 1478 568 ποιήσας
1516 491 1544 552 ὃ
1587 495 1720 563 θεὸς
1751 503 1882 570 ἔθη-

277 601 375 635 κεν
407 584 484 645 εἰς
514 577 609 645 τὰς
640 575 995 652 περιφοράς.”

402 667 448 719 3.
490 660 764 736 Ἐπιτήρει
797 663 859 719 δὲ
901 668 951 719 εἰ
987 661 1060 735 μὴ
1093 661 1152 719 τὸ
1185 660 1281 730 “ε’ξ
1312 653 1415 719 οὖν
1439 661 1607 734 λόγου
1639 665 1732 720 καὶ
1766 669 1882 721 δια-

275 753 429 813 νοίας
470 743 650 804 θεοῦ”
710 750 1003 821 εἰρημένον
1042 749 1121 823 τῷ
1160 744 1422 804 Πλάτωνι
1460 745 1652 820 όμοιον
1690 742 1761 804 ἂν
1802 758 1885 820 εἴη

229 853 248 884 d
274 833 352 907 τῷ
381 852 493 904 παρ
545 829 818 904 Ἑβραίοις
851 830 1122 904 φάσκοντι
1155 828 1270 907 “τῷ
1304 830 1450 907 λόγῳ
1481 837 1680 903 κυρίου
1711 836 1768 889 oc
1793 831 1884 889 οὐ·

275 916 436 987 ρανοὶ
480 913 900 987 ἐστερεώθησαν
941 917 1033 972 καὶ
1072 918 1147 990 τῷ
1189 913 1460 987 πνεύματι
1490 919 1587 973 τοῦ
1618 914 1884 988 στόματος

274 997 448 1056 αὐτοῦ
497 1002 669 1056 πᾶσαι
720 1003 782 1056 αἱ
821 997 1084 1072 δυνάμεις
1129 996 1360 1056 αὐτῶν.”
1435 996 1574 1056 ἄλλα
1613 1002 1705 1056 καὶ
1747 1009 1880 1057 ,Μω-
1910 1025 1949 1056 10

274 1085 412 1150 σε’ως
444 1081 692 1150 εἰπόντος
725 1081 858 1140 “nal
889 1089 1050 1140 ἔθετο
1082 1081 1283 1150 αὐτούς
1309 1087 1369 1140 ἐν
1401 1088 1476 1159 τῷ
1513 1081 1882 1157 στερεώματι”

272 1163 434 1243 ὁμοίᾳ
465 1170 721 1241 κέχρηται
752 1169 844 1224 καὶ
874 1166 902 1225 ὁ
927 1166 1167 1225 Πλάτων
1197 1170 1362 1240 φωνῇ
1390 1170 1456 1240 τῇ
1479 1163 1773 1240 “ἔθηκεν,”
1807 1174 1885 1226 εἰ-

274 1250 396 1308 πών
428 1249 695 1324 “σω’ματα
738 1253 798 1308 δὲ
838 1250 1025 1308 αὐτῶν
1065 1249 1298 1324 ποιήσας
1339 1247 1367 1308 ὁ
1408 1250 1539 1318 θεὸς
1571 1258 1777 1324 ἔθηκεν
1808 1258 1886 1320 εἰς

273 1333 368 1402 τοὶς
399 1333 758 1409 περιφοράς.”

402 1430 572 1480 ΧΧΧΙ.
621 1426 732 1492 Τῆς
756 1415 1028 1493 Ἑβραίων
1050 1425 1266 1493 γραφῆς
1292 1418 1378 1492 ἐφ’
1412 1418 1624 1496 ἑκάστῳ
1646 1422 1759 1477 τῶν
1784 1426 1883 1494 δη-
1909 1442 1948 1475 15

163 1502 701 1577 (ῦς-,ωμιουργημάτων
753 1503 1138 1577 ἐπιφωνούσης
1182 1500 1312 1560 “καὶ
1363 1504 1513 1560 εἶδεν
1562 1500 1591 1560 ὁ
1630 1503 1763 1570 θεὸς
1801 1502 1885 1561 ὅτι

274 1585 493 1658 καλόν,”
526 1590 618 1644 καὶ
652 1589 739 1644 ἐπὶ
770 1592 836 1661 τῇ
869 1586 1094 1645 πάντων
1124 1587 1609 1660 συγκεφαλαιώσει
1640 1588 1884 1661 φασκού-

274 1690 374 1743 σης
420 1667 552 1728 “nal
603 1670 754 1729 εἶδεν
801 1668 829 1728 ὃ
879 1670 1009 1738 θεὸς
1048 1669 1115 1729 τά
1165 1670 1373 1742 πάντα,
1425 1675 1517 1729 καὶ
1553 1666 1692 1740 ,ἰδοὺ
1746 1673 1885 1730 καλὰ

274 1762 426 1812 λίαν·
445 1753 474 1774 ”
525 1753 694 1812 ἄκουε
723 1759 822 1813 τοῦ
853 1755 1154 1821 Πλάτωνος
1187 1753 1259 1822 ὥς
1289 1774 1462 1829 φησιν

392 1837 506 1896 “Ει’
531 1840 633 1912 μὲν
664 1839 731 1911 δὴ
763 1838 927 1906 καλός
958 1844 1106 1897 ἐστιν
1136 1837 1232 1896 ὅδε
1262 1836 1291 1897 ὁ
1322 1838 1541 1912 κόσμος,
1572 1837 1603 1896 δ’
1631 1863 1690 1896 τε
1722 1845 1883 1913 ὃημι-
1907 1863 1948 1895 20

273 1923 473 1997 ουργὸς
503 1922 741 1995 ἀγαθὸς,
778 1927 946 1996 δῆλον
978 1923 1050 1990 ὡς
1081 1922 1215 1996 πρὸς
1245 1922 1305 1980 τὸ
1336 1922 1520 1981 ἀΐδιον
1550 1922 1792 1996 ἔβλεπε.”

401 2009 512 2065 Καὶ
544 2006 712 2064 πάλιν

394 2087 488 2149 “‘0
517 2092 619 2165 μὲν
648 2090 752 2165 γάρ
783 2090 1068 2160 κάλλιστος
1097 2095 1208 2162 τῶν
1246 2089 1583 2164 γεγονότων,
1615 2091 1643 2149 ὁ
1676 2088 1729 2148 δ’
1763 2091 1885 2166 ἄρι-

272 2194 396 2242 στος
427 2180 540 2233 τῶν
572 2182 779 2233 αἰτίων.
794 2173 822 2193 ”

399 2270 589 2320 XXXII.
649 2263 760 2317 Καὶ
809 2262 936 2332 περὶ
976 2260 1175 2318 τούτου
1221 2259 1402 2333 πάσης
1439 2259 1710 2334 Ἐβραίων
1749 2284 1878 2332 γρα-
1902 2284 1945 2316 25

230 2367 248 2397 ι
273 2346 380 2414 φῆς
414 2343 808 2416 διαλαλούσης,
841 2368 959 2401 τοτε
989 2369 1091 2417 μεν
1123 2344 1196 2402 δι’
1235 2337 1315 2403 ὦν
1344 2365 1482 2417 φησι
1517 2341 1647 2400 “uoci
1679 2343 1880 2416 εἰλιγή-

275 2444 426 2482 σεται
454 2422 482 2482 ὁ
514 2423 748 2498 ουρανὸς
791 2451 862 2492 ως
903 2434 1125 2499 βιβλίον
1139 2427 1169 2448 ”
1220 2453 1340 2486 τοτε
1374 2430 1434 2486 δε
1477 2427 1548 2485 δι’
1588 2421 1667 2484 ὠν
1699 2431 1882 2485 ἐπιλέ-

273 2532 359 2580 γει
391 2508 523 2566 “καὶ
555 2517 705 2567 ἐσται
745 2507 774 2566 ὁ
815 2509 1050 2583 οὐρανὸς
1091 2511 1278 2579 καινὸς
1317 2515 1409 2569 καὶ
1450 2511 1482 2583 ἡ
1515 2516 1586 2611 γῆ
1615 2511 1878 2583 καινὴ,α
1844 2509 1879 2567 ἃ

276 2591 380 2664 ἐγω
421 2616 559 2649 ποιω
604 2595 792 2666 μένειν
833 2593 1070 2650 ἐνώπιόν
1098 2619 1233 2667 μου,
1276 2598 1424 2666 λέγει
1466 2594 1678 2669 κύριος·
1787 2597 1879 2650 καὶ

273 2675 440 2734 πάλιν
480 2675 672 2734 άλλοτε
727 2675 798 2733 δι’
837 2669 915 2733 ὠν
955 2696 1092 2749 φησι
1135 2674 1406 2750 “παράγει
1449 2703 1551 2751 γαρ
1595 2677 1657 2734 τὸ
1698 2681 1875 2750 σχῆμα
1902 2701 1940 2733 30
1987 2694 2005 2699 “

390 2869 440 2908 19
476 2862 744 2923 Πλάτωνος]
780 2869 893 2909 Tim.
918 2884 958 2922 p.
985 2872 1092 2911 2921.
