2014 3146
578 125 793 168 PRAEP.
815 123 1035 166 EVANG.
1067 125 1171 166 XII.
1206 126 1272 165 16.
1307 126 1372 167 17.
1685 123 1783 175 101

170 240 325 310 τάξιν
357 239 620 315 εἰληφότα
651 239 888 314 διάδηλά
920 243 1032 298 ε’στι
1062 243 1140 317 τῷ
1169 242 1296 313 περὶ
1326 238 1513 314 νόμων
1545 242 1786 318 ἐμπείρῳ

172 329 337 400 τέχνῃ
367 349 426 383 τε
456 332 554 383 καί
578 343 723 382 τισιν
753 333 938 397 ἔθεσι,
978 339 1091 392 τοῖς
1134 326 1195 382 δὲ
1234 323 1419 392 ἄλλοις
1450 323 1584 398 ἡμῖν
1614 324 1786 383 οὐδα-

173 435 289 485 μως
321 414 435 467 ἐστι
467 413 772 483 καταφανῆ.
785 407 814 427 ”

302 499 350 552 9.
385 497 496 551 Καὶ
519 491 653 568 παρ’
680 493 814 567 ἡμῖν
839 495 900 551 δὲ
924 503 1136 566 εἴρηται
1160 490 1402 567 “ζητεῑτε
1436 500 1656 568 πρῶτον
1685 493 1787 567 τὴν

131 603 151 636 5
174 585 466 654 βασιλείαν
515 582 607 636 καὶ
647 578 751 652 τὴν
801 577 1192 651 δικαιοσύνην,
1246 580 1337 635 καὶ
1387 577 1566 635 πάντα
1616 581 1787 636 ταῦτα
1851 614 1860 622 ·

176 662 616 738 προστεθήσεται
645 659 844 736 ὑμῖν.”
914 661 1052 719 ἀλλά
1094 665 1184 719 καὶ
1215 665 1430 735 Μωσῆς
1468 656 1610 720 πολὺ
1650 661 1789 738 πρό·
1813 689 1835 721 b

175 773 337 821 τερον
367 747 475 806 ἀπὸ
505 752 602 820 τῆς
633 749 758 822 περὶ
790 751 931 805 θεοῦ
966 752 1326 813 διδασκαλίας
1356 748 1459 819 τὴν
1482 745 1659 820 ἀρχὴν
1689 771 1790 804 πε-

175 835 499 906 ποιημένος,
542 835 664 904 ἑξῆς
694 854 753 888 τε
785 830 1102 905 ἐφαρμόσας
1142 829 1243 903 τὴν
1274 829 1398 887 κατ’
1433 830 1603 888 αὐτὸν
1633 840 1790 888 πολι-

174 923 331 974 τείαν
369 919 462 974 καὶ
502 915 568 973 τὰ
613 918 740 989 περὶ
784 922 1142 989 συμβολαίων
1173 918 1264 972 καὶ
1294 914 1361 972 τά
1390 918 1519 989 περὶ
1549 919 1651 974 τοῦ
1679 940 1789 973 κοι-

113 1026 152 1058 ιο
177 1005 280 1060 νοῦ
309 1007 438 1074 βίου
468 999 702 1074 νόμιμα,
743 1015 856 1067 τοῖς
895 1005 1068 1058 πᾶσιν
1106 997 1374 1074 ἄρχοντας
1405 1003 1497 1058 καὶ
1537 999 1791 1074 φύλακας

177 1093 476 1159 καθίστησι
506 1085 636 1153 τούς
667 1088 744 1162 τῷ
771 1088 893 1162 θεῷ
923 1088 1276 1159 ίερωμένους,
1310 1084 1382 1152 ὡς
1413 1088 1505 1142 καὶ
1535 1084 1601 1142 τὰ
1632 1084 1790 1158 λόγια

180 1169 460 1242 διδάσκει,
492 1168 701 1243 ἄνδρας
733 1175 1013 1242 δικαίους,
1046 1172 1344 1243 μισοῦντας
1374 1168 1790 1244 ὑπερηφανίαν,

175 1254 302 1322 τοὺς
333 1256 435 1327 μὲν
467 1254 558 1311 διὰ
589 1253 942 1328 φρονήσεως,
983 1254 1112 1321 τοὺς
1146 1255 1207 1311 δὲ
1240 1251 1315 1310 δι’
1349 1253 1597 1327 ἀληθοῦς
1630 1253 1791 1328 δόξης

179 1338 380 1405 ἰόντας.

115 1447 155 1480 15
306 1434 447 1484 XVII.
495 1420 697 1495 “Λέγω
742 1414 844 1480 οῦν
886 1430 983 1479 καί
1016 1448 1157 1497 φημι
1196 1422 1294 1481 τὸν
1344 1419 1533 1480 ὁτιοῦν
1573 1422 1791 1496 ἀγαθὸν

178 1505 358 1582 ἀνδρα
398 1510 668 1580 μέλλοντα
713 1513 941 1565 ἔσεσθαι
983 1506 1131 1565 τοῦτ’
1169 1505 1302 1564 αὐτὸ
1347 1510 1406 1564 ἐκ
1448 1513 1670 1565 παίδων
1702 1506 1790 1566 εὖ·

178 1591 290 1660 θύς
329 1598 564 1665 μελετᾶν
606 1591 868 1662 παίζοντά
907 1617 966 1650 τε
1006 1596 1098 1649 καὶ
1139 1591 1521 1661 σπουδάζοντα
1571 1597 1632 1649 ἐν
1678 1608 1791 1658 τοῖς

177 1683 277 1734 τοῦ
307 1674 624 1750 πράγματος
658 1675 904 1742 ἑκάστοις
934 1675 1336 1752 προσήκουσιν·
1384 1673 1504 1734 οἷον
1533 1676 1630 1734 τὸν
1660 1680 1792 1750 μέλ-

180 1769 346 1818 λοντα
387 1759 606 1834 ἀγαθὸν
661 1768 890 1819 ἔσεσθαι
937 1759 1186 1835 γεωργὸν
1234 1759 1268 1833 ἢ
1309 1785 1432 1818 τινα
1477 1759 1790 1834 οἰκοδόμον,

116 1870 157 1919 2ο
180 1845 278 1903 τὸν
307 1846 410 1919 μὲν
439 1844 838 1919 οἰκοδομοῦντά
867 1871 919 1903 τι
950 1850 1062 1904 τῶν
1100 1850 1377 1903 παιδικῶν
1421 1845 1791 1920 οἰκοδομημά-
1816 1876 1827 1897 c

179 1953 293 1987 των
323 1937 536 1999 παίζειν
566 1930 689 2003 χρὴ,
721 1930 817 1987 τὸν
851 1927 904 1987 δ’
941 1923 1014 1987 αὖ
1042 1934 1424 2005 γεωργοῦντα,
1458 1933 1551 1987 καὶ
1581 1928 1793 2004 ὄργανα

180 2015 420 2091 ἑκατέρῳ
445 2015 665 2088 σμικρά,
691 2019 804 2072 τῶν
823 2013 1114 2087 ἀληθινῶν
1142 2014 1443 2089 μιμήματα,
1475 2034 1793 2089 παρασκευ-

179 2097 329 2168 άζειν
357 2097 455 2156 τὸν
484 2103 757 2201 τρέφοντα
788 2098 975 2157 αὐτῶν
1007 2097 1298 2173 ἑκάτερον,
1331 2101 1422 2155 καὶ
1457 2099 1526 2171 δὴ
1557 2101 1649 2155 καὶ
1679 2105 1792 2155 τῶν

180 2181 526 2257 μαθημάτων
563 2181 667 2240 όσα
712 2181 988 2256 ἀναγκαῖα
1028 2185 1518 2257 προμεμαθηκέναι
1548 2204 1791 2257 προμαν-

118 2290 158 2321 25
182 2265 402 2338 θάνειν,
434 2274 554 2324 οἱον
583 2271 811 2325 τέκτονα
841 2281 1064 2341 μετρεῖν
1093 2292 1127 2340 η
1157 2270 1534 2340 σταθμασθαι,
1566 2269 1658 2323 καὶ
1691 2289 1794 2324 πο-

182 2350 408 2422 λεμικὸν
447 2349 706 2408 ιππεύειν
745 2358 1006 2420 παίζοντα
1046 2349 1082 2423 ἤ
1108 2377 1160 2408 τι
1199 2355 1311 2409 τῶν
1349 2350 1620 2409 τοιούτων
1658 2349 1791 2408 άλλο

184 2437 479 2506 ποιοῦντα,
522 2437 614 2491 καὶ
665 2439 964 2507 πειρασθαι
1016 2434 1108 2492 δια
1156 2460 1269 2493 των
1317 2440 1559 2493 παιδιῶν
1611 2438 1789 2493 εκεισε
1815 2457 1905 2500 [347]

183 2522 406 2592 τρέπειν
445 2518 539 2585 τὰς
579 2517 785 2591 ἡδονὰς
824 2523 917 2577 καὶ
958 2524 1258 2594 ἐπιθυμίας
1298 2545 1409 2578 των
1448 2525 1698 2592 παίδων,
1739 2518 1798 2577 οἷ

182 2600 551 2676 ἀφικομένους
584 2602 784 2670 αὐτούς
825 2610 915 2661 δεῖ
951 2608 1102 2671 τέλος
1144 2612 1304 2678 ἔχειν.
1379 2604 1683 2677 κεφάλαιον
1723 2605 1791 2676 δὴ

121 2709 161 2741 3ο
185 2693 439 2754 παιδείας
470 2692 702 2761 λέγομεν
730 2688 831 2760 τὴν
860 2687 1042 2763 ὀρθὴν
1071 2688 1310 2762 τροφὴν,
1356 2686 1389 2761 ἣ
1428 2695 1526 2746 τοῦ
1567 2695 1792 2757 παίζον-

302 2882 353 2921 15
384 2880 516 2933 Λέγω
540 2872 627 2922 οὖν
649 2879 724 2936 -]
759 2882 894 2923 Plato
915 2884 1029 2936 Leg.
1055 2886 1091 2924 1.
1114 2897 1156 2936 p.
1181 2884 1277 2924 643.
