2014 3146
596 123 807 164 PRAEP.
839 121 1060 164 EVANG.
1083 122 1204 166 XIV
1230 124 1298 163 20
1657 121 1760 173 313

152 260 338 311 μενοι,
381 235 636 310 καθάπερ
677 235 903 295 ἐπειδάν
942 240 1053 294 τῶν
1102 235 1404 311 βαρβάρων
1443 235 1760 311 ἀκούωμεν;

151 327 199 379 4.
236 321 267 379 ὅ
287 346 349 395 γε
372 320 483 395 μὴν
506 320 851 394 θεασάμενος
875 321 1082 393 ὁτιοῦν,
1109 321 1224 379 εἶτα
1247 324 1610 395 μεμνημένος,
1642 322 1762 379 οἶδε

150 408 270 480 μὲν,
303 404 630 464 αἰσθάνεται
662 404 711 462 δ’
750 405 948 463 οὐκέτι.
992 408 1083 463 καὶ
1110 411 1159 462 εἰ
1179 407 1400 483 θατέρῳ
1424 431 1525 480 μεν
1548 403 1762 479 ὀφθαλ-

150 494 238 568 μῷ
266 489 455 564 μύσαι,
487 493 707 566 θατέρῳ
734 490 783 546 δ’
813 486 981 567 ὁρῴη,
1015 494 1187 563 δῆλον
1208 487 1291 547 ὅτι
1314 490 1480 548 ταυτό
1505 493 1596 548 καὶ
1622 501 1759 549 εἷσε·
1785 516 1872 558 (767)

107 599 127 632 5
151 599 239 632 ται
269 578 362 632 καὶ
392 572 493 633 οὐκ
526 583 744 653 εἴσεται.
788 580 837 633 5.
872 574 1007 647 πρὸς
1041 576 1100 632 δὲ
1130 573 1366 647 τούτοις,
1401 581 1451 632 εἰ
1477 574 1536 632 τὸ
1567 575 1762 648 φαινό-

148 684 317 733 μενον
338 659 548 736 ἑκάστῳ
571 661 662 716 καὶ
680 655 887 731 ἀληθές
909 663 1074 731 ἐστιν,
1100 657 1233 731 ἡμῖν
1259 660 1318 716 δὲ
1333 659 1398 716 οὐ
1416 666 1675 732 φαίνεται
1697 660 1762 718 τά

147 741 245 802 ὑπ’
281 747 510 802 ἐκείνων
542 742 809 816 λεγόμενα
831 742 1034 815 ἀληθῆ,
1066 746 1158 800 καὶ
1188 741 1247 799 τὸ
1266 743 1338 817 μῆ
1366 745 1507 801 εἶναι
1537 743 1763 803 πάντων

149 826 487 901 πραγμάτων
499 829 698 902 μέτρον
713 826 810 884 τὸν
833 827 1137 900 ἄνθρωπον
1150 825 1357 899 ἀληθὲς
1379 824 1447 885 ἂν
1470 838 1568 900 εἴη.
1602 834 1650 886 6.
1669 831 1761 886 καὶ

148 910 259 986 μὴν
289 916 344 970 οἴ
379 936 443 984 γε
485 927 726 986 τεχνῖται
765 915 878 969 των
918 909 1164 984 ἀτέχνων
1207 914 1536 986 διαφέρουσι
1579 916 1670 969 καὶ
1709 918 1766 970 οὗ

85 1022 126 1054 10
149 1003 398 1071 ἔμπειροι
427 1002 539 1054 τῶν
571 994 846 1068 ἀπείρων,
878 998 971 1053 καὶ
1003 996 1095 1053 διὰ
1124 1000 1286 1053 τοῦτο
1316 1000 1526 1070 μαλλον
1552 999 1764 1073 προορᾷ

147 1079 207 1138 τὸ
238 1083 440 1155 μέλλον
471 1086 700 1139 ἔσεσθαι
730 1080 1076 1154 κυβερνήτης
1117 1083 1209 1137 καὶ
1242 1079 1424 1155 ἰατρὸς
1456 1084 1548 1138 καὶ
1595 1099 1763 1155 στρα-

147 1164 326 1238 τηγός.
392 1171 437 1222 7.
472 1162 660 1232 ἀπλως
699 1190 758 1223 τε
799 1163 1129 1268 ἀναιροῦσιν
1169 1166 1325 1222 οὑτοί
1359 1190 1422 1238 γε
1462 1164 1521 1222 τὸ
1552 1170 1761 1239 μᾶλλον

148 1253 240 1307 καὶ
269 1248 330 1307 τὸ
359 1242 526 1323 ῆττον
556 1252 648 1307 καὶ
678 1249 739 1307 τὸ
773 1253 826 1318 ἐξ
858 1248 1130 1323 ἀνάγκης,
1163 1252 1254 1306 καὶ
1285 1248 1345 1307 τὸ
1379 1249 1758 1324 ἐνδεχόμενον,

148 1337 239 1391 καὶ
269 1334 329 1391 τὸ
360 1333 496 1391 κατὰ
527 1333 730 1407 φύσιν,
772 1337 864 1392 καὶ
894 1332 954 1391 τὸ
985 1332 1133 1407 παρὰ
1172 1333 1362 1407 φύσιν.
1424 1331 1568 1391 οὕτω
1603 1333 1654 1391 δ’
1691 1332 1760 1392 ἂν
1785 1355 1807 1386 b

83 1444 125 1477 15
151 1429 235 1492 εἴη
265 1417 430 1477 ταυτὸ
461 1421 554 1476 καὶ
577 1416 642 1476 ὂν
666 1422 758 1476 καῖ
781 1417 882 1476 οὐκ
912 1417 990 1476 ὅν.
1035 1415 1204 1476 οὐδὲν
1226 1418 1332 1491 γὰρ
1364 1418 1565 1476 κωλύει
1595 1418 1762 1476 ταυτό

147 1517 261 1572 τοῖς
291 1504 394 1577 μὲν
427 1503 570 1561 εἶναι
594 1511 918 1577 φαίνεσθαι,
950 1516 1063 1570 τοῖς
1089 1504 1149 1560 δὲ
1172 1501 1406 1575 μὴεῖναι
1423 1519 1433 1528 ·
1480 1506 1571 1560 καὶ
1595 1503 1761 1561 ταυτό

148 1585 218 1644 ἀν
250 1597 333 1660 εἴη
365 1585 664 1662 ἅνθρωπος
694 1590 786 1645 καὶ
818 1587 1009 1655 ξύλον·
1066 1586 1190 1645 ἔσθ’
1237 1584 1327 1644 ὅτε
1367 1586 1472 1662 γάρ
1504 1594 1762 1661 φαίνεται

147 1671 314 1729 ταυτὸ
345 1675 488 1749 τῳδε
518 1673 618 1745 μὲν
660 1670 986 1746 άνθρωπος,
1026 1675 1170 1728 τωδε
1202 1673 1262 1729 δὲ
1303 1670 1482 1739 ξύλον.
1538 1677 1584 1730 8.
1619 1669 1762 1739 άπας

147 1779 207 1813 τε
236 1755 396 1830 λόγος
426 1754 640 1830 ἀληθὴς
670 1753 741 1814 ἂν
773 1766 887 1829 εἴη,
935 1755 1026 1814 διὰ
1069 1759 1232 1813 τοῦτο
1280 1757 1340 1813 δε
1385 1758 1476 1813 καὶ
1523 1755 1759 1829 ψευδής

85 1868 126 1900 20
150 1842 242 1898 καὶ
274 1845 331 1899 οι
357 1840 753 1915 βουλευόμενοι
776 1843 868 1898 καὶ
895 1839 1204 1910 δικάζοντες
1224 1838 1325 1898 οὐκ
1355 1865 1425 1898 αν
1456 1847 1633 1914 ἔχοιεν
1663 1864 1762 1898 ου-

151 1926 249 1983 δεν
278 1939 476 1983 ποιεῖν.
539 1927 630 1983 καὶ
660 1923 720 1983 τὸ
753 1924 1099 1997 δεινότατον,
1133 1932 1353 1983 ἔσονται
1381 1925 1487 1999 γὰρ
1519 1929 1576 1983 οί
1602 1924 1760 1983 αὐτοὶ

149 2015 445 2068 σπουδαῖοι
485 2013 576 2067 καὶ
605 2012 879 2083 μοχθηροὶ
919 2012 1010 2067 καὶ
1041 2009 1207 2066 ταυτὸ
1254 2015 1421 2066 κακία
1451 2012 1544 2066 καὶ
1575 2007 1755 2081 ἀρετή.

150 2091 326 2151 πολλά
357 2095 419 2150 δε
450 2099 541 2151 καὶ
573 2092 712 2151 άλλα
741 2093 972 2151 τοιαῦτά
1009 2118 1089 2159 τις
1120 2091 1190 2150 ἂν
1222 2101 1334 2166 ἔχοι
1365 2096 1573 2166 λέγειν
1620 2092 1760 2150 ἀλλὰ

150 2175 254 2251 γὰρ
285 2176 454 2235 οὐδεν
486 2184 575 2234 δεῖ
601 2177 876 2235 πλειόνων
909 2177 1091 2250 λόγων
1122 2177 1257 2251 πρὸς
1287 2201 1413 2244 τους
1444 2201 1547 2234 ουκ
1577 2179 1757 2250 οἰομέ-
1782 2207 1800 2230 e

86 2288 127 2320 25
151 2286 283 2329 νους
315 2270 460 2335 ἔχειν
490 2266 628 2320 νοῦν
658 2264 750 2318 καὶ
781 2260 1004 2335 λόγον.”

279 2351 326 2403 9.
374 2345 503 2405 Εἶθ’
541 2349 662 2418 ἑξῆς
695 2348 929 2419 ἐπιλέγει

270 2426 461 2488 “Ἐπεὶ
505 2428 554 2486 δ’
604 2436 681 2487 ἔτι
722 2433 828 2487 νῦν
860 2437 967 2488 εἰσί
1007 2454 1152 2496 τινες
1183 2435 1240 2487 οὗ
1275 2434 1461 2487 πᾶσαν
1492 2438 1759 2503 αἴσθησιν

151 2515 244 2571 καὶ
283 2533 469 2572 πασαν
509 2520 827 2587 φαντασίαν
866 2514 1051 2587 ἀληθῆ
1092 2517 1342 2587 λέγοντες
1384 2515 1553 2586 εἶναι,
1592 2512 1759 2588 μικρά

151 2601 243 2655 καὶ
274 2601 400 2672 περὶ
430 2597 644 2656 τούτων
679 2608 934 2671 εἴπωμεν.
1013 2602 1220 2656 ἐοίκασι
1250 2599 1356 2673 γὰρ
1388 2590 1547 2656 οὗτοί
1571 2623 1634 2671 γε
1667 2605 1758 2655 δε-

88 2709 129 2741 30
154 2685 397 2740 δοικέναι
427 2681 662 2755 μήποτε,
706 2688 755 2739 ει’
783 2689 1012 2750 ψευδεῖς
1044 2693 1252 2741 εἴποιεν
1283 2681 1572 2755 αἰσθήσεις
1614 2682 1763 2740 εἷναί

151 2791 332 2839 τινας,
386 2766 489 2824 οὐκ
534 2763 603 2824 ἂν
644 2781 831 2839 σχοῖεν
871 2766 930 2824 τὸ
971 2766 1253 2840 κριτήριον
1292 2770 1383 2824 καὶ
1423 2768 1519 2824 τὸν
1550 2765 1757 2823 κανόνα

154 2853 382 2924 βέβαιον
431 2848 557 2908 οὐδ’
604 2855 890 2925 ἐχέγγυον·
959 2850 1058 2925 οὐχ
1091 2851 1259 2926 ὁρῶσι
1312 2852 1371 2908 δὲ
1425 2847 1498 2918 ὥς
1537 2847 1639 2908 οὐκ
1688 2846 1757 2906 ἂν
