2014 3146
679 112 893 153 PRAEP.
925 111 1146 153 EVANG..
1177 111 1256 155 XI.
1292 113 1358 152 18.
1746 110 1814 162 37

203 229 330 303 περὶ
370 225 539 301 αὐτοὶ,
583 218 662 284 ὦν
700 223 970 284 άπολαύει
1008 222 1374 284 ὑποστάντων
1410 224 1441 284 3
1477 250 1529 283 τι
1560 232 1810 300 πλησίον.

205 318 252 370 6.
294 313 387 369 καὶ
427 311 608 370 πάντα
650 312 711 368 δὲ
751 310 853 368 ὅσα
895 309 1002 385 ήδη
1042 314 1221 369 τέλεια
1261 314 1455 387 γεννᾷ
1516 312 1576 368 τὸ
1616 305 1686 384 δὴ
1727 308 1926 371 άεὶ(536)

203 399 413 455 τέλειον
443 394 530 454 ἀεὶ
560 398 652 453 καὶ
681 393 865 453 άῖδιον
895 398 1091 470 γεννᾷ·
1139 398 1230 452 καὶ
1264 401 1488 453 ἔλαττον
1524 396 1638 453 δὲ’
1611 399 1816 454 εαυτοῦ

203 486 390 557 γεννᾷ.
484 486 527 537 7.
569 486 628 538 τί
661 471 767 537 οῦν
806 479 910 553 χρὴ
941 482 1066 552 περὶ
1097 504 1195 537 του
1227 478 1571 538 τελειοτάτου
1602 482 1813 554 λέγειν;

160 590 180 621 5
203 566 379 639 μηδὲν
410 563 505 622 ἀπ’
542 561 732 636 αυτοῦ,
771 560 806 638 ἢ
835 563 902 621 τὰ
930 568 1158 638 μέγιστα
1189 562 1308 637 μετ’
1343 562 1492 623 αὐτό.
1554 568 1815 638 μέγιστον

205 651 267 707 δὲ
315 648 432 723 μετ’
480 642 653 707 αὐτὸν
692 652 826 716 νοῦς
874 651 968 705 ’καὶ
1012 648 1287 720 δεύτερον.
1360 652 1452 706 καὶ
1492 647 1598 724 γὰρ
1643 646 1745 726 ὁρᾷ
1784 645 1814 707 ὅ

203 738 336 801 νοῦς
377 737 618 805 ἐκεῖνον,
671 735 763 790 καὶ
808 738 983 789 δεῖται
1024 731 1196 790 αὐτοῦ
1236 731 1437 806 μόνου,
1493 736 1701 800 ἐκεῖνος
1754 735 1815 791 δὲ

202 817 402 876 τούτου
452 816 636 875 οὐδέν.
708 818 801 874 καὶ
850 815 910 874 τὸ
957 815 1313 890 γεννώμενον
1358 814 1465 874 άπὸ
1504 823 1817 892 κρείττονος

202 905 308 960 νοῦ
355 906 497 960 νοῦν
546 901 713 959 εἶναι·
786 903 879 959 καὶ
918 909 1187 976 κρείττων
1224 900 1488 959 ἁπάντων
1527 908 1688 975 νοῦς,
1731 900 1816 959 ὅτι

138 1010 179 1042 10
202 985 373 1044 τᾶλλα
403 985 519 1060 μετ’
558 982 785 1043 αὐτόν.”

330 1076 377 1130 8.
420 1069 644 1138 Τούτοις
676 1073 796 1143 ἑξῆς
829 1071 1077 1143 ἐπιφέρει
1106 1071 1285 1143 λέγων

329 1152 557 1215 “Ποθεῑ’
596 1155 683 1212 δε
697 1158 811 1212 πᾶν
851 1153 911 1212 τὸ
953 1161 1233 1227 γεννῆσαν
1275 1156 1368 1211 καὶ
1410 1157 1574 1211 τοῦτο
1607 1150 1813 1230 άγαπα,

201 1243 294 1297 καὶ
323 1238 559 1313 μάλιστα
600 1238 734 1296 ὅταν
775 1240 876 1296 ὦσι
916 1237 1074 1312 μόνοι
1104 1238 1164 1296 τὸ
1195 1241 1474 1312 γεννῆσαν
1504 1241 1598 1295 καὶ
1628 1239 1688 1296 τὸ
1719 1262 1815 1311 γε-

202 1327 558 1397 γεννημένον.
618 1321 752 1380 ὅταν
793 1324 854 1380 δε
886 1324 978 1380 καὶ
1009 1321 1069 1380 τὸ
1099 1320 1327 1395 άριστον
1359 1323 1391 1397 ᾗ
1421 1321 1481 1380 τὸ
1511 1326 1861 1398 γεννῆσαν,1>

138 1431 178 1463 15
203 1412 256 1476 ἐξ
298 1407 542 1481 ἀνάγκης
582 1406 843 1466 σύνεστιν
882 1406 1060 1484 αὐτῷ,
1110 1432 1183 1474 ως
1222 1410 1291 1481 τῇ
1330 1405 1602 1480 ἑτερότητι
1641 1406 1814 1480 μόνον

202 1499 555 1566 κεχωρίσθαι.
639 1490 828 1549 εἰκόνα
882 1492 942 1548 δὲ
994 1494 1212 1549 ἐκείνου
1258 1490 1399 1549 εἶναι
1441 1494 1674 1565 λέγομεν
1714 1492 1815 1550 τὸν

201 1581 354 1635 νοῦν.
418 1582 508 1634 δεῖ
533 1569 638 1651 γάρ
671 1579 1015 1650 σαφέστερον
1046 1574 1284 1649 λέγειν.”

330 1666 376 1718 9.
410 1663 522 1718 Καὶ
553 1661 722 1718 πάλιν
750 1660 964 1727 τούτοις
997 1663 1235 1733 ἐπιλέγει

331 1741 479 1802 “Kaz
512 1743 604 1802 δια
631 1751 791 1802 τοῦτο
822 1749 915 1802 καὶ
944 1769 1010 1802 τα
1040 1744 1341 1811 Πλάτωνος
1371 1742 1585 1817 τριττά·
1633 1742 1813 1801 πάντα

139 1854 179 1885 20
203 1831 330 1903 περὶ
361 1827 461 1888 τὸν
488 1828 714 1888 πάντων
744 1831 977 1902 βασιλέα
1007 1831 1143 1902 φησὶ
1174 1853 1241 1886 τα
1271 1832 1488 1903 πρῶτα·
1551 1829 1644 1885 καὶ
1682 1827 1814 1886 δεύ-

200 1937 363 1988 τερον
403 1917 530 1989 περὶ
573 1938 639 1971 τα
681 1912 942 1988 δεύτερα,
1002 1915 1095 1970 καὶ
1134 1915 1261 1987 περὶ
1299 1938 1366 1970 τα
1404 1919 1561 1986 τρίτα
1609 1919 1810 1986 τρίτον.

201 2000 348 2071 λέγει
397 1999 458 2055 δε
507 2001 599 2056 καὶ
637 2002 736 2056 τοῦ
776 2004 956 2055 αἰτίου
997 1998 1141 2055 εἶναι
1189 2000 1425 2070 πατέρα,
1487 2006 1663 2054 αἴτιον
1712 2022 1813 2070 μεν

199 2081 297 2140 τὸν
347 2086 487 2140 νοῦν
537 2085 739 2156 λέγων·
832 2082 1167 2157 δημιουργὸς
1218 2107 1323 2156 γαρ
1376 2077 1404 2137 ὁ
1456 2087 1588 2147 νοῦς
1642 2079 1807 2157 αὐτῷ.
1837 2110 1854 2132 c

204 2172 283 2224 10,
324 2171 523 2225 τοῦτον
564 2169 631 2224 δέ
655 2184 791 2241 φησι
820 2164 924 2239 τὴν
953 2166 1139 2239 ψυχὴν
1168 2179 1351 2222 ποιειν
1383 2167 1442 2221 έν
1471 2168 1546 2240 τῷ
1578 2169 1812 2239 κρατῆρι

136 2274 178 2306 25
203 2255 413 2328 ἐκείνῳ.
473 2256 573 2309 τοῦ
614 2253 674 2308 δὲ
714 2257 895 2307 αἰτίου
925 2253 1029 2307 νοῦ
1056 2247 1241 2321 ὄντος,
1285 2251 1495 2322 πατέρα
1534 2251 1674 2321 φησὶ
1715 2246 1813 2305 τά-

202 2334 384 2406 γαθὸν
438 2338 531 2391 καὶ
580 2334 639 2391 τὸ
693 2337 948 2390 ἐπέκεινα
998 2337 1102 2390 νοῦ
1153 2335 1245 2390 καὶ
1296 2334 1551 2390 ἐπέκεινα·
1601 2331 1809 2400 οὐσίας.

202 2421 483 2490 πολλαχοῦ
534 2418 595 2474 δὲ
640 2417 701 2474 τὸ
743 2414 807 2474 ὂν
851 2419 943 2474 καὶ
982 2416 1080 2475 τὸν
1120 2422 1260 2475 νοῦν
1298 2417 1400 2490 τὴν
1444 2419 1601 2474 ἰδέαν
1645 2420 1805 2490 λέγει.

203 2501 343 2559 ὥστε
374 2500 651 2559 Πλάτωνα
683 2504 891 2559 εἰδέναι
923 2505 983 2558 ἐκ
1012 2502 1115 2575 μὲν
1144 2506 1243 2559 τοῦ
1273 2499 1494 2574 άγαθοῦ
1521 2500 1618 2558 τὸν
1648 2505 1806 2574 νοῦν,

204 2589 262 2643 ἐκ
306 2587 366 2643 δὲ
404 2590 501 2644 τοῦ
539 2590 640 2643 νοῦ
680 2585 783 2658 τὴν
825 2584 1034 2660 ψυχήν·
1107 2588 1199 2643 καὶ
1241 2586 1385 2644 εἶναι
1435 2584 1564 2651 τούς
1612 2584 1810 2658 λόγους

139 2694 179 2726 30
202 2668 403 2728 τούσδε
433 2670 507 2743 μὴ
539 2668 789 2742 καινούς,
821 2671 960 2743 μηδὲ
990 2674 1124 2743 νῦν,
1157 2667 1295 2727 ἄλλα
1325 2669 1494 2727 πάλαι
1524 2670 1626 2742 μὲν
1658 2673 1811 2742 εἰρῆ-

205 2765 341 2812 σθαι
382 2754 456 2828 μὴ
497 2753 991 2827 ἀναπεπταμένως·
1050 2753 1179 2822 τούς
1222 2756 1280 2812 δὲ
1320 2761 1427 2812 νῦν
1458 2753 1655 2826 λόγους
1687 2757 1810 2825 ἐξη-

203 2838 368 2912 γητὰς
401 2842 629 2897 ἐκείνων
658 2840 977 2912 γεγονέναι,
1008 2846 1329 2914 μαρτυρίοις
1360 2841 1809 2910 πιστωσαμένους
