2014 3146
228 117 334 171 466

230 233 521 285 Pythagoras
562 245 588 271 a
629 231 805 272 Judaeis
846 232 991 274 multa

288 289 442 328 hausit
461 289 541 327 411
555 302 596 331 a.
618 289 701 328 664
712 302 753 328 a.

260 367 313 374 —-
341 344 638 398 philosophus
665 346 843 386 Mosem
873 345 990 400 legit

258 403 497 499 jntzrrae
554 461 724 499 motum
781 459 993 512 praedixit

285 517 368 556 464
379 514 421 558 d.

258 594 310 600 —
335 571 539 623 Samius,
562 571 637 613 vel
662 572 839 612 Tuscus
858 574 942 614 470
954 586 992 614 c.

258 650 312 657 —
334 628 486 679 Syrus,
507 628 582 670 vel
602 629 768 680 Tyrius
789 630 872 670 470
883 629 925 671 d.

257 707 312 713 —
328 683 608 736 Pherecydis
626 685 877 738 discipulus
893 685 993 738 phi-

284 742 507 794 losophiae
578 755 742 783 nomen
817 742 994 783 invenit

259 798 530 895 —4735alicae
566 854 868 908 philosophiae
901 855 990 896 dux

257 913 536 1009 221?ssde
559 969 639 1009 193
651 981 690 1007 a.
716 970 796 1009 196
810 981 849 1008 ο..

229 1025 511 1078 Pythagorei
532 1026 614 1065 548
625 1025 669 1067 b.'
693 1026 773 1066 671
789 1039 829 1065 a.
853 1026 935 1066 839
948 1026 992 1069 b.

229 1083 421 1191 pyffffls‘
442 1136 704 1178 Aristotelis
720 1150 832 1178 uxor
853 1140 934 1179 793
947 1139 991 1180 b.

230 1195 422 1247 Pythius
443 1196 525 1234 469
538 1194 579 1235 d.
599 1195 682 1234 472
695 1195 737 1235 d.

228 1251 376 1304 Pytho
399 1251 567 1304 Delphi
589 1253 670 1291 205
682 1263 722 1294 a.

228 1307 475 1360 Pythocles
498 1310 696 1360 scriptor
719 1309 797 1348 157
811 1308 851 1349 d.

230 1506 542 1557 Quadriremis
590 1502 992 1558 Carthaginiensi-

286 1578 359 1604 um
385 1564 621 1602 inventum
648 1563 730 1602 476
742 1575 783 1605 a.
829 1563 993 1603 V.Tri-

286 1621 422 1661 remis
447 1623 492 1660 et
512 1619 668 1660 Navis.

230 1816 466 1872 Raguelus
488 1818 571 1857 434
582 1830 621 1856 a.

231 1876 383 1928 Reges
413 1873 696 1925 Judaeorum,
739 1886 793 1914 ex
822 1873 991 1914 Euseb.

287 1934 369 1972 503
381 1944 420 1971 a.

258 2009 312 2016 -
333 1991 541 2041 pastores
562 1986 660 2026 veri
681 1989 785 2026 sunt
803 1987 885 2026 614
897 2000 936 2028 a.

221 2038 326 2098 Ῥὴς
349 2045 482 2084 litera
503 2042 634 2083 474d.

231 2102 430 2153 Respub.
468 2101 781 2142 Hebraeorum.
825 2100 875 2139 V.
905 2100 996 2139 He-

284 2156 770 2208 braei‚Judaei‚Moses.
789 2156 996 2197 fuitmu-

287 2208 488 2266 κρατικὴ
512 2214 591 2254 361
607 2213 648 2255 d.

259 2294 314 2300 -
338 2270 582 2324 praeceptis
593 2272 774 2310 constat
795 2273 841 2310 et
862 2271 996 2310 mori-

288 2329 373 2368 bus
396 2328 477 2368 362
490 2328 530 2366 d.

260 2407 312 2412 —-
363 2397 495 2436 quam
551 2385 768 2423 constans
835 2383 995 2436 suique

288 2453 467 2492 semper
488 2439 650 2480 similis
673 2441 755 2480 364
767 2439 806 2478 b.

260 2520 315 2525 —
335 2496 653 2536 sacerdotibus
676 2499 894 2548 quantum
916 2497 997 2536 tri-

290 2554 452 2594 bueret
473 2551 555 2592 364
569 2552 609 2591 d.

260 2633 314 2638 —
337 2622 436 2663 quae
459 2609 694 2662 praecipua
723 2612 901 2649 statuat
927 2609 991 2649 le-

289 2680 393 2720 gum
415 2677 597 2706 suarum
620 2665 774 2717 capita
795 2666 878 2705 365
890 2666 929 2708 b.

259 2745 315 2752 —-
337 2736 437 2763 cum
467 2722 712 2761 Platonica
743 2721 994 2773 Spartana-

291 2793 376 2833 que
399 2779 632 2819 confertur
652 2778 733 2818 369
745 2778 838 2819 c.d.

261 2859 315 2864 —
335 2836 536 2877 divinum
567 2834 799 2887 exemplar
827 2835 997 2875 intueri

290 2893 428 2933 debet
448 2890 710 2944 respublica
739 2893 814 2932 511
832 2891 875 2935 b.
897 2892 993 2933 593.

813 121 1006 162 INDEX
1019 152 1022 154 v
1035 120 1249 162 RERUM

1077 232 1368 286 Respublicae
1397 237 1515 286 tres,
1545 249 1685 278 aurea
1708 238 1843 289 Chri-

1135 290 1404 343 stianorum,
1424 293 1842 343 argenteaJudaeo-

1134 358 1253 396 rum,
1301 358 1423 387 aerea
1461 346 1721 390 Graecorum
1735 380 1746 401 ,
1789 365 1845 392 ex

1136 401 1374 443 Clemente
1396 404 1477 443 672
1489 417 1526 443 c.

1078 458 1375 500 Resurrectio
1407 464 1631 512 quatenus
1651 461 1842 503 Platoni

1082 551 1084 554 .
1135 518 1246 555 nota
1265 516 1346 557 561
1360 515 1402 559 d.

1108 594 1163 600 —
1185 572 1242 612 ab
1267 571 1424 613 eodcm
1444 572 1612 614 Alcimi
1638 573 1843 629 exemplo

1135 629 1332 680 probata
1355 631 1436 670 563
1449 643 1491 670 a.

1107 708 1162 714 —-
1192 685 1303 725 item
1331 686 1433 727 Eris
1461 687 1559 728 sive
1587 688 1845 729 Zoroastris

1138 741 1345 794 exemplo
1366 744 1446 783 675
1457 743 1498 783 d.

1106 820 1160 826 ——
1181 798 1428 841 Plutarcho
1449 803 1560 840 nota
1581 801 1663 842 563
1673 801 1714 841 d.

1107 877 1160 882 —
1188 854 1366 907 Antylli
1403 857 1610 909 exemplo
1649 858 1844 910 probata

1080 968 1177 1008 Rex
1198 968 1379 1021 proprie
1402 969 1513 1008 deus
1537 973 1607 1010 est
1628 971 1755 1013 3860.

1079 1024 1460 1065 Rhadamanthus
1485 1026 1565 1066 662
1576 1039 1617 1066 a.

1080 1081 1233 1128 Rhea,
1253 1080 1370 1121 Coeli
1390 1081 1488 1122 filia
1509 1085 1562 1123 37
1578 1096 1616 1124 c.
1638 1085 1691 1124 57
1704 1097 1740 1123 c.

1107 1159 1162 1164 —
1183 1132 1453 1189 πετρώδους
1473 1135 1556 1180 καὶ
1577 1131 1737 1194 ὀρείου
1758 1139 1844 1194 γῆς

1138 1188 1342 1247 δύναμις
1373 1197 1452 1236 109
1466 1209 1506 1238 a.

1111 1273 1165 1279 —-
1189 1251 1320 1291 deum
1350 1254 1517 1303 mater,
1561 1253 1726 1304 quibus
1766 1253 1842 1293 'de-

1139 1307 1335 1348 lectetur
1359 1308 1491 1348 1921).

1110 1386 1165 1392 —-
1190 1362 1384 1417 Τιτηνὶς
1406 1364 1530 1406 dicta
1553 1367 1631 1406 192
1644 1367 1687 1408 b.

1082 1420 1249 1461 Rhodii
1285 1421 1490 1461 homines
1526 1421 1724 1463 Saturno
1763 1424 1843 1463 im·

1137 1477 1370 1518 molabant
1393 1480 1472 1519 155
1484 1478 1525 1520 b.

1082 1534 1275 1574 Romani
1299 1547 1432 1586 quam
1450 1539 1632 1576 auctore
1652 1535 1845 1576 Romulo

1136 1590 1417 1644 theologiam
1438 1591 1682 1633 habuerint
1699 1594 1764 1633 78.
1777 1594 1844 1633 79.

1108 1670 1162 1675 —-
1184 1647 1447 1688 Graecorum
1466 1649 1649 1689 fabulas
1667 1648 1756 1689 diis
1777 1649 1845 1688 in·

1137 1704 1300 1755 dignas
1323 1702 1529 1755 rejecere
1551 1707 1604 1746 79
1615 1719 1656 1747 a.

1108 1784 1161 1789 —
1183 1755 1570 1812 ἅνθρωποθύται
1592 1763 1672 1802 156
1682 1776 1719 1801 c.

1107 1818 1161 1844 -”-
1183 1829 1211 1856 a
1233 1817 1379 1855 Numa
1409 1817 1631 1868 instituti,
1660 1829 1740 1870 per
1763 1829 1843 1856 an-

1135 1885 1215 1913 nos
1239 1874 1319 1913 170
1340 1872 1468 1912 nulla
1495 1873 1682 1913 deorum
1707 1874 1845 1913 simu·

1141 1928 1272 1969 Iaera
1294 1928 1495 1969 habuere
1516 1931 1600 1970 410
1612 1943 1649 1970 c.

1112 2008 1166 2012 —
1188 1985 1485 2025 barbarorum
1532 1986 1660 2038 leges
1702 1990 1845 2026 muta-

1141 2045 1246 2081 runt
1268 2043 1349 2082 279
1362 2042 1403 2082 b.

1083 2097 1302 2140 Romulus
1312 2098 1506 2151 aequalis
1517 2099 1727 2140 Ezechiae
1749 2100 1848 2152 regi

1138 2155 1169 2195 J
1172 2156 1401 2196 udaeorum
1421 2156 1502 2197 503
1515 2156 1556 2196 b.

1083 2211 1385 2252 Ruminantes
1434 2213 1692 2254 animantes
1741 2211 1848 2265 quid

1140 2269 1455 2322 significarent
1475 2269 1556 2310 373
1569 2282 1606 2311 c.
1628 2268 1670 2309 d.

1083 2325 1205 2365 Ruta
1251 2326 1299 2366 in
1347 2325 1606 2366 simulacris
1628 2345 1635 2347 Δ
1653 2327 1846 2379 magicis

1082 2607 1273 2649 Sabaeus
1301 2609 1349 2648 in
1395 2608 1616 2649 comoedia
1652 2608 1844 2662 perstri-
1909 2643 1913 2646 .

1139 2668 1239 2704 ctus
1262 2667 1343 2705 229
1357 2678 1395 2708 a.

1083 2721 1367 2762 Sabbathum
1397 2722 1454 2762 ab
1478 2721 1687 2762 Hebraeis
1711 2734 1843 2774 quam

1138 2778 1354 2831 religiose
1385 2779 1553 2819 cultum
1593 2781 1640 2818 et
1666 2778 1714 2816 in
1746 2778 1844 2830 qui-

1138 2835 1222 2875 bus
1245 2839 1518 2888 occupatum
1540 2835 1620 2874 359
1634 2847 1672 2876 c.
1689 2834 1729 2878 d.

1110 2913 1165 2918 —
1195 2903 1330 2943 quam
1354 2889 1477 2942 juste
1509 2891 1770 2932 institutum
1803 2894 1848 2931 et
