2014 3146
0 0 389 294 W

59 198 378 320 ,ω

123 274 240 378 'V

364 810 801 872 ΕὙΣΕΒΙΟΥ
846 809 1022 872 TOT
1067 809 1539 871 HAM<1>1AOT
1769 837 1863 881 [298]

213 959 988 1015 ΠΡΟΠΑΡΑΣΚΕΥΗΣ
1038 926 1679 1014 ΕΥΑΓΓΕΛΙΚΗΣ

608 1110 867 1151 ΒΙΒΛΙΟΝ
896 1109 1283 1151 ΕΝΔΕΚΑΤΟΝ.

441 1205 768 1239 ΠΡΟΟΙΜΙΟΝ
792 1205 938 1239 ΠΕΡΙ
962 1204 1076 1238 ΤΗΣ
1101 1201 1446 1241 ΥΠΟΘΕΣΕΩΣ.
1767 1189 1861 1263 ἑὸθῖ)

103 1349 122 1381 5
265 1321 323 1383 Ο
354 1325 456 1398 μὲν
488 1324 556 1397 δὴ
587 1328 685 1382 τοῦ
715 1324 848 1398 μετὰ
879 1339 1065 1398 χεῖρας
1095 1322 1357 1425 προάγων
1387 1328 1481 1396 τῆς
1505 1320 1752 1397 Εὖαγγε-

145 1414 301 1481 λικῆς
344 1413 823 1482 Προπαρασκευῆς
868 1411 1092 1497 δέκατος
1134 1405 1212 1465 ὢν
1255 1406 1416 1481 τόμος
1456 1406 1559 1465 οὐκ
1600 1411 1754 1511 ἐμαῖς
1779 1427 1801 1458 d

144 1508 387 1567 φωναῖς,
428 1508 546 1560 ταῖς
593 1491 643 1549 δ’
691 1495 903 1561 ἔξωθεν
977 1498 1139 1588 υνῙτ
1212 1496 1540 1565 ’μαρτυρίαις
1579 1492 1638 1549 τὸ
1679 1491 1754 1566 μὴ

145 1574 366 1644 ἀπεικὸς
419 1579 562 1636 εἶναι
601 1578 729 1644 τοὺς
768 1576 935 1649 Ἐλλη
1012 1601 1038 1643 ς
1076 1602 1110 1649 μ
1192 1578 1524 1634 ἔντοίκοθεν
1577 1576 1755 1650 σοφὸν

145 1665 643 1736 ἐπενηνεγμένους,
689 1668 739 1720 εἰ
767 1661 841 1735 μὴ
871 1660 954 1718 ὅτι
982 1659 1160 1734 μόνην
1197 1659 1300 1734 τὴν
1333 1665 1392 1718 ἐν
1422 1659 1604 1733 λόγοις
1639 1667 1754 1718 δει-

81 1770 122 1802 10
143 1746 344 1820 νότητά
383 1772 442 1804 τε
481 1749 574 1804 καὶ
614 1745 979 1819 εὐγλωττίαν,
1024 1744 1090 1803 τά
1120 1744 1299 1803 πάντα
1342 1746 1403 1802 δὲ
1442 1767 1590 1818 παρα
1621 1752 1752 1819 βαρ-

145 1830 336 1906 βάρων
368 1834 883 1905 ἐσκευωρημένους,
915 1830 1058 1904 μηδὲ
1087 1828 1152 1886 τά
1185 1828 1459 1903 Ἑβραίων
1483 1827 1754 1903 ἀγνοῆσαι

143 1915 320 1989 λόγια,
352 1918 443 1972 καὶ
473 1914 686 1974 τούτων
717 1916 778 1973 δὲ
810 1920 871 1973 έν
900 1917 1052 1988 μέρει
1077 1913 1473 1987 καθάψασθαι,
1504 1911 1588 1972 ὅτι
1614 1916 1754 1988 μηδὲ

142 2004 238 2072 τῆς
269 2005 380 2058 τῶν
411 2003 696 2073 σφετέρων
729 2003 788 2057 ἐν
818 1999 1205 2073 συγγράμμασι
1235 2006 1547 2073 φιλοτιμίας
1579 2010 1753 2057 καθα-

144 2084 244 2158 ρὰς
297 2084 638 2157 ἐφυλάξαντο
689 2089 894 2156 κλοπῆς
943 2082 1039 2151 τας
1083 2098 1284 2156 χεῖρας.
1368 2086 1601 2150 κλέπτας
1649 2084 1753 2155 γὰρ

81 2189 122 2221 15
148 2165 348 2235 αὐτούς
390 2168 493 2243 οὐχ
523 2167 552 2226 ὁ
585 2167 715 2241 παρ’
753 2165 942 2242 ἡμῶν,
990 2164 1064 2234 ὥς
1105 2173 1275 2239 ἔφην,
1317 2165 1506 2238 λόγος,
1549 2165 1577 2223 ὃ
1611 2165 1663 2223 δ’
1700 2171 1753 2235 ἐξ

146 2252 332 2310 αὐτῶν
374 2252 772 2326 παρεστήσατο.
855 2256 902 2308 2.
959 2248 1025 2307 οὐ
1065 2249 1175 2323 μὴν
1218 2247 1357 2307 ἄλλα
1399 2253 1491 2307 καὶ
1534 2249 1755 2324 σφόδρα
1774 2270 1863 2311 (508)

146 2340 307 2402 νέους
359 2338 502 2408 ὁμοῦ
551 2340 616 2410 τῇ
667 2332 937 2408 φρονήσει
989 2337 1081 2391 καὶ
1131 2332 1233 2406 τὴν
1271 2333 1494 2406 ἡλικίαν
1534 2333 1753 2407 αὐτοὺς,

146 2418 296 2492 παρα
327 2427 586 2477 πλεῖστον
625 2417 758 2480 όσον
796 2423 890 2491 τῆς
925 2417 1216 2493 Εβραικῆς
1255 2421 1613 2492 λειπομένους
1654 2444 1755 2493 αρ-

145 2510 486 2576 χαιολογίας,
535 2507 596 2560 ἐν
623 2507 804 2580 ταυτῷ
837 2502 928 2560 δια
967 2507 1063 2574 τῆς
1092 2506 1205 2561 τῶν
1243 2502 1461 2577 χρόνων
1502 2506 1754 2577 παραθέ-

81 2608 122 2640 20
146 2606 286 2654 σεως
318 2595 579 2660 ἔγνωμεν.
640 2592 688 2644 3.
719 2591 891 2644 ταῦτα
920 2612 1022 2660 μεν
1052 2612 1156 2645 ουν
1184 2585 1212 2643 ὁ
1244 2586 1350 2659 πρὸ
1379 2586 1604 2645 τούτου
1637 2587 1665 2645 ὁ
1693 2591 1757 2645 δέ

146 2696 208 2742 γε
239 2670 433 2745 παρών
465 2675 735 2744 ἐπείγεται
765 2671 961 2730 λοιπὸν
978 2669 1113 2744 ἤδη,
1147 2669 1332 2745 ω’σπερ
1362 2695 1414 2728 τι
1444 2676 1621 2745 χρέος,
1652 2671 1754 2744 τὴν

150 2759 562 2828 ἐπηγγελμένην
598 2752 901 2828 υπόσχεσιν
940 2753 1249 2812 ἀποδοῦναι
1298 2758 1388 2812 καὶ
1429 2756 1531 2827 τὴν
1572 2763 1633 2813 ἔν
1671 2780 1753 2812 τι-

148 2856 256 2909 σιν,
301 2846 352 2895 εἰ
379 2842 470 2896 καὶ
501 2839 575 2911 μὴ
609 2845 669 2896 ἐν
699 2844 862 2910 πᾶσι,
905 2853 1018 2905 τοῖς
1050 2845 1397 2912 δογματικοῐς
1427 2839 1749 2914 θεωρήμασι

230 2946 462 2974 EUSEBIUS
495 2948 546 2977 II.
1468 2934 1494 2983 1.
