2014 3146
609 115 820 156 PRAEP.
853 115 1071 157 EVANG.
1105 116 1203 158 xv.
1237 118 1275 159 1.
1308 119 1348 161 2.
1672 116 1776 168 339

165 236 498 304 πατητικοῦ,
542 227 601 299 ὃς
635 234 696 289 έν
735 234 813 308 τῶ
852 229 1069 308 ἑβδόμῳ
1106 233 1247 305 Περὶ
1279 239 1613 306 φιλοσοφίας
1643 231 1774 291 τάδε
1799 252 1884 294 (⁷91)

165 317 290 390 περὶ
323 314 497 373 αὐτοῦ
523 314 725 389 γράφει

289 410 347 460 Π.
383 395 550 467 “Πῶς
582 397 687 474 γὰρ
718 397 838 457 οἷόν
867 424 943 472 τε,
977 398 1230 474 καθάπερ
1255 403 1428 479 φησὶν
1454 397 1772 476 Ἐπίκουρος
1793 420 1879 463 [462]

165 487 225 541 ἐν
266 486 335 558 τῇ
373 487 499 558 περὶ
538 488 649 542 τῶν
693 483 1142 557 ἐπιτηδευμάτων
1184 487 1470 559 ἐπιστολῇ,
1513 488 1642 544 νέον
1671 487 1773 559 μὲν
1797 509 1818 540 b

119 592 139 625 5
162 566 294 626 ὄντα
327 584 668 643 καταφαγεῖν
700 567 868 627 αὐτὸν
898 566 999 642 τὴν
1029 567 1293 646 πατρῴαν
1323 568 1551 642 οὐσίαν,
1586 577 1771 629 ἔπειτα

164 654 223 710 δὲ
256 655 345 711 ε’πὶ
362 654 421 711 τὸ
446 653 848 728 στρατεύεσθαι
873 657 1138 726 συνῶσαι,
1172 657 1351 720 κακῶς
1379 655 1437 712 δὲ
1463 654 1770 728 πράττοντα

162 742 223 796 ἐν
251 736 463 805 τούτοις
497 741 583 796 ε’πὶ
607 739 665 795 τὸ
691 745 1162 812 φαρμακοπωλεῖν
1187 741 1395 811 ἐλθεῖν,
1431 745 1615 796 ἔπειτα
1638 737 1767 797 άνα·

158 825 510 895 πεπταμένου
550 825 650 880 τοῦ
678 821 978 889 Πλάτωνος
1019 820 1325 896 περιπάτου
1356 827 1490 880 πᾶσι
1521 831 1769 898 παραβα-

159 914 278 964 λεῖν
310 904 509 977 αύτόν;
539 912 588 965 2.
616 904 650 979 ἢ
682 910 798 974 πῶς
828 904 900 964 ἄν
930 930 1011 972 τις
1043 903 1367 974 ἀποδέξαιτο
1406 914 1640 980 Τιμαίου
1671 912 1769 965 τοῦ

93 1014 134 1045 10
166 996 578 1066 Ταυρομενίτου
630 994 886 1064 λέγοντος
948 995 1007 1048 ἐν
1067 1004 1187 1058 ταῖς
1241 996 1503 1066 ἱστορίαις
1566 989 1767 1060 άδόξου

158 1074 336 1149 θύρας
369 1073 538 1134 αὐτὸν
570 1082 815 1151 ἰατρείου
846 1077 938 1133 καὶ
968 1074 1062 1143 τὰς
1092 1074 1363 1149 τυχούσας
1395 1075 1494 1144 ὀψὲ
1526 1080 1621 1150 τῆς
1652 1076 1766 1149 ἡλι-

157 1166 277 1228 κιάς
309 1168 549 1231 κλεῖσαις
581 1165 628 1218 3.
661 1167 742 1227 τίς
778 1159 829 1217 δ’
865 1156 935 1217 ἂν
965 1167 1224 1233 πεισθείη
1255 1175 1368 1227 τοῖς
1399 1159 1495 1218 ὑπ’
1526 1160 1765 1234 Ἀριστο-

155 1247 315 1312 ξένου
345 1249 446 1302 τοῦ
474 1248 742 1319 μουσικοῦ
763 1247 1077 1318 λεγομένοις
1100 1248 1160 1302 έν
1184 1249 1258 1322 τῶ
1283 1251 1390 1322 βίῳ
1414 1251 1512 1303 τοῦ
1535 1244 1764 1304 Πλάτω-
1797 1278 1813 1299 e

154 1353 276 1400 νος;
310 1333 370 1387 έν
401 1354 504 1403 γαρ
536 1333 604 1404 τῇ
633 1329 815 1404 πλάνη
847 1332 938 1387 καὶ
968 1333 1033 1403 τῇ
1066 1326 1348 1405 ἀποδημία
1379 1331 1553 1402 φησὶν
1579 1334 1764 1388 ἐπανί-

92 1434 131 1475 15
156 1424 394 1472 στασθαι
426 1417 516 1471 καὶ
548 1413 966 1488 αντοικοδομεῑν
989 1413 1140 1491 αὐτῷ
1164 1438 1315 1480 τινας
1338 1421 1661 1488 Περίπατον
1685 1418 1762 1483 ξέ-

156 1523 286 1566 νους
307 1497 486 1565 ὄντας.
520 1509 729 1557 οιονται
743 1524 846 1557 ουν
870 1505 1006 1557 ἔνιοι
1027 1504 1198 1556 ταῦτα
1213 1501 1340 1601 περὶ
1358 1495 1762 1600 ’.Αριστοτέλους

153 1588 336 1655 λέγειν
377 1581 577 1654 αὐτὸν,
616 1581 991 1655 Ἀριστοξένου
1026 1581 1115 1640 δια
1147 1583 1348 1649 παντὸς
1383 1581 1762 1657 εύφημοῦντος

147 1665 537 1741 Ἀριστοτέλην.
579 1672 626 1725 4.
645 1672 1019 1741 καταγέλαστα
1034 1673 1065 1724 δ
1074 1665 1086 1685 ’
1110 1667 1331 1733 εἰκότως
1358 1667 1499 1726 εἶναι
1520 1674 1659 1740 φαίη
1683 1694 1762 1736 τις

151 1749 221 1809 ἂν
235 1755 326 1810 καὶ
347 1746 413 1810 τὰ
430 1750 968 1826 ἀπομνημονεύματα
980 1751 1045 1810 τὰ
1063 1749 1340 1821 Ἀλεξίνου
1353 1756 1450 1810 τοῦ
1470 1756 1757 1826 ἐριστικοῦ.

87 1860 128 1893 20
151 1850 299 1894 ποιεῖ
327 1837 431 1911 γὰρ
457 1835 822 1910 Ἀλέξανδρον
852 1842 1024 1895 παῖδα
1066 1835 1458 1910 διαλεγόμενον
1489 1840 1565 1914 τῷ
1594 1841 1761 1910 πατρὶ

153 1928 429 1999 Φιλίππῳ,
463 1924 554 1978 καὶ
582 1921 920 1988 διαπτύοντα
940 1923 1040 1995 μὲν
1072 1920 1199 1989 τους
1230 1925 1328 1979 τοῦ
1353 1919 1760 1994 Ἀριστοτέλους
1786 1944 1806 1976 d

149 2005 365 2078 λόγους,
397 2004 806 2079 ἀποδεχόμενον
839 2007 899 2063 δὲ
922 2004 1265 2079 Νικαγόραν,
1298 2002 1610 2080 τὸνἘρμῆν
1640 2011 1759 2064 ε’πι-

149 2092 439 2163 κληθέντα.
510 2095 558 2146 5.
601 2093 692 2147 καὶ
737 2089 1088 2162 Εὐβουλίδης
1141 2091 1199 2146 δὲ
1249 2089 1539 2162 προδήλως
1582 2094 1641 2147 ἐν
1681 2095 1756 2167 τῷ

150 2173 264 2231 κατ’
313 2173 486 2234 αὐτοῦ,
524 2180 723 2249 βιβλίῳ
756 2173 1049 2244 ψεύδεται,
1083 2178 1301 2246 πρῶτον
1340 2174 1441 2246 μὲν
1480 2172 1755 2246 ποιήματα

82 2279 122 2312 25
148 2258 330 2332 ψυχρά
353 2258 786 2331 προφερόμενος,
823 2257 896 2324 ῶς
913 2256 1274 2331 γεγραφότων
1301 2256 1487 2316 ἄλλων
1507 2260 1632 2331 περὶ
1656 2263 1755 2315 τοῦ

148 2342 325 2416 γάμου
358 2345 449 2399 καὶ
488 2347 583 2415 τῆς
624 2340 758 2416 πρὸς
784 2338 1041 2417 Ἑρμείαν
1079 2341 1377 2416 οἰκειόητος
1419 2340 1567 2419 αὐτῷ
1599 2366 1754 2415 γεγο-

147 2433 326 2499 νυίας,
359 2432 543 2483 ἔπειτα
562 2434 821 2503 Φιλίππῳ
852 2425 1084 2499 φάσκων
1109 2424 1279 2484 αύτὸν
1300 2425 1630 2500 προσκόψαι,
1664 2430 1754 2485 καὶ

145 2517 469 2568 τελευτῶντι
502 2511 762 2569 Πλάτωνι
793 2509 866 2583 μὴ
897 2515 1340 2584 παραγενέσθαι,
1377 2512 1443 2569 τά
1474 2535 1532 2569 τε
1563 2519 1752 2584 βιβλία

146 2594 316 2652 αὐτοῦ
348 2601 689 2668 διαφθεῖραι.
733 2601 780 2652 6.
814 2594 916 2668 τὴν
945 2596 1046 2668 μὲν
1076 2596 1180 2669 γάρ
1195 2594 1559 2671 Δημοχάρους
1590 2620 1751 2669 κατη-

81 2700 120 2733 30
144 2687 341 2753 γορίαν
380 2678 516 2736 κατὰ
553 2684 664 2737 τῶν
708 2679 1033 2752 φιλοσόφων
1072 2687 1129 2737 τί
1153 2679 1255 2754 χρὴ
1296 2684 1506 2753 λέγειν;
1548 2679 1614 2737 οὐ
1644 2678 1750 2753 γὰρ

139 2761 515 2839 ’.Αριστοτέλην
536 2763 727 2837 μόνον,
758 2761 896 2821 ἀλλὰ
918 2767 1008 2821 καὶ
1034 2763 1159 2831 τοὺς
1181 2763 1381 2832 ἄλλους
1402 2770 1579 2831 κακῶς
1604 2773 1747 2838 εἴρη-

143 2872 252 2906 κεν.
318 2855 394 2906 ἔτι
435 2874 497 2922 γε
536 2847 646 2922 μὴν
687 2845 854 2916 αὐτάς
885 2847 978 2916 τας
1021 2849 1284 2922 διαβολὰς
1315 2855 1538 2907 σκοπῶν
1569 2845 1638 2905 ἄν
1667 2872 1748 2914 τις

1382 2941 1451 2993 22
1467 2945 1495 2976 ’³‘
