2014 3146
265 132 334 184 64
943 132 1190 174 EUSEBII

264 247 471 324 τρόπου
500 251 596 320 τῆς
629 250 687 304 ἐκ
717 251 910 313 κακίας
941 255 1329 320 παραμυθίας,
1369 247 1430 305 τὸ
1460 251 1528 323 τῇ
1565 245 1875 307 ἄντανισῶ-

266 352 351 391 σει
381 336 475 404 τῆς
507 331 691 389 αὑτῶν
721 328 1045 403 ἀθλιότητος
1076 329 1168 388 διὰ
1208 331 1274 388 τὰ
1314 338 1525 400 ἔξωθεν
1564 332 1873 407 φαινόμενα

265 417 871 491 προσαναπαυομένους
903 421 1126 472 πείθειν
1156 415 1416 487 ἑαυτοὺς,
1457 414 1538 474 ὅτι
1571 416 1643 485 ῶς
1673 417 1739 474 τὰ
1770 421 1872 486 ἔξω

265 504 358 558 καὶ
387 499 453 557 τὰ
486 509 615 557 εἴσω
646 498 823 572 ὅμοιοι
854 498 1054 566 πάντες
1085 496 1432 571 ἄνθρωποι.”

155 604 245 646 (557)
395 590 474 641 17.
531 583 758 642 Τούτων
795 579 1059 641 ἁπάντων
1102 583 1432 650 διδάσκαλος
1471 586 1685 657 πέφηνε
1714 608 1874 658 γεγο-
1896 609 1916 642 5

264 667 375 736 νῶς
414 668 441 726 6
475 674 718 741 Μωσῆς,
760 664 819 736 ὃς
862 665 1081 735 διεξιῶν
1120 666 1222 741 τὴν
1253 667 1479 742 πρῶτην
1509 665 1876 743 ἀνθρωπογο-

264 761 396 812 νίαν
436 751 572 810 κατὰ
612 752 706 819 τὰς
747 759 1113 825 προτεθείσας
1154 754 1323 821 λέξεις
1376 751 1468 810 διὰ
1505 756 1600 825 τῆς
1639 753 1774 827 πρὸς
1815 752 1876 810 τὸ

265 849 426 895 θεῖον
474 832 841 910 ἐξομοιῶσεως
879 834 1009 904 τούς
1049 839 1176 911 περὶ
1214 841 1394 910 ψυχῆς
1433 835 1748 904 ἀθανασίας
1789 836 1876 894 λό-

265 946 398 995 γους
430 920 782 979 ἐπιστώσατο.
846 925 926 980 18.
970 918 1093 978 ἀλλ’
1129 920 1320 994 ἐπειδὴ
1350 919 1416 978 τὰ
1447 924 1573 996 περὶ
1602 925 1698 993 τῆς
1728 920 1877 978 ἀσω-

266 1006 442 1079 μάτου
491 1008 583 1063 καὶ
633 1002 883 1081 ἀφανρῦς
932 1003 1124 1072 οὐσίας
1175 1004 1449 1079 σύμφωνα
1499 1007 1591 1063 καὶ
1639 1005 1875 1079 ὁμόδοξα
1899 1029 1938 1060 10

267 1099 471 1148 Μωσεῖ
496 1093 588 1147 καὶ
609 1089 873 1147 Πλάτωνι
903 1091 1163 1162 συνέστη,
1189 1089 1303 1162 ῶρα
1327 1093 1420 1147 καὶ
1450 1089 1516 1147 τὰ
1545 1090 1708 1148 λοιπὰ
1737 1095 1876 1164 μέρη

265 1179 360 1247 τῆς
392 1199 527 1232 κατα
558 1173 835 1232 Πλατωνα
875 1181 1208 1248 φιλοσοφίας
1250 1178 1657 1249 ἐπιθεωρῆσαι,
1701 1179 1881 1243 δεῖξαί

265 1283 324 1317 τε
353 1257 450 1316 τὸν
481 1256 661 1331 ἄνδρα
685 1255 957 1333 Ἑβραίοις
995 1283 1135 1315 κατα
1178 1281 1358 1316 παντα
1397 1266 1592 1332 φίλον,
1635 1257 1785 1325 ἐκτὸς
1830 1265 1880 1316 εἰ

223 1343 341 1416 ὺμή
380 1367 489 1400 που
529 1345 906 1417 παρατραπεὶς
954 1339 1461 1417 ανθρωπινῶτερον
1510 1340 1544 1415 ἢ
1593 1367 1730 1401 κατα
1779 1341 1877 1400 τὸν

265 1427 451 1500 ἀληθῆ
482 1426 656 1500 φάναι
685 1452 737 1484 τι
767 1426 1024 1502 προήχθη
1055 1426 1234 1499 λόγον.
1300 1433 1379 1484 19.
1424 1424 1623 1484 αὐτίκα
1651 1431 1764 1485 τῶν
1795 1434 1876 1485 εί-
1899 1449 1940 1481 15

267 1514 524 1586 ρημένων
561 1510 664 1568 ὅσα
703 1513 805 1584 μὲν
850 1515 1117 1584 ἐπιτυχῶς
1158 1514 1406 1569 λέλεκται
1435 1516 1511 1589 τςό
1542 1509 1708 1585 ἀνδρὶ
1740 1530 1878 1570 συν-

264 1599 446 1670 τρέχοι
476 1591 547 1653 ἂν
576 1609 689 1662 τοῖς
720 1605 921 1653 Μωσεῑ
963 1599 1348 1669 δεδογμένοις,
1395 1593 1498 1653 ὅσα
1541 1597 1601 1652 δὲ
1640 1595 1713 1669 μὴ
1753 1594 1877 1670 ἀρέ-

267 1698 469 1738 σκοντα
502 1689 705 1738 Μωσεῖ
729 1682 823 1736 καὶ
851 1693 965 1747 τοῖς
1005 1679 1311 1755 προφήταις
1350 1678 1631 1753 ὑπέλαβεν
1671 1677 1774 1738 οὐκ
1805 1677 1876 1737 ἂν

267 1770 379 1838 ἔχοι
410 1768 728 1821 συνεστῶτα
758 1762 855 1821 τὸν
885 1763 1065 1837 λόγον.
1141 1767 1302 1822 τοῦτο
1337 1763 1388 1821 δ’
1423 1763 1557 1838 ἡμῖν
1601 1767 1662 1821 ἐν
1702 1769 1875 1841 καιρῷ

265 1852 343 1924 τῷ
385 1849 567 1906 δέοντι
605 1846 1026 1921 παραστήσεται.
1098 1850 1233 1915 τέως
1276 1846 1351 1921 δ’,
1394 1852 1513 1906 ἐπεὶ
1552 1847 1875 1923 πεφῶραται
1898 1871 1939 1903 20

268 1936 330 1990 ἐν
367 1937 433 2007 τῇ
473 1935 600 2006 περὶ
639 1936 750 1990 τῶν
791 1936 1006 2004 νοητῶν
1047 1936 1307 2008 ἐποπτεία
1353 1932 1581 2010 συνῳδὰ
1613 1936 1705 1990 καὶ
1736 1932 1877 2006 σύμ-

266 2042 428 2090 φωνα
458 2015 524 2073 τα
554 2019 867 2090 τεθειμένα,
901 2014 1016 2091 ῶρα
1041 2020 1450 2074 ἐπανελθοῦσιν
1473 2010 1637 2084 αὖθις
1664 2020 1751 2075 ἐπὶ
1775 2015 1876 2090 τὴν

226 2131 243 2152 c
266 2105 378 2158 τῶν
418 2105 703 2174 αἰσθητῶν
743 2108 1111 2174 φυσιολογίαν
1154 2104 1214 2158 ἐν
1253 2103 1482 2175 βραχέσι
1512 2101 1615 2173 τὴν
1645 2100 1779 2173 πρὸς
1809 2101 1875 2158 τὰ

261 2182 532 2261 Ἐβραίων
564 2188 891 2260 ἐπιδραμεῖν
920 2189 1020 2243 τοῦ
1049 2184 1253 2261 ανδρὸς
1283 2191 1631 2258 συμφωνιᾞαν

397 2281 565 2369 X‘XIX.
615 2272 869 2337 Μωσέως
909 2268 1143 2342 γενητὸν
1185 2268 1619 2343 ἀποφηναμένου
1658 2267 1785 2326 τόδε
1814 2267 1874 2326 τὸ
1898 2290 1939 2322 25

269 2359 380 2409 πᾶν
409 2349 518 2409 ὑπὸ
549 2358 647 2410 τοῦ
684 2357 826 2411 θεοῦ
855 2353 1184 2428 γενόμενον,
1231 2357 1378 2426 λέγει
1420 2351 1472 2411 δ’
1507 2355 1608 2411 οὐν
1647 2351 1875 2427 ἀρχόμε-

223 2460 364 2502 avos·
402 2441 498 2538 τῆς
540 2439 740 2494 εαυτοῦ
780 2442 997 2511 γραφῆς
1040 2435 1142 2496 “gv
1190 2437 1331 2546 ἀρχῇ
1373 2442 1631 2510 ἐποίησεν
1672 2435 1701 2494 6
1745 2435 1876 2504 θεὸς

267 2518 365 2577 τὸν
404 2518 647 2626 οὐρανὸν
687 2523 779 2577 καὶ
828 2519 932 2593 τὴν
973 2519 1137 2594 γῆν,”
1190 2525 1282 2579 καὶ
1329 2545 1464 2594 μετα
1513 2525 1686 2579 ταῦτα
1737 2519 1874 2578 κατα

267 2605 430 2678 μέρος
440 2603 653 2711 ἐπάγει
682 2601 922 2705 “adhue“
893 2629 926 2677 η
967 2611 1160 2676 βίβλος
1190 2608 1460 2677 γενέσεως
1505 2602 1750 2705 ουρανοῦ
1780 2607 1872 2661 καὶ

267 2692 395 2760 γῆς,
437 2685 527 2745 ὅτε
559 2691 801 2761 ἐγένετο,
849 2690 908 2791 3‘2„
923 2684 1098 2765 ἡμέρα
1132 2693 1391 2786 ἐποίησεν
1421 2688 1448 2746 ὁ
1490 2687 1621 2755 θεὸς
1650 2686 1747 2746 τὸν
1777 2685 1875 2745 οὐ·
1897 2710 1938 2742 30

269 2771 442 2879 ρανὸν
480 2774 571 2829 καὶ
610 2776 712 2845 τῆν
748 2778 868 2845 γῆν.
986 2771 1153 2831 ἄκουε
1191 2797 1289 2830 του
1319 2771 1618 2839 Πλατωνος
1660 2769 1731 2838 ῶς
1772 2796 1873 2829 ουκ

271 2859 516 2914 ἐκπίπτει
547 2861 641 2929 τῆς
673 2862 922 2923 διανοίας
953 2849 1067 2915 ῶδέ
1093 2880 1168 2930 πη
1200 2860 1291 2914 καὶ
1323 2854 1486 2924 αὐτὸς
1516 2881 1749 2931 γραφων
