2014 3146
244 125 349 177 446
846 127 1040 168 INDEX
1060 127 1275 168 RERUM

248 240 398 281 Graeci
421 238 668 278 Cerberum
700 242 744 279 et
777 241 921 279 totam
945 239 1012 279 in-

303 297 502 336 ferorum
526 294 731 335 fabulam
759 296 817 335 ab
839 295 1012 349 AEgyp-

301 353 380 391 tiis
405 363 629 404 accepere
650 352 888 393 480—482.

276 430 327 436 —
348 407 571 448 Hebraeos
598 411 909 460 praeceptores
930 407 1012 447 ha-

301 465 442 505 buere
491 465 575 505 460
591 463 632 506 d.
681 465 763 504 461
776 464 818 504 b.
875 465 956 505 663
969 464 1011 504 d.

301 521 385 561 668
398 520 439 560 d.
463 523 509 560 et
530 532 626 572 seq.

243 632 483 674 Hadriano
523 633 779 686 imperante
821 626 1009 684 ἄνθρω-

300 688 519 730 mavolo(
536 689 722 729 sublata
735 691 814 730 156
825 689 869 732 b.
881 689 1007 730 164d.

243 745 490 798 Harpagus
509 747 590 786 220
602 759 642 786 c.

243 802 400 854 Harpe
466 802 696 842 Thracum
771 801 1011 843 inventum

299 859 382 898 475
394 858 436 901 d.

240 908 300 954 ‘H
321 914 461 954 litera
481 915 620 955 474b.

244 971 400 1010 Heber
422 971 531 1022 quid
553 970 783 1024 significet
804 972 886 1012 520
897 972 940 1011 b.

243 1027 431 1067 Hebraei
498 1027 754 1067 Graecorum
808 1027 1006 1080 philoso-

298 1083 489 1136 phorum
539 1087 850 1136 praeceptores
909 1085 1007 1126 460.

297 1140 394 1180 461.
420 1141 501 1180 663
514 1139 553 1180 d.
578 1141 659 1180 668
675 1140 717 1179 d.
749 1143 794 1179 et
824 1151 921 1190 seq.
952 1152 1008 1180 ex

301 1194 537 1236 Clemente
560 1195 814 1238 Alexandr.

273 1274 325 1281 -
348 1264 484 1303 quam
505 1253 625 1292 inter
647 1265 750 1292 sese
774 1252 1008 1292 consenti—

300 1311 379 1348 ant
398 1309 478 1349 719
491 1308 533 1348 b.
557 1310 651 1350 720.

270 1363 438 1415 —jure
459 1377 485 1404 a
497 1365 628 1405 nobis
642 1365 875 1417 praepositi
889 1365 1007 1406 Gen-

299 1421 457 1461 tilibus
481 1423 560 1462 301
575 1422 616 1463 b.
641 1422 723 1461 468
737 1421 777 1461 d.
804 1425 848 1461 et
873 1433 971 1472 seq.

269 1499 323 1505 —
346 1478 544 1517 animum
561 1481 715 1530 spreto
729 1490 918 1530 corpore
931 1489 1008 1517 co-

296 1534 476 1574 luerunt
497 1535 633 1575 302b.

269 1613 322 1619 —
367 1595 472 1630 ante
519 1592 694 1631 Mosem
736 1593 782 1630 et
816 1589 1004 1630 Judaeos

297 1647 360 1700 pii
382 1649 464 1688 304
475 1647 518 1687 b.

240 1704 428 1744 Hebraei
451 1704 507 1743 ab
530 1703 716 1744 Hebero
740 1702 851 1743 dicti
871 1704 955 1744 304
965 1715 1002 1742 c.

269 1837 321 1844 —
343 1816 566 1869 praecipui
588 1815 648 1855 ad
663 1815 838 1856 Mosem
858 1829 1003 1868 usque

296 1872 392 1912 306.
418 1875 463 1911 et
485 1884 580 1924 seq.

268 1948 323 1957 —
346 1927 560 1967 audiendi
582 1928 628 1967 in
648 1940 798 1968 rerum
820 1940 1004 1968 suarum

295 1984 567 2035 historia,ut
589 1985 673 2024 alii
693 1985 741 2024 in
762 1997 845 2025 sua
866 1987 948 2026 306
961 1985 1001 2028 b.

267 2062 321 2070 -—
342 2043 525 2081 veteres
546 2041 617 2080 illi
647 2041 799 2082 Judaei
819 2054 910 2082 non
931 2042 1001 2081 fu-

298 2110 373 2138 ere
394 2099 476 2138 309
489 2097 531 2137 b.

266 2175 321 2182 —
344 2167 370 2193 a
396 2152 677 2194 transeundo
700 2153 814 2194 dicti
835 2155 916 2194 309
927 2153 970 2193 b.

266 2229 320 2238 —-
350 2211 631 2250 creationem
661 2209 826 2262 deique
847 2210 1001 2263 provi-

295 2266 497 2306 dentiam
549 2270 808 2319 agnoscunt
863 2268 998 2307 317-

266 2400 321 2406 -
363 2378 556 2431 angelos
599 2382 886 2431 agnoverunt,
920 2381 1002 2420 326

297 2435 388 2475 c.d.
413 2437 493 2475 327
506 2447 546 2476 a.

266 2513 319 2518 —
333 2490 559 2531 daemones
569 2494 856 2544 agnoverunt
873 2491 1000 2532 328d.

268 2568 318 2574 —
355 2547 410 2587 de
447 2551 613 2586 natura
653 2547 849 2587 hominis
890 2547 1002 2599 quid

295 2603 499 2643 sentiant
524 2605 658 2644 3300.

266 2681 320 2689 —-
357 2672 493 2712 quam
530 2661 707 2699 sanctis
748 2659 928 2712 legibus
972 2672 998 2699 a

292 2717 422 2756 Mose
453 2716 679 2766 instituti,
718 2728 774 2755 ex
801 2715 998 2756 Philone

293 2774 393 2813 357.
419 2775 464 2812 et
485 2785 578 2825 seq.
616 2771 717 2811 Vid.
738 2771 903 2813 Judaei.

266 2850 318 2856 —
350 2841 450 2880 quae
481 2829 673 2868 crimina
702 2831 845 2868 morte
866 2829 999 2880 puni·

293 2890 372 2925 ant
393 2886 473 2926 357
485 2884 525 2925 d.

1098 239 1288 280 Hebraei
1308 242 1417 281 vota
1440 251 1576 292 quam
1599 245 1758 283 sancte
1782 243 1865 282 im-

1156 296 1318 348 pleant
1339 297 1420 337 358
1431 296 1476 336 b.

1127 373 1183 382 ——
1207 352 1265 392 ad
1287 352 1623 393 humanitatem
1652 357 1704 394 ut
1732 354 1863 395 insti-

1155 408 1247 449 tuti
1268 409 1351 449 358
1362 408 1404 447 d.

1125 487 1183 494 --
1204 465 1252 504 in
1274 465 1468 506 sabbato
1493 477 1630 517 quam
1657 464 1863 518 religiosi

1154 523 1235 563 359
1247 534 1285 564 c.

1124 601 1180 607 —-
1200 589 1332 630 quam
1344 577 1497 630 legum
1519 589 1704 618 suarum
1725 578 1863 631 periti

1154 636 1236 675 360
1248 634 1292 677 b,
1316 635 1398 674 363
1410 647 1448 673 c.

1125 712 1180 720 —
1193 702 1359 730 annum
1377 690 1619 742 septimum
1635 692 1687 730 ut
1709 691 1868 732 obser-

1153 750 1320 788 varent
1341 747 1423 787 363
1434 748 1476 789 b.

1125 825 1182 832 —-
1202 803 1404 855 rempub.
1427 803 1631 844 habuere
1653 802 1862 855 θεοκρα-

1155 854 1294 911 τικήν
1314 861 1393 900 361
1409 859 1450 902 d.

1124 938 1178 945 —-
1201 928 1337 968 quam
1358 916 1508 968 legum
1526 928 1709 957 suarum
1730 919 1867 956 tena-

1155 984 1231 1012 ces
1254 972 1390 1013 364b.

1124 1049 1177 1056 --
1215 1028 1480 1068 sacerdotes
1507 1027 1687 1081 judices
1718 1029 1864 1069 habu-

1155 1097 1229 1124 ere
1253 1085 1336 1125 364
1347 1084 1388 1126 d.

1124 1163 1177 1169 —
1200 1141 1255 1180 de
1286 1140 1370 1180 deo
1399 1140 1624 1192 praeclare
1657 1140 1863 1180 sentiunt

1124 1275 1177 1282 -
1201 1251 1362 1305 quales
1383 1252 1432 1291 in
1455 1251 1695 1292 sacrificiis
1717 1253 1800 1293 365
1817 1251 1860 1292 d.

1124 1332 1179 1339 ——
1201 1308 1363 1361 quales
1383 1308 1432 1348 in
1451 1309 1628 1361 nuptiiS
1650 1309 1733 1350 366
1744 1309 1788 1350 b.

1123 1388 1180 1395 —
1202 1365 1365 1417 quales
1387 1365 1435 1404 in
1462 1365 1700 1406 funeribus
1722 1366 1804 1406 367
1817 1378 1858 1405 a.

1125 1444 1175 1451 —
1201 1421 1308 1474 quid
1331 1435 1358 1461 a
1378 1421 1539 1461 liberis
1563 1433 1674 1473 erga
1695 1434 1858 1474 paren-

1151 1482 1230 1519 tes·
1246 1477 1484 1531 exigerent
1503 1479 1584 1518 367
1596 1478 1640 1521 b.

1122 1557 1175 1564 —
1207 1534 1365 1587 quales
1395 1533 1613 1575 adversus
1655 1533 1863 1575 advenas

1121 1670 1176 1676 —
1199 1647 1256 1687 ad
1277 1650 1468 1687 mortem
1487 1646 1643 1699 legum
1672 1659 1858 1687 suarum

1149 1706 1340 1743 tenaces
1362 1704 1444 1744 368
1455 1703 1500 1743 d.

1121 1781 1174 1788 —-
1205 1760 1253 1799 in
1282 1759 1418 1799 bruta
1453 1759 1555 1812 ipsa
1589 1759 1859 1811 perhumani

1149 1816 1230 1856 368
1244 1827 1282 1858 a.
1310 1816 1351 1855 b.

1120 1893 1173 1900 —-
1196 1871 1270 1911 dei
1298 1871 1504 1911 homines
1534 1870 1591 1910 ab
1620 1871 1854 1924 AEgyptiis

1149 1927 1374 1980 appellati
1390 1929 1471 1968 372
1484 1939 1523 1968 a.

1120 2006 1171 2012 -
1197 1996 1330 2036 quam
1352 1983 1409 2023 ab
1433 1983 1540 2023 aliis
1551 1983 1764 2035 gentibus
1783 1995 1854 2023 se·

1147 2041 1301 2092 parati
1322 2042 1401 2081 371
1416 2039 1457 2079 d.
1482 2041 1564 2080 372
1578 2053 1618 2079 a.

1119 2118 1172 2125 ·-
1204 2108 1291 2149 quo
1331 2095 1515 2136 delectu
1557 2095 1709 2137 avium
1750 2095 1854 2136 aliis

1144 2157 1467 2203 vescerentur,
1511 2152 1618 2192 aliis
1649 2153 1853 2192 abstine<

1145 2212 1247 2250 rent
1268 2211 1349 2250 372
1361 2222 1401 2252 c.

1117 2288 1172 2294 —
1196 2278 1275 2305 cur
1312 2265 1622 2306 animantibus
1651 2265 1723 2305 usi
1759 2265 1853 2317 qui-

1146 2322 1230 2362 bus
1252 2321 1359 2362 fissa
1380 2321 1554 2374 ungula
1575 2321 1714 2362 373b.

1118 2401 1171 2406 —
1195 2391 1274 2418 cur
1294 2378 1628 2418 ruminantibus
1651 2379 1734 2418 373
1747 2390 1784 2418 e.

1117 2432 1351 2487 —jugem
1382 2434 1455 2474 dei
1483 2434 1745 2474 memoriam
1771 2433 1854 2472 ha-

1144 2491 1253 2531 bere
1278 2490 1533 2531 debuerunt
1559 2492 1640 2531 373
1653 2489 1694 2531 d.
1714 2491 1797 2530 374
1809 2502 1850 2532 a.

1117 2559 1331 2586 —mures
1355 2549 1402 2586 et
1419 2545 1640 2586 mustelas
1662 2546 1851 2585 immun-

1144 2602 1227 2643 das
1249 2602 1480 2642 ducebant
1501 2604 1583 2643 374
1594 2603 1634 2642 (1.

1114 2679 1171 2688 —
1214 2660 1261 2698 in
1298 2658 1536 2699 sacrificiis
1586 2661 1850 2697 mansuetas

1145 2716 1402 2755 animantes
1421 2714 1706 2755 adhibebant
1723 2715 1846 2754 3750.

1116 2771 1342 2811 —literas
1365 2773 1417 2811 22
1439 2771 1658 2821 habuere,
1683 2770 1848 2821 quibus

1142 2828 1422 2877 nominibus,
1463 2839 1548 2879 quo
1585 2826 1848 2879 significatu

1142 2884 1277 2924 4741).
1301 2888 1346 2924 et
1368 2895 1465 2934 seq.
1489 2884 1570 2923 519
1584 2896 1620 2922 c.
