2014 3146
513 75 724 154 ΡΒΑΕΞ).
756 113 975 156 EVANG.
1007 113 1129 156 X1v.
1164 115 1229 155 15.
1266 115 1332 157 16.
1632 111 1737 164 295

126 228 294 288 πάλιν
325 226 377 286 δ’
412 222 514 287 οὖν
543 225 572 285 ὃ
604 227 960 302 Πλούταρχος
989 228 1084 297 τὰς
1109 231 1235 304 περὶ
1257 231 1411 286 θεῶν
1432 226 1736 302 ὑπολήψεις
1762 249 1783 282 b

129 318 238 373 τῶν
268 310 455 371 αὐτῶν
485 316 681 371 τοῦτον
710 312 914 387 γράφει
937 312 1033 371 τὸν
1055 313 1262 388 τρόπον

253 411 375 461 XVI.
417 396 636 456 “”Ενιοι
666 401 780 456 τῶν
805 397 1150 472 φιλοσόφων,
1176 396 1430 471 καθάπερ
1456 395 1736 471 Διαγόρας

129 479 157 540 ὁ
190 482 407 556 Μήλιος
448 484 538 540 καὶ
582 481 867 556 Θεόδωρος
908 481 1284 555 ὁΚυρηναϊος
1324 485 1415 539 καὶ
1449 479 1736 555 Εὐήμερος

85 566 156 624 56
196 566 491 641 Τεγεάτης,
539 566 786 625 καθόλου
827 570 964 640 φασὶ
1005 566 1078 640 μὴ
1118 568 1260 625 εἶναι
1301 565 1495 633 θεούς’
1547 565 1644 624 τὸν
1675 567 1737 624 δὲ
1761 597 1777 618 e

127 649 423 726 Εὐήμερον
453 653 544 708 καὶ
571 658 919 724 Καλλίμαχος
948 647 977 708 ὁ
1010 660 1327 726 Κυρηναῖος
1352 657 1649 709 αἰνίττεται
1678 654 1738 709 ἐν

126 750 241 803 τοῖς
276 735 506 810 ἰάμβοις.
555 738 646 792 καὶ
679 733 993 808 Εὐριπίδης
1023 734 1052 792 ὁ
1083 734 1495 812 τραγῳδοποιὸς
1526 734 1731 793 ἀποκα-

126 819 415 890 λύψασθαι
453 821 556 894 μὲν
606 818 708 877 οὐκ
748 818 1021 893 ἠθέλησε,
1076 818 1339 886 δεδοικώς
1389 818 1486 877 τὸν
1521 817 1739 892 ’Ἀρειον

128 903 335 978 πάγον,
379 905 614 978 ἐνέφηνε
647 905 708 961 δὲ
738 908 936 962 τοῦτον
964 902 1061 962 τὸν
1089 902 1321 977 τρόπον·
1368 903 1466 962 τὸν
1495 901 1600 977 γὰρ
1633 910 1739 962 Σί-

63 1007 104 1040 10
127 1007 311 1062 συφον
353 987 612 1062 εἰσήγαγε
651 987 965 1062 προστάτην
1005 987 1206 1062 ταύτης
1259 993 1353 1062 τῆς
1409 986 1599 1062 δόξης,
1646 991 1738 1045 καὶ

126 1072 510 1148 συνηγόρησεν
541 1072 715 1130 αὐτοῦ
743 1078 809 1147 τῇ
841 1071 1090 1148 γνώμῃ.”

252 1163 300 1216 2.
343 1155 461 1216 Ἐπὶ
500 1157 712 1224 τούτοις
753 1157 921 1216 πάλιν
960 1157 1058 1215 τὸν
1096 1155 1467 1231 Ἀναξαγόραν
1509 1156 1736 1230 εἰσάγει,
1768 1184 1773 1190 ·

125 1247 347 1315 πρῶτον
387 1241 621 1316 φάσκων
661 1240 832 1300 αὐτὸν
870 1241 1057 1317 ὀρθῶς
1097 1246 1374 1317 φρονῆσαι
1416 1244 1543 1315 περὶ
1580 1246 1734 1300 θεοῦ.

126 1329 272 1400 λέγει
304 1328 366 1385 δὲ
395 1325 568 1394 οὕτως

62 1431 103 1463 15
246 1408 346 1470 “‘0
378 1412 440 1469 δὲ
469 1408 834 1484 Ἀναξαγόρας
866 1414 1039 1484 φησὶν
1092 1410 1166 1478 ὡς
1208 1409 1446 1483 εἱστήκει
1488 1407 1608 1468 κατ’
1642 1409 1737 1482 ἀρ-

125 1494 222 1569 χὰς
251 1495 317 1554 τὰ
349 1495 603 1570 σώματα,
646 1500 777 1562 νοῦς
810 1496 872 1553 δὲ
913 1493 1054 1552 αὐτοὶ
1087 1494 1415 1569 διεκόσμησε
1455 1498 1599 1553 θεοῦ
1647 1498 1737 1552 καὶ

124 1578 220 1647 τὰς
251 1583 494 1653 γενέσεις
535 1585 648 1637 τῶν
688 1579 834 1638 ὅλων
866 1585 1138 1653 ἐποίησεν.
1214 1578 1243 1637 ὁ
1278 1581 1338 1637 δὲ
1367 1578 1608 1638 Πλάτων
1638 1576 1738 1653 οὐχ
1763 1598 1785 1630 d

129 1663 392 1738 ἑστηκότα
420 1663 664 1723 ὑπέθετο
694 1662 759 1721 τὰ
790 1669 980 1739 πρῶτα
1012 1663 1254 1738 σώματα,
1287 1663 1532 1732 ἀτάκτως
1567 1665 1627 1721 δὲ
1659 1688 1738 1721 κι·

125 1748 393 1823 νούμενα·
443 1748 557 1821 διὸ,
612 1751 816 1823 φησὶν,
870 1746 898 1806 ὁ
940 1747 1072 1818 θεὸς
1119 1748 1412 1822 ἐπιστήσας
1465 1748 1538 1816 ὡς
1590 1747 1738 1817 τάξις

62 1849 104 1882 20
127 1831 348 1902 ἀταξίας
381 1836 494 1891 ε’στὶ
525 1840 781 1906 βελτίων,
816 1833 1179 1908 διεκόσμησεν
1210 1831 1409 1892 αὐτά.”

255 1923 303 1976 3.
355 1916 454 1985 Οἷς
481 1921 717 1991 ἐπιλέγει

242 2002 273 2023 “
297 2001 735 2077 Ἁμαρτάνουσιν
798 2004 858 2059 δὲ
909 2001 1237 2076 ἀμφότεροι,
1300 2000 1383 2060 ὅτι
1445 2001 1542 2060 τὸν
1599 2001 1738 2060 θεὸν

128 2090 395 2160 ἐποίησαν
426 2086 892 2162 ἐπιστρεφόμενον
914 2091 1028 2144 τῶν
1050 2084 1460 2160 ἀνθρωπίνων,
1486 2089 1578 2143 καὶ
1609 2085 1738 2143 τού-

126 2196 224 2229 του
264 2170 424 2245 χάριν
467 2170 565 2228 τόν
603 2169 810 2244 κόσμον
839 2170 1336 2239 κατασκευάζοντα·
1397 2169 1457 2227 τὸ
1495 2168 1599 2243 γάρ
1638 2194 1734 2243 μα-

63 2278 103 2311 25
127 2255 321 2330 κάριον
362 2257 453 2312 καὶ
494 2252 790 2328 ἄφθαρτον
830 2259 994 2331 ζῷον,
1028 2255 1466 2328 πεπληρωμένον
1505 2278 1564 2311 τε
1604 2257 1738 2311 πᾶσι

127 2354 239 2406 τοῖς
280 2337 515 2413 ἀγαθοῖς
567 2341 658 2395 καὶ
711 2345 883 2396 κακοῦ
936 2339 1140 2406 παντὸς
1178 2337 1439 2412 ἄδεκτον,
1486 2336 1619 2397 ὅλον
1671 2335 1847 2398 ὂνΙ440]

128 2426 254 2498 περὶ
313 2423 414 2498 τὴν
465 2423 708 2496 συνοχὴν
755 2426 850 2496 τῆς
901 2429 1046 2491 ἰδιάς
1114 2420 1470 2497 εὐδαιμονίας
1529 2447 1587 2481 τε
1646 2426 1738 2480 καὶ

126 2507 473 2582 ἀφθαρσίας,
554 2506 952 2582 ἀνεπιστρεφές
1014 2512 1126 2566 ἐστι
1186 2512 1298 2567 τῶν
1356 2506 1737 2582 ἀνθρωπίνων

128 2591 479 2666 πραγμάτων.
556 2597 912 2666 κακοδαίμων
953 2592 1002 2649 δ’
1047 2589 1117 2650 ἂν
1160 2601 1274 2666 εἴη,
1309 2591 1542 2666 ἐργάτου
1575 2598 1738 2664 δίκην

63 2699 106 2730 30
129 2679 220 2734 καὶ
261 2680 512 2742 τέκτονος
551 2674 888 2750 ἀχθοφορῶν
929 2678 1020 2734 καὶ
1063 2683 1344 2751 μεριμνῶν
1386 2683 1463 2745 εἰς
1507 2675 1610 2750 τὴν
1639 2679 1739 2733 τοῦ

245 2872 264 2909 1
301 2865 604 2924 Πλούταρχος
639 2868 708 2923 —]
745 2870 814 2911 De
846 2871 966 2923 plac.
1007 2871 1172 2924 philos.
1205 2884 1249 2923 p.
1272 2871 1368 2912 880.
