2014 3146
603 134 820 176 PRAEP.
853 135 1076 176 EVANG.
1108 135 1213 179 ΧΠ.
1254 136 1323 178 51.
1664 133 1765 184 149

284 254 367 307 35.
425 253 608 308 Ταῦτα
652 250 754 324 μὲν
793 241 896 307 οῦν
939 252 999 307 ἐν
1038 253 1113 326 τῷ
1158 249 1372 327 δεκάτῳ
1413 255 1525 306 τών
1555 249 1766 323 Νόμων

161 344 372 409 εἴρηται
411 337 489 412 τῷ
528 332 833 411 φιλοσόφῳ.
909 336 1000 391 καὶ
1043 337 1103 390 ἐν
1142 338 1217 411 τῷ
1260 333 1489 411 Φιλήβῳ
1531 335 1593 390 δὲ
1634 332 1766 391 ἐπά-

160 437 364 477 κουσον
393 416 541 485 ὅπως
570 417 672 491 τὴν
702 417 882 491 αὐτὴν
911 417 1300 487 κατασκευάζει
1334 417 1588 478 διάνοιαν

279 499 308 522 “
325 501 541 570 Πάντες
570 504 675 578 γὰρ
707 508 1107 576 συμφωνοῦσιν
1137 507 1194 559 οἰ
1221 506 1403 575 σοφοὶ,
1445 500 1616 570 ὅντως
1641 505 1765 559 ἑαυ-

114 611 135 644 5
157 586 285 654 τοῦς
316 585 703 661 σεμνύνοντες,
737 585 810 653 ὥς
840 590 971 653 νοῦς
1005 590 1116 644 ἐστι
1146 585 1408 659 βασιλεῦς
1438 583 1573 660 ἡμῖν
1603 583 1766 661 ούρα-

157 675 261 729 νοῦ
298 695 356 729 τε
396 674 487 729 καὶ
522 676 637 745 γῆς.
675 684 682 689 ’
714 674 805 728 καὶ
848 680 980 738 ἴσως
1023 663 1085 727 εὗ
1117 674 1365 743 λέγουσι·
1444 670 1536 727 διὰ
1565 694 1766 746 μακρο-

156 758 333 830 τέρων
374 753 450 828 δ’,
497 762 546 813 εἰ
575 754 794 829 βούλει,
835 754 938 828 τὴν
976 757 1175 823 σκέψιν
1215 752 1387 812 αὐτοῦ
1427 762 1525 812 τοῦ
1570 757 1767 827 γένους

156 838 533 914 ποιησώμεθα.

283 928 366 981 36.
414 926 558 996 Λέγε
597 921 744 990 όπως
785 921 1002 995 βούλει,
1043 923 1221 996 μηδεν
1250 926 1420 996 μῆκος
1450 918 1766 995 ὑπολογιζό-

95 1032 135 1064 10
157 1031 318 1082 μενος
348 1003 500 1081 ἡμῖν,
534 1010 576 1064 ὠ
607 1006 921 1082 Σώκρατες,
954 1031 1026 1073 ως
1057 1003 1160 1064 οῦκ
1190 1006 1661 1081 ἀπεχθησόμενος.

284 1098 482 1159 Καλῶς
514 1092 684 1160 εἶπας.
760 1091 1058 1167 ἀρξώμεθα
1100 1094 1166 1148 δέ
1192 1114 1307 1160 πως
1341 1083 1451 1149 ωδε
1484 1095 1767 1166 ἐπανερω-

155 1181 372 1244 τώντες.

285 1264 445 1331 Πῶς;

283 1343 550 1419 Πότερον,
587 1368 628 1401 ω
659 1343 980 1418 Πρώταρχε,
1013 1341 1079 1401 τὰ
1115 1343 1402 1417 ξύμπαντα
1433 1346 1525 1401 καὶ
1555 1343 1684 1402 τόδε
1705 1343 1765 1402 τὸ

92 1452 133 1484 15
158 1427 503 1503 καλούμενον
543 1426 674 1486 ὅλον
716 1426 1098 1503 ἐπιτροπεύειν
1139 1432 1334 1502 φῶμεν
1372 1426 1476 1500 τὴν
1506 1431 1605 1486 τοῦ
1634 1427 1768 1485 ἀλά-

154 1539 258 1587 γου
290 1516 382 1571 καὶ
415 1516 534 1585 εἰκῆ
567 1511 806 1587 δύναμιν
854 1515 947 1570 καὶ
976 1512 1036 1570 τὸ
1067 1511 1175 1586 ὅπη
1207 1519 1433 1586 ἔτυχεν,
1480 1510 1513 1585 ἢ
1560 1510 1766 1570 τάναν-

156 1604 274 1669 τία,
328 1596 582 1672 καθάπερ
623 1601 680 1655 οἱ
714 1595 967 1670 πρόσθεν
1007 1598 1164 1670 ἡμῶν
1210 1604 1428 1670 ἔλεγον,
1483 1601 1621 1654 νοῦν
1673 1600 1765 1654 καὶ

153 1681 432 1756 φρόνησίν
474 1707 598 1739 τινα
637 1681 970 1755 θαυμαστὴν
1009 1680 1424 1739 συντάττουσαν
1466 1687 1765 1755 διακυβερ-

155 1770 293 1836 νᾶν;

91 1873 133 1905 20
281 1855 365 1907 37.
418 1848 603 1909 Οὐδεν
631 1874 744 1907 των
774 1847 988 1921 αὐτῶν,
1034 1842 1075 1907 ὦ
1115 1848 1398 1922 θαυμάσιε
1439 1848 1760 1924 Σώκρατες·

153 1931 184 1992 ὃ
213 1935 315 2008 μὲν
345 1934 448 2044 γὰρ
493 1932 561 2007 δὴ
602 1933 673 1991 σὺ
714 1936 918 2007 λέγεις,
962 1934 1109 2008 [νῦν]
1146 1931 1274 1991 οὐδ’
1311 1932 1465 1992 ὅσιον
1498 1934 1647 1993 εἶναι’
1670 1958 1761 2008 μοι

153 2027 442 2093 φαίνεται
501 2019 562 2076 τὸ
595 2019 658 2076 δε
688 2021 827 2077 νοῦν
856 2017 1036 2078 πάντα
1069 2025 1393 2091 διακοσμεῖν
1424 2017 1565 2076 αὐτα
1589 2017 1764 2092 φάναι

156 2106 247 2161 καὶ
277 2107 372 2177 τῆς
401 2101 582 2172 όψεως
611 2106 710 2161 τοῦ
741 2101 949 2176 κόσμου
981 2105 1073 2160 καὶ
1103 2099 1268 2175 ἡλίου
1293 2105 1386 2159 καὶ
1409 2102 1643 2175 σελήνης
1669 2104 1763 2159 καὶ

155 2186 372 2262 ἄστρων
402 2189 495 2245 καὶ
526 2185 704 2259 πάσης
733 2191 828 2260 τῆς
859 2190 1165 2262 περιφορᾶς
1195 2184 1349 2254 ἄξιον
1366 2231 1381 2258 ,
1414 2189 1505 2243 καὶ
1535 2185 1639 2244 οὐκ
1669 2184 1762 2243 ἅλ-

91 2293 132 2324 ‘25
156 2279 263 2337 λως
296 2268 468 2343 ἔγωγ’
498 2268 569 2328 ἅν
598 2293 731 2327 ποτε
760 2273 887 2343 περὶ
918 2269 1103 2327 αὐτῶν
1135 2278 1369 2343 εἴποιμι,
1409 2268 1537 2327 οὐδ’
1572 2267 1642 2328 ἂν
1675 2269 1763 2328 δό-

87 2421 90 2423 ,
154 2359 317 2428 ξαιμι.

282 2442 364 2495 38.
414 2436 611 2495 Βούλει
645 2435 714 2510 δή
744 2461 795 2494 τι
826 2439 918 2494 καὶ
949 2434 1104 2511 ἡμεῖς
1137 2453 1252 2506 τοϊς
1285 2445 1604 2514 ἔμπροσθεν
1635 2435 1762 2513 ὁμο-

155 2521 495 2595 λογούμενον
525 2520 928 2594 ξυμφήσωμεν,
971 2546 1044 2589 ως
1074 2521 1243 2581 ταῦθ’
1277 2523 1450 2591 ούτως
1483 2529 1622 2597 ἔχεις
1669 2526 1762 2581 καὶ

153 2606 228 2680 μὴ
258 2605 431 2680 μόνον
462 2605 710 2679 οἰώμεθα
744 2611 863 2663 δεῖν
901 2604 966 2663 τοὶ
1011 2603 1271 2680 ἀλλότρια
1314 2607 1451 2666 ἄνευ
1491 2607 1760 2666 κινδύνου

91 2712 131 2746 30
156 2693 365 2764 λέγειν,
417 2689 556 2748 ἀλλὰ
595 2691 688 2747 καὶ
728 2690 1257 2766 συγκινδυνεύωμεν
1308 2695 1400 2750 καὶ
1451 2694 1762 2766 μετέχωμεν

267 2885 292 2923 ’2
324 2877 375 2925 ἒν
406 2881 468 2936 τῷ
501 2878 706 2937 Φιλήβῳ]
739 2898 781 2936 p.
814 2884 881 2927 28.

1793 273 1812 304 Ι)

1789 2292 1813 2324 d
