2020 3152
593 147 806 192 PRAEP.
835 147 1056 191 EVANG.
1089 148 1190 189 ΧΠ.
1222 149 1291 191 51.
1649 145 1750 198 145

273 267 354 320 18.
391 255 508 337 Ἆρ’
542 255 645 320 οὖν
674 262 734 320 τὸ
764 261 897 336 μετὰ
927 265 1089 320 τοῦτο
1119 261 1411 336 ὁμολογεῖν
1441 258 1749 335 ἀναγκαῖον

144 350 257 406 τῶν
296 371 355 404 τε
395 345 630 420 ἀγαθῶν
670 353 853 404 αἰτίαν
894 346 1036 404 εἶναι
1075 346 1261 420 ψυχὴν
1299 349 1390 404 καὶ
1421 349 1533 404 τῶν
1562 349 1752 404 κακῶν

145 434 237 490 καὶ
278 435 464 489 καλῶν
503 433 595 489 καὶ
639 434 884 505 αἰσχρῶν
926 436 1157 488 δικαίων
1195 454 1253 489 τε
1293 433 1384 488 καὶ
1416 427 1628 489 ἀδίκων
1658 433 1749 488 καὶ

146 514 374 574 πάντων
401 518 514 574 τῶν
546 518 843 587 ἐναντίων,
888 523 1042 590 εἴπερ
1083 518 1195 573 τῶν
1225 514 1451 573 πάντων
1480 539 1543 588 γε
1574 513 1751 587 αὐτὴν

101 625 122 658 5
144 599 395 674 θήσομεν
433 606 641 670 αἰτίαν;
1773 623 1796 655 d

270 687 402 752 Πῶς
431 682 537 758 γὰρ
568 682 663 754 οὕ;

275 774 352 826 19.
418 768 617 842 Ψυχὴν
671 766 738 840 δὴ
791 772 1113 825 διοικοῦσαν
1165 769 1256 823 καὶ
1312 769 1638 824 ἐνοικοῦσαν
1691 769 1751 823 ἐν

144 850 316 910 ἅπασι
345 865 459 918 τοῖς
489 851 670 924 πάντη
700 855 1046 925 κινουμένοις
1077 854 1198 925 μῶν
1228 847 1293 908 οὐ
1325 853 1416 908 καὶ
1447 849 1543 908 τὸν
1582 849 1753 924 οὐρα-

143 936 244 995 νὸν
274 935 486 1009 ἀνάγκη
519 941 752 994 διοικεῖν
781 935 983 1008 φάναι;

82 1047 121 1078 10
279 1028 350 1079 Τί
374 1019 514 1094 μήν;
636 1032 640 1035 ’

270 1111 449 1178 Μίαν,
502 1101 537 1177 ἢ
588 1110 844 1174 πλείους;
919 1109 1188 1170 Πλείους·
1246 1102 1350 1176 ἐγώ
1397 1101 1536 1174 ὑπὲρ
1591 1106 1752 1176 σφῶν
1768 1119 1865 1164 [367]

143 1189 561 1264 ἀποκρινοῦμαι.
641 1193 802 1246 δυοῖν
832 1190 934 1261 μέν
963 1191 1030 1260 γε’
1056 1211 1165 1245 που
1209 1194 1434 1246 ἔλαττον
1463 1188 1639 1261 μηδὲν
1669 1213 1751 1245 τι-

143 1280 365 1347 θῶμεν,
406 1277 502 1346 τῆς
542 1295 603 1330 τε
647 1271 990 1345 εὐεργέτιδος
1034 1274 1125 1328 καὶ
1156 1277 1251 1345 τῆς
1280 1269 1545 1330 τάναντία
1577 1277 1752 1330 δυνα-

47 1413 50 1416 ,
144 1360 311 1432 μένης
345 1356 745 1431 ἐξεργάζεσθαι.

82 1465 122 1497 15
273 1448 355 1499 20.
406 1440 647 1515 Σφόδρα
677 1438 862 1513 ὀρθῶς
895 1450 1131 1513 εἴρηκας

273 1527 422 1585 Εἶεν.
498 1523 619 1598 άγει
658 1549 761 1598 μεν
802 1524 870 1597 δὴ
912 1522 1060 1598 ψυχὴ
1100 1522 1280 1581 πάντα
1320 1547 1386 1580 τα
1426 1520 1550 1580 κατ’
1583 1522 1755 1598 οὐρα-

146 1609 247 1668 νόν
278 1612 366 1668 καὶ
399 1613 506 1683 γῆν
535 1612 628 1666 καὶ
657 1607 940 1666 θάλατταν
970 1621 1089 1675 ταῖς
1122 1607 1291 1680 αὑτῆς
1323 1606 1632 1680 κινήσεσιν,
1665 1616 1757 1674 αἱς

144 1692 386 1769 ὀνόματά
428 1697 541 1751 ἐστι
583 1692 920 1766 βούλεσθαι,
953 1702 1314 1765 σκοπεῖσθαι,
1349 1696 1751 1765 επιμελεισθαι,
1773 1708 1826 1748 (6
1830 1708 1864 1747 6)

145 1777 538 1851 βουλεύεσθαι,
572 1777 817 1847 δοξάζειν
846 1774 1060 1851 ὀρθῶς,
1103 1779 1484 1850 ἐψευσμένως,
1527 1783 1754 1850 χαίρου-

82 1883 124 1918 20
147 1881 280 1936 σαν,
322 1864 707 1935 λυπουμένην,
740 1867 1097 1935 θαρροῦσαν,
1130 1863 1522 1962 φοβουμένην,
1557 1878 1754 1934 μισου-

146 1966 270 2021 σαν,
304 1948 664 2021 στέργουσαν,
696 1948 787 2002 καὶ
819 1944 1017 2011 πάσαις
1057 1942 1182 2002 ὅσαι
1226 1943 1439 2002 τούτων
1471 1948 1753 2017 ξυγγενεῖς

145 2056 179 2104 η
211 2033 559 2105 πρωτουργοὶ
598 2029 840 2102 κινήσεις
881 2029 976 2096 τὰς
1010 2027 1445 2103 δευτερουργοὺς
1478 2053 1549 2085 αυ
1580 2051 1754 2103 παρα-

146 2114 532 2189 λαμβάνουσαι
576 2114 820 2187 κινήσεις
872 2112 1143 2186 σωμάτων
1193 2111 1392 2184 άγουσι
1444 2111 1622 2168 πάντα
1675 2118 1755 2178 εἰς

149 2197 381 2272 αὔξησιν
411 2200 504 2255 καὶ
536 2205 741 2271 φθίσιν
783 2200 875 2254 καὶ
909 2195 1184 2269 διάκρισιν
1214 2198 1306 2252 καὶ
1338 2194 1631 2269 σύγκρισιν
1662 2198 1755 2251 καὶ

84 2293 127 2336 25
149 2282 361 2349 τούτοις
414 2283 682 2354 ἑπομένας
734 2279 1103 2353 θερμότητας,
1156 2278 1375 2352 ψύξεις,
1424 2277 1754 2353 βαρύτητας,

149 2364 527 2438 κουφότητας,
568 2363 809 2438 σκληρὸν
839 2366 931 2420 καὶ
972 2361 1249 2435 μαλακὸν,
1292 2362 1492 2420 λευκὸν
1533 2366 1625 2420 καὶ
1663 2366 1755 2436 με’-

149 2458 271 2521 λαν,
305 2445 582 2523 αὐστηρὸν
613 2450 702 2504 καὶ
735 2447 914 2520 γλυκὺ
949 2448 1059 2521 [καὶ
1094 2445 1310 2521 πικρὸν]
1346 2449 1437 2504 καὶ
1471 2450 1641 2504 πᾶσιν
1671 2445 1755 2513 οἷς

148 2532 318 2606 ψυχὴ
329 2534 600 2634 χρωμένη,
633 2535 771 2589 νοῦν
799 2557 901 2640 μεν
931 2530 1436 2605 προσλαμβάνουσα
1461 2534 1568 2588 αἰεὶ
1592 2542 1754 2589 θεῖον
1781 2554 1801 2585 ¹>

149 2617 334 2690 ὀρθῶς
364 2627 520 2682 θεοῖς
550 2614 695 2690 ὀρθα
726 2618 815 2672 καὶ
849 2614 1151 2689 εὐδαίμονα
1182 2621 1528 2687 παιδαγωγεῖ
1555 2614 1753 2687 πάντα,

86 2698 314 2758 Βοανοία
357 2702 416 2757 δε
455 2702 827 2773 ξυγγενομένη
868 2698 1046 2757 πάντα
1099 2701 1168 2758 αὐ
1225 2698 1491 2756 τάναντία
1542 2698 1754 2764 τούτοις

152 2782 523 2858 απεργάζεται.
599 2789 681 2840 21.
714 2787 961 2856 τιθῶμεν
982 2787 1158 2841 ταῦτα
1188 2782 1359 2850 οὕτως
1392 2789 1562 2855 ἔχειν;
1610 2779 1642 2854 ἢ
1676 2789 1755 2839 ἐτι

156 2867 477 2941 διστάζομεν
508 2873 558 2925 εἰ
589 2870 784 2941 ἑτέρως
817 2890 932 2934 πως
965 2874 1099 2941 ἔχει;

239 2974 468 3004 ΕσεΕΒῐῦε
501 2975 555 3006 11.
1439 2958 1505 3010 10
