2014 3146
563 112 775 152 PRAEP.
808 111 1031 154 EVANG.
1063 111 1159 154 xv.
1195 111 1262 153 60.
1306 112 1375 152 61.
1667 108 1771 159 413

158 231 323 302 μερῆ·
365 224 424 284 τὸ
464 227 570 299 γὰρ
610 225 812 300 ἄλογον
856 230 1168 302 διαιροῦσιν
1208 237 1286 294 εἴς
1325 251 1383 284 τε
1422 227 1482 284 τὸ
1528 226 1772 300 θυμικὸν

161 313 254 368 καὶ
283 311 342 368 τὸ
374 311 792 384 ἐπιθυμητικόν.
1342 368 1345 370 ,

287 400 336 453 2.
390 401 464 454 Οἱ
490 398 729 453 Στωϊκοὶ
761 399 814 464 ἐξ
844 393 986 452 ὀκτῶ
1018 399 1203 470 μερῶν
1234 394 1584 467 συνεστάναι,
1611 397 1773 452 πέντε

158 483 273 537 τῶν
316 484 688 553 αἰσθητικῶν,
728 478 1017 553 ὁρατικοῦ,
1059 477 1461 555 ὀσφραντικοῦ,
1515 478 1774 537 ἀκουστι-

117 568 294 637 5κοῦ,
336 568 660 637 γευστικοῦ,
703 563 962 621 ἁπτικοῦ·
1009 568 1170 621 ἕκτου
1205 565 1266 621 δε
1296 566 1647 672 φωνητικοῦ,
1680 566 1774 635 ἑβ-

162 646 336 722 δόμου
368 650 430 706 δε
460 652 860 722 σπερματικοῦ,
900 645 1105 720 ὀγδόου
1151 649 1214 705 δε
1244 651 1416 706 αὐτοῦ
1444 652 1542 706 τοῦ
1572 644 1773 721 ἡγεμο-

160 735 338 803 νικοῦ,
370 730 472 805 ἀφ’
506 734 572 790 οὐ
602 737 775 790 ταῦτα
805 731 983 789 πάντα
1013 735 1265 790 τέτακται
1297 731 1389 789 δια
1417 735 1528 790 τῶν
1551 738 1831 789 οἰκείων8
1799 756 1851 794 (83
1834 758 1884 795 3)

159 816 446 890 ὀργάνων,
490 821 818 890 προσφερῶς
865 831 984 884 ταῖς
1023 820 1123 874 τοῦ
1172 815 1488 883 πολύποδος
1541 815 1772 874 πλεκτά-

161 925 299 968 ναις.

97 1007 137 1038 10
288 990 335 1042 3.
385 984 758 1058 Δημόκριτος,
795 981 1144 1058 Ἐπίκουρος,
1187 987 1384 1058 διμερῆ
1425 982 1527 1056 τὴν
1568 983 1771 1056 ψυχὴν,

161 1069 222 1126 τὸ
252 1069 354 1142 μὲν
384 1069 606 1141 λογικὸν
637 1076 874 1142 ἔχουσαν
905 1072 966 1127 ἐν
994 1073 1070 1146 τῷ
1094 1067 1312 1143 θώρακι
1335 1069 1772 1141 καθιδρυμένον,

159 1153 219 1211 τὸ
254 1155 315 1210 δὲ
345 1151 549 1226 ἄλογον
579 1151 710 1211 καθ’
754 1150 892 1225 ὅλην
929 1151 1030 1226 τὴν
1071 1153 1365 1227 σύγκρισιν
1394 1156 1492 1211 τοῦ
1524 1152 1773 1225 σώματος

162 1240 585 1311 διεσπαρμένον.

289 1327 337 1380 3.
381 1318 436 1380 ‘0
469 1322 530 1379 δὲ
561 1320 907 1396 Δημόκριτος
948 1320 1128 1380 πάντα
1166 1324 1416 1395 μετέχειν
1461 1319 1629 1393 φύσει
1669 1334 1773 1388 ψυ-

100 1426 140 1460 15
162 1413 260 1481 χῆς
291 1409 478 1478 ποιοῖς,
520 1408 613 1463 καὶ
653 1405 719 1463 τὰ
758 1405 929 1481 νεκρὰ
972 1409 1085 1464 τῶν
1116 1405 1411 1479 σωμάτων·
1461 1403 1601 1462 διότι
1632 1402 1772 1477 άφα·

159 1494 270 1559 νῶς
299 1515 448 1557 τινος
477 1494 694 1565 θερμοῦ
722 1493 814 1548 καὶ
845 1496 1175 1564 αἰσθητικοῦ
1204 1493 1443 1564 μετέχει,
1486 1492 1587 1547 τοῦ
1616 1495 1773 1546 πλεί-

160 1599 287 1643 ονος
319 1572 778 1649 διαπνεομένου.”

161 1727 281 1776 LXI.
620 1714 804 1789 “Περὶ
833 1718 932 1772 τοῦ
957 1714 1303 1788 ἡγεμονικοῦ.
1803 1744 1821 1775 b

292 1833 339 1884 1.
387 1826 645 1900 Πλάτων,
678 1826 1042 1902 Δημόκριτος,
1078 1830 1137 1884 ἐν
1167 1824 1267 1902 ολῃ
1298 1829 1367 1901 τῇ
1398 1829 1632 1900 κεφαλῇ.

99 1933 140 1966 20
289 1917 338 1972 2.
387 1910 655 1986 Στράτων
687 1916 748 1970 ἐν
777 1910 1090 1989 μεσοφρύω.

289 2001 338 2054 3
381 1993 796 2070 Ἐρασίστρατος
837 1998 963 2070 περὶ
1006 1995 1109 2068 τὴν
1138 1994 1377 2069 μήνιγγα
1406 1997 1507 2053 τοῦ
1539 1952 1774 2067 ἐγκεφά-

164 2088 283 2154 λου,
315 2077 386 2152 ἣν
418 2083 746 2154 ἐπικρανίδα
776 2082 936 2153 λέγει.

290 2169 340 2221 4.
381 2159 676 2237 Ἡρόφιλος
717 2168 778 2221 ἐν
817 2167 886 2239 τῇ
913 2167 1011 2221 τοῦ
1055 2162 1364 2236 ἐγκεφάλου
1407 2168 1614 2238 κοιλία,
1659 2159 1773 2233 ἥτις

165 2251 279 2306 ἐστὶ
309 2250 401 2306 καὶ
433 2246 608 2320 βάσις.

101 2352 142 2385 25
291 2337 340 2391 5.
388 2337 745 2406 Παρμενίδης
777 2334 838 2389 ἐν
866 2329 976 2408 ὅλῳ
1005 2335 1080 2408 τῷ
1106 2329 1338 2406 θώρακι.

293 2421 341 2474 6.
386 2413 731 2489 Ἐπίκουρος,
784 2420 839 2473 οἱ
888 2418 1127 2473 Στωϊκοὶ
1167 2414 1396 2487 πάντες,
1451 2419 1511 2474 ἐν
1561 2413 1662 2489 ὅλῃ
1708 2422 1774 2490 τῇ

166 2506 384 2576 καρδίᾳ.

296 2590 341 2642 7.
389 2585 662 2656 Διογένης
694 2587 754 2641 ἐν
782 2588 847 2659 τῇ
873 2580 1178 2659 ἀρτηριακῇ
1199 2590 1380 2642 κοιλία
1403 2588 1500 2657 τῆς
1522 2589 1773 2658 καρδίας,
1798 2619 1813 2640 c

166 2667 284 2742 ἥτις
317 2671 431 2727 ἐστὶ
462 2667 820 2741 πνευματική.

105 2773 147 2805 30
297 2759 343 2811 8.
386 2750 753 2826 Ἐμπεδοκλῆς
788 2753 849 2809 δε
881 2757 941 2810 ἐν
970 2759 1036 2827 τῇ
1066 2757 1166 2811 τοῦ
1195 2757 1420 2826 αιματος
1451 2750 1728 2809 συστάσει.

295 2843 342 2895 9.
394 2843 470 2895 Οἵ
507 2836 558 2896 δ’
607 2840 666 2894 ἐν
705 2840 784 2913 τῷ
823 2843 1162 2915 περικαρδίῳ
1202 2833 1389 2909 ὑμένι·
1437 2841 1494 2894 οἷ
1521 2834 1570 2893 δ’
1610 2839 1670 2897 ἐν
1699 2841 1772 2913 τῷ
