2014 3146
619 150 831 193 PRAEP.
864 150 1085 192 EVANG.
1117 153 1242 193 xm.
1278 155 1342 194 13.
1682 151 1787 204 223

176 288 235 324 τε
265 263 550 339 αὐθέντην
592 265 1036 339 ἐπιγραφόμενα,
1078 268 1170 323 καὶ
1214 267 1554 342 πιστούμενά
1593 293 1656 342 γε
1685 267 1787 342 τὴν

179 354 514 423 ἐπαγγελίαν
545 348 636 407 διά
666 355 761 422 τῆς
791 355 904 408 τῶν
933 350 1248 424 μελλόντων
1278 352 1660 427 προρρήσεως,
1694 352 1786 411 διά

176 458 235 492 τε
265 438 378 492 τῶν
407 433 729 508 συμφώνων
758 449 870 502 τοῖς
900 442 1279 509 θεσπίσμασιν
1310 435 1785 511 ἀποτελεσμάτων,

177 518 353 592 πάσης
378 521 591 592 λέγεται
618 522 1015 593 διεψευσμένης
1037 526 1283 586 διανοίας
1298 519 1448 588 ε’κτὸς
1471 522 1783 596 τυγχάνειν.

131 627 152 659 5
174 603 240 660 τὰ
270 608 408 677 γοῦν
431 615 562 662 θεῖα
587 603 744 676 λόγια
768 602 928 677 ἁγνά,
960 607 1051 661 καὶ
1074 602 1341 679 ἀργύριον
1365 609 1784 680 πεπυρωμένον,

178 694 430 762 δοκίμιον
458 693 524 764 τῇ
555 692 654 764 γῇ,
687 692 1166 763 κεκαθαρισμένον
1199 692 1599 763 ἑπταπλασίως,
1633 689 1787 749 ἀνεί-

176 797 349 847 ρηται.
422 778 470 830 2.
504 770 624 829 ἀλλ’
671 771 737 829 οὐ
777 775 869 828 καὶ
909 772 974 829 τά
1015 772 1314 841 Πλάτωνος
1355 780 1607 847 τοιαῦτα,
1651 774 1784 833 οὐδὲ
1811 799 1833 832 d

174 858 285 932 μὴν
318 860 508 931 ἑτέρου
538 881 636 914 του
667 861 777 914 τῶν
810 860 869 913 ἐν
899 855 1220 931 ἀνθρώποις
1251 865 1460 931 σοφῶν,
1493 866 1548 915 οἳ
1575 864 1785 931 θνητῆς

175 948 424 1008 διανοίας
468 939 708 1015 ὄμμασιν
746 939 1026 1014 ἐπικήροις
1055 966 1114 999 τε
1145 958 1471 1016 στοχασμοϊς
1511 945 1602 1000 καὶ
1635 950 1786 1001 είκα-

110 1050 152 1082 10
177 1033 349 1098 σίαις,
392 1024 529 1099 ὅναρ
563 1024 778 1100 ὥσπερ,
815 1023 934 1082 ἀλλ’
982 1024 1084 1099 οὐχ
1115 1025 1292 1101 ὕπαρ,
1337 1031 1432 1100 τῆς
1463 1032 1574 1085 τῶν
1605 1026 1784 1086 ὄντων

173 1110 395 1185 φύσεως
437 1114 526 1168 ἐπὶ
569 1118 884 1184 φαντασίαν
921 1110 1178 1177 ἐλθόντες
1210 1111 1352 1169 πολὺ
1390 1110 1451 1169 τὸ
1476 1116 1657 1186 κρᾶμα
1686 1119 1783 1171 τοῦ

174 1195 416 1265 ψεύδους
467 1199 545 1272 τῷ
594 1200 689 1269 τῆς
751 1194 971 1269 φύσεως
1024 1194 1229 1267 ἀληθεῖ
1276 1200 1781 1271 συνεπηνέγκαντο,

174 1276 246 1347 ὦς
278 1278 351 1355 μὴ
382 1278 644 1354 ἀνευρεῖν
678 1279 887 1352 ἀπάτης
929 1279 1181 1354 καθαρὸν
1213 1284 1274 1337 ἐν
1307 1280 1494 1348 αὐτοῖς
1533 1281 1778 1355 μάθημα.

173 1370 220 1422 3.
266 1364 464 1421 αὐτίκα
504 1367 642 1437 γοῦν
685 1363 864 1438 βραχύ
915 1390 965 1421 τι
1006 1368 1100 1437 τῆς
1153 1372 1447 1438 φιλαυτίας
1500 1372 1551 1422 εί
1590 1365 1782 1438 ἐθελή-

108 1470 150 1503 15
176 1468 297 1517 σαις
338 1445 600 1522 ὑφεῖναι,
654 1452 745 1506 καὶ
786 1453 905 1524 φῶς
957 1446 1090 1507 αὐτὸ
1133 1448 1367 1522 δυνάμει
1423 1456 1644 1524 λογικῆς
1684 1449 1784 1507 οὐ-

174 1540 295 1600 σίας
339 1537 741 1608 ἐπιθεωρῆσαι,
795 1541 984 1606 γνοίης
1026 1530 1094 1590 ἂν
1134 1531 1230 1590 τὸν
1274 1533 1593 1606 θαυμάσιον
1623 1534 1784 1608 φιλό-

174 1636 350 1691 σοφον
382 1617 552 1675 αὐτὸν
585 1621 826 1690 ἐκεῖνον,
876 1618 973 1675 τὸν
1007 1617 1074 1691 δὴ
1116 1618 1290 1691 μόνον
1330 1618 1558 1677 πάντων
1593 1615 1783 1691 Ἐλλή-

172 1727 290 1760 νων
320 1701 588 1776 ἀληθείας
619 1701 924 1778 προθύρων
954 1702 1276 1775 ψαύσαντά,
1308 1701 1415 1778 ὕλη
1441 1707 1666 1778 φθαρτῇ
1691 1706 1782 1760 καὶ

174 1785 386 1855 ξοάνοις
417 1786 719 1860 βαναύσων
750 1790 941 1861 χερσὶν
973 1793 1049 1853 είς
1080 1786 1441 1859 ἀνδρείκελον
1473 1794 1652 1861 σχῆμα
1683 1812 1781 1845 κα-

107 1892 149 1924 20
171 1874 627 1945 τεσκευασμένοις
665 1870 768 1944 τὴν
808 1876 920 1929 τῶν
959 1875 1112 1930 θεῶν
1162 1879 1540 1947 προσηγορίαν
1592 1896 1782 1929 καται-
1800 1896 1891 1937 (692)

171 1955 474 2029 σχύνοντα,
507 1960 598 2013 καὶ
622 1955 755 2030 μετὰ
784 1956 844 2013 τὸ
874 1960 1013 2030 με’γα
1043 1959 1137 2030 τῆς
1167 1964 1590 2030 μεγαλοφωνίας
1620 1953 1781 2029 ὕψος,

175 2038 250 2097 δι’
284 2033 348 2114 ἧς
378 2039 475 2098 τὸν
506 2044 713 2114 πατέρα
742 2044 836 2097 καὶ
870 2041 1210 2114 δημιουργὸν
1251 2043 1459 2098 εἰδέναι
1489 2044 1654 2098 τοῦδε
1683 2044 1783 2098 τοῦ

173 2124 376 2190 παντὸς
423 2130 753 2197 διετείνατο,
802 2123 1027 2183 ἄνωθέν
1068 2136 1247 2182 ποθεν
1293 2128 1346 2192 ἐξ
1387 2121 1781 2198 ὖπερκοσμίων

171 2204 391 2277 ἀψίδων
423 2215 499 2275 εἰς
529 2209 625 2266 τὸν
655 2209 948 2266 κατωτάτω
972 2206 1157 2279 βυθὸν
1179 2212 1273 2281 τῆς
1296 2213 1592 2281 θεομισοῦς
1619 2214 1806 2265 είδω-’

108 2313 149 2346 25
174 2298 462 2365 λολατρίας
503 2296 581 2367 τῷ
620 2292 776 2369 δήμῳ
821 2298 932 2349 τῶν
959 2290 1274 2365 Ἀθηναίων
1313 2291 1779 2366 συνωθούμενον·

174 2373 247 2443 ὥς
278 2375 350 2449 μὴ
383 2379 778 2448 διατρέπεσθαι
808 2375 904 2434 τὸν
929 2375 1236 2451 Σωκράτην
1260 2380 1566 2449 καταβῆναι
1598 2376 1780 2450 φάντα

174 2467 251 2527 εἰς
275 2465 515 2534 Πειραιᾶ
539 2459 979 2534 προσευξάμενον
1001 2466 1066 2535 τῇ
1090 2465 1227 2538 θεῷ,
1252 2464 1343 2518 καὶ
1367 2462 1468 2533 τὴν
1491 2461 1779 2536 βάρβαρον

175 2543 371 2618 ἑορτὴν
401 2543 527 2611 τοὺς
559 2553 782 2612 πολίτας
812 2544 932 2602 τότε
962 2549 1180 2617 πρῶτον
1223 2550 1606 2612 ἐπιτελοῦντας
1646 2557 1777 2603 θεα-

173 2628 434 2703 σόμενον,
489 2634 580 2686 καὶ
618 2628 713 2686 τὸν
762 2628 1101 2703 ἀλεκτρυόνα
1144 2634 1219 2707 τῷ
1257 2628 1563 2706 Ἀσκληπιῷ
1604 2634 1777 2687 θῦσαι
1804 2653 1823 2683 ι)

108 2734 149 2765 30
173 2712 549 2786 ὁμολογοῦντα
600 2713 925 2786 προστάξαι,
973 2713 1069 2772 τόν
1114 2738 1172 2772 τε
1225 2714 1455 2787 πάτριον
1499 2713 1778 2786 Ἑλλήνων

176 2796 469 2871 ἐξηγητὴν,
523 2798 618 2855 τὸν
673 2798 1055 2871 ἐγκαθήμενον
1109 2802 1168 2856 ἐν
1221 2807 1465 2872 Δελφοῖς
1521 2805 1774 2870 δαίμονα,

173 2881 477 2951 θειάζοντα.
548 2888 596 2939 4.
633 2883 716 2940 διὸ
749 2885 839 2939 καὶ
871 2882 1090 2950 εἰκότως
1129 2886 1224 2956 τῆς
1257 2881 1606 2955 ἀφιλοσόφου
1636 2889 1777 2952 πλη-
