2014 3146
259 105 363 157 202
933 103 1184 146 EUSEBII

259 224 495 293 λέληθεν
518 217 551 292 ἢ
576 225 632 277 οὗ
649 223 745 292 τῆς
767 217 1056 291 θαλάσσης
1080 217 1365 292 λεγόμενοι
1387 219 1522 293 χόες.
1577 222 1667 278 καὶ
1692 226 1866 278 ταῦτα

259 304 389 363 οὔθ’
434 302 516 361 ὅτι
557 302 661 361 οὐκ
711 304 865 361 οἶδεν
915 303 1102 376 οἶδεν,
1154 302 1293 360 ἀλλὰ
1333 307 1408 382 τῷ
1448 302 1565 362 ὄντι
1606 303 1666 362 τὸ
1707 309 1865 378 σῶμα

143 411 236 456 [394]
261 388 435 462 μόνον
467 391 526 446 ἐν
555 392 619 462 τῇ
653 386 809 445 πόλει
839 402 1012 446 κεῖται
1046 384 1218 445 αὐτοῦ
1249 389 1340 445 καὶ
1373 392 1658 462 ἐπιδημεῖ,
1700 388 1864 456 αὐτὸς

260 474 322 530 δὲ
353 479 608 544 πέταται,
641 471 778 530 κατὰ
808 477 1128 546 Πίνδαρον,
1170 472 1236 529 τὰ
1267 475 1365 545 γᾶς
1395 471 1738 547 ὑπένερθεν,
1771 473 1864 532 οὐ-

209 586 232 619 b
259 560 435 629 ρανοῦ
462 581 521 615 τε
559 556 704 660 ὕπερ
735 554 1093 631 ἀστρονομῶν
1132 559 1225 614 καὶ
1264 560 1449 615 πᾶσαν
1479 556 1659 631 πάντη
1691 557 1863 632 φύσιν
1908 581 1929 614 5

260 640 673 716 §pevvm'yevogss

379 723 500 784 21.
505 725 711 784 Πάλιν
729 717 802 783 αῦ
825 729 900 801 τῷ
923 730 1022 783 τοῦ
1047 732 1246 800 κυρίου
1263 730 1408 803 ῥητῷ
1432 732 1507 803 τῷ
1523 725 1684 784 “ἐ’στω
1708 723 1869 801 ὑμῶν

257 811 317 868 τὸ
349 814 575 868 ναὶ’ναὶ
614 813 707 867 καὶ
745 810 805 868 τὸ
847 807 912 868 οὒ
954 807 1042 867 οῦ’
1089 814 1273 868 ἐκεῖνα
1306 807 1670 870 ἀπεικαστέον
1704 807 1867 869 εοέλλοὶ

257 920 349 968 μοι
395 895 603 963 ψεῦδός
653 918 712 952 τε
751 898 1107 968 συγχωρῆσαι
1156 897 1248 952 καὶ
1289 892 1562 968 ἀλήθειαν
1594 894 1867 968 ἀφανίσαι

256 979 520 1053 οὐδαμῶς
549 976 743 1053 θέμις’
790 985 865 1056 τῷ
895 1003 955 1036 τε
979 981 1104 1051 περὶ
1138 983 1234 1036 τοῦ
1266 977 1463 1053 ὀμόσαι
1494 977 1867 1053 ἀπαγορεύσει
1890 1003 1932 1036 10

257 1063 491 1140 συνᾴδει
520 1063 622 1137 ἥδε
645 1063 678 1137 ἡ
705 1066 765 1121 ἐν
787 1067 853 1138 τῇ
880 1062 1089 1139 δεκάτῳ
1122 1068 1233 1121 τῶν
1260 1063 1471 1137 Νόμων
1503 1067 1644 1133 λέξις
1669 1061 1696 1084 “
1715 1072 1867 1123 ἔπαι-

254 1149 353 1216 νός
383 1173 442 1206 τε
473 1147 633 1224 ὅρκος
656 1173 715 1206 τε
739 1151 864 1223 περὶ
896 1146 1100 1215 παντὸς
1123 1146 1356 1206 ἀπέστω.
1367 1148 1397 1170 ”
1431 1151 1523 1206 καὶ
1545 1149 1605 1207 τὸ
1630 1148 1868 1208 σύνολον

255 1233 601 1306 Πυθαγόρας
619 1235 711 1290 καὶ
739 1231 1036 1307 Σωκράτης
1055 1235 1147 1290 καὶ
1164 1232 1405 1291 Πλάτων
1429 1237 1682 1307 λέγοντες
1706 1231 1868 1293 ἀκού-

258 1342 345 1376 ειν
375 1321 566 1391 φωνῆς
597 1321 756 1391 θεοῦ,
789 1319 892 1390 τὴν
916 1316 1263 1391 κατασκευὴν
1279 1342 1392 1375 των
1415 1316 1562 1378 ολων
1585 1322 1868 1393 θεωροῦν-

215 1439 235 1462 c
258 1426 344 1470 τες
383 1400 624 1477 ἀκριβῶς
663 1400 774 1460 ὑπὸ
826 1408 965 1460 θεοῦ
1004 1416 1302 1476 γεγονυῖαν
1347 1406 1440 1460 καὶ
1491 1406 1867 1478 συνεχομένην
1891 1423 1932 1457 15

258 1485 655 1559 ἀδιαλείπτως,
696 1484 968 1560 ἀκηκόασι
1007 1491 1105 1545 τοῦ
1136 1489 1390 1554 [Μωσέως
1434 1489 1687 1562 λέγοντος
1725 1487 1868 1546 ‘effus

258 1575 348 1630 καὶ
391 1570 644 1645 ἐγένετο,’
689 1569 787 1629 τὸν
826 1570 991 1644 λόγον
1032 1579 1131 1630 τοῦ
1172 1577 1315 1630 θεοῦ
1352 1578 1519 1646 ἔργον
1562 1573 1703 1630 εἶναι
1746 1578 1869 1630 δια-

258 1655 581 1730 γράφοντος.
624 1661 708 1714 22.
737 1660 832 1713 ἐπί
856 1679 914 1714 τε
935 1659 1030 1729 τῆς
1051 1660 1149 1716 τοῦ
1165 1654 1472 1732 ἀνθρώπου
1498 1661 1558 1722 ἐκ
1588 1655 1712 1731 χοὸς
1745 1663 1868 1714 δια-

258 1740 509 1808 πλάσεως
562 1739 843 1813 ἱστάμενοι
885 1740 1080 1814 γήϊνον
1129 1743 1230 1815 μὲν
1283 1747 1340 1798 οἱ
1383 1740 1679 1815 φιλόσοφοι
1730 1739 1861 1815 παρ’

255 1828 460 1882 ἕκαστα
483 1824 542 1882 τὸ
574 1829 730 1897 σῶμα
761 1822 1223 1899 ἀναγορεύουσιν,
1242 1821 1476 1900 Ὅμηρος
1505 1826 1566 1882 δὲ
1587 1825 1691 1883 οὐκ
1714 1823 1869 1884 ὀκνεῖ
1890 1847 1932 1879 20

260 1913 320 1967 ἐν
344 1908 589 1984 κατάρας
619 1912 772 1982 μέρει
802 1915 1066 1967 τίθεσθαι
1096 1909 1156 1967 τὸ

401 2011 508 2067 ἄλλ’
538 2013 674 2083 ὑμεῖς
699 2017 788 2082 μὲν
811 2011 987 2078 πάντες
1011 2012 1147 2084 ’ὕδωρ
1172 2017 1256 2068 καὶ
1283 2023 1401 2085 γαῖα
1425 2019 1678 2085 γένοισθε,

258 2120 515 2193 καθάπερ
547 2119 776 2187 “Ησα“ίας
808 2118 923 2177 καὶ
963 2119 1381 2194 καταπατήσατε
1423 2118 1646 2188 αὐτούς’
1689 2123 1868 2194 λέγων

208 2237 255 2279 d}
275 2204 347 2272 ὡς
378 2202 587 2279 πηλόν.’
648 2209 732 2262 23.
767 2210 1117 2279 Καλλίμαχος
1151 2207 1209 2263 δε
1244 2205 1553 2282 διαρρήδην
1581 2204 1786 2281 γράφει

400 2304 465 2378 ἠν
490 2318 648 2373 κεῖνος
675 2308 960 2378 οῦνιαυτὸς,
988 2303 1029 2383 ᾧ
1053 2312 1166 2364 ποτὲ
1183 2307 1372 2379 πτηνὸν
1889 2322 1930 2355 25

401 2383 485 2432 καὶ
509 2376 629 2432 τοῦν
653 2379 885 2467 θαλάσσῃ
911 2383 995 2433 καὶ
1019 2377 1071 2434 τὸ
1098 2381 1369 2448 τετράπουν
1394 2380 1547 2444 οὕτως

401 2447 693 2519 ἐφθέγγεθ’,
724 2448 788 2512 ὡς
813 2447 838 2503 ὁ
860 2436 1021 2519 πηλὸς
1046 2447 1073 2505 ὁ
1103 2455 1432 2521 Προμηθέως.

259 2553 430 2611 πάλιν
478 2578 536 2611 τε
575 2552 603 2611 ὁ
656 2552 818 2622 αὐτὸς
861 2553 941 2614 εἴ
973 2555 1051 2614 σε’
1101 2562 1206 2630 ἔφη
1240 2555 1602 2632 ’Προμηθεὺς
1643 2562 1864 2627 ἔπλασε,

258 2641 351 2695 καὶ
393 2641 572 2710 πηλοῦ
611 2636 684 2711 μὴ
728 2641 780 2706 ἐξ
826 2640 1015 2714 ἑτέρου
1047 2644 1293 2714 γέγονας.
1301 2640 1313 2660 ’
1385 2638 1638 2706 Ἡσίοδός
1676 2662 1735 2696 τε
1776 2640 1865 2696 ἐπὶ

258 2727 354 2794 τῆς
389 2720 701 2797 Πανδώρας
734 2725 883 2793 λέγει
1887 2733 1929 2764 3⁰

377 2862 426 2900 11
450 2853 679 2908 ’Έπαινος
738 2863 772 2909 -]
806 2860 941 2902 Plato
962 2861 1074 2914 Leg.
1100 2864 1167 2905 11.
1201 2876 1242 2915 p.
1267 2864 1348 2903 917
1369 2875 1408 2902 c.
