2014 3146
256 158 363 210 216
924 156 1174 198 EUSEBII

213 299 235 331 d
257 279 340 331 49.
388 272 452 331 τοὶ
491 271 651 346 ὅμοια
690 270 904 338 τούτοις
947 270 1052 328 κᾶν
1091 284 1205 337 τοῖς
1240 269 1519 344 Ὀρφικοῖς
1562 267 1874 345 εὑρήσομεν

259 351 372 415 οἶδέ
398 381 512 423 πως
543 358 895 460 γεγραμμένα

398 445 586 510 πάντας
612 443 705 516 γὰρ
731 446 936 532 κρύψας
962 442 1116 509 αὖθις
1141 467 1270 513 φαος
1295 447 1343 508 ἐς
1374 452 1562 514 πολυγη
1567 447 1656 509 θὲς

399 521 447 584 ἐξ
474 522 607 587 ἱερᾶς
635 521 839 586 κραδίας
863 513 1176 586 ἆνενὲγκατο,
1203 518 1419 585 μέρμερα
1445 519 1608 586 ρέζων.

255 621 327 696 ἢν
358 624 419 681 δε
449 622 614 691 ὁσίως
645 626 738 681 καὶ
780 629 1008 690 δικαίως
1041 621 1448 695 διαβιώσωμεν,
1480 646 1737 697 μακαριοι
1765 623 1868 695 μὲν
1890 645 1914 678 5

259 713 535 782 ἐνταῦθα’,
580 706 983 782 μακαριώτεροι
1023 709 1084 765 δὲ
1123 706 1259 781 μετὰ
1298 706 1400 781 τὴν
1432 708 1667 765 ἐνθένδε
1697 705 1869 764 ἀπαλ-

256 791 551 866 λαγὴνγού
583 791 765 870 χρόνῳ
795 795 906 851 τινὶ
935 790 1038 865 τὴν
1071 791 1435 866 εὐδαιμονίαν
1466 798 1708 866 ἔχοντες,
1740 789 1864 848 ἀλλ’

258 881 318 936 ἐν
350 881 511 934 αἰῶνι
541 875 970 935 ἀναπαύσεσθαι
1003 875 1324 951 δυνάμενοι,

398 977 673 1045 ἆθανατοις
698 979 918 1035 ἄλλοισιν
945 979 1176 1050 ὅμέστιοι,
1204 977 1555 1051 αὖτοτροὲπεζοι
1949 1050 1952 1052 ¹

146 1069 239 1112 (685)
399 1053 580 1119 ἐόντες,
607 1050 899 1121 ἆνδρείων’
874 1075 1063 1120 αχαιων
1088 1051 1361 1122 ἆπόκληροι
1387 1052 1613 1119 ἆτειρεῖς,
1892 1068 1936 1099 10

256 1154 290 1230 ἡ
345 1157 650 1231 φιλόσοφος
711 1155 1143 1231 Ἐμπεδοκλέους
1203 1161 1350 1231 λέγει
1408 1154 1678 1231 ποιητική,
1769 1154 1872 1231 οὐχ

256 1239 401 1300 οὕτω
432 1267 512 1310 τις
543 1246 711 1315 μέγας
745 1249 895 1300 ἔσται
936 1246 1026 1300 καὶ
1059 1241 1190 1300 καθ’
1222 1240 1492 1315 ’Έλληνας
1552 1242 1625 1309 ὡς
1665 1240 1872 1315 ὑπερέ-

255 1351 375 1400 χειν
403 1326 507 1398 τὴν
538 1332 720 1400 δίκην,
751 1327 886 1384 οὐδὲ
915 1326 1141 1401 σμικρὸς
1183 1323 1255 1394 ὥς
1297 1335 1511 1385 λαθεῖν.
1602 1331 1684 1385 50.
1721 1325 1775 1384 ’ὁ
1808 1322 1867 1384 δ’

257 1408 422 1478 αὐτὸς
442 1408 674 1485 Ὀρφεὺς
705 1413 796 1468 καὶ
827 1418 1000 1469 ταῦτα
1030 1415 1178 1485 λέγει

398 1520 464 1578 εἰς
493 1518 544 1569 δὲ
570 1516 717 1586 λόγον
744 1525 887 1570 θεῖον
912 1520 1117 1602 βλέψας
1130 1515 1285 1589 τούτῳ
1292 1519 1620 1601 ςπροσέδρευε,
1651 1520 1654 1524 ’
1890 1528 1935 1563 15

397 1587 594 1640 ἰθύνων
620 1591 827 1656 κραδίης
853 1585 1025 1653 νοερὸν
1052 1609 1217 1652 κυτος·
1258 1586 1312 1641 εὐ
1340 1591 1368 1639 δ
1415 1589 1639 1656 ἐπίβαινε

396 1655 686 1742 ἆτραπιτοῦ,
713 1663 903 1725 μοῦνον
932 1634 977 1710 δ’
1010 1657 1155 1727 ἐσόρα
1177 1659 1381 1727 κόσμοιο
1408 1657 1613 1724 ἄνακτα,

208 1744 230 1777 b
397 1723 671 1781 ἆθανατον.

255 1810 425 1884 αὖθίς
454 1842 513 1875 τε
543 1821 670 1892 περὶ
700 1823 800 1876 τοῦ
828 1824 987 1892 θεοῦ,
1022 1818 1260 1892 ἀόρατον
1291 1817 1463 1877 αὐτὸν
1493 1821 1689 1892 λέγων,
1714 1817 1868 1895 μόνῳ

253 1907 582 1974 γνωσθῆναι
614 1905 702 1960 ἑνί
726 1909 844 1959 τινί
867 1922 1005 1976 φησι
1034 1904 1094 1961 τὸ
1127 1907 1286 1976 γένος
1318 1909 1600 1980 Χαλδαίῳ,
1634 1912 1743 1960 εἴτε
1771 1901 1870 1960 τόν
1891 1929 1937 1961 20

246 1984 493 2059 Ἀβρααμ
525 1988 703 2059 λέγων
733 1990 959 2059 τοῦτον,
1003 1997 1112 2045 εἴτε
1143 1990 1234 2045 καὶ
1265 1987 1361 2045 τὸν
1391 1985 1518 2044 υίὸν
1547 1985 1644 2044 τὸν
1675 1983 1867 2061 αὐτοῦ,

257 2068 349 2127 διὰ
379 2069 613 2179 τούτῳν,

395 2165 439 2214 εἰ
463 2161 530 2230 μὴ
557 2183 861 2230 μουνογενης
887 2185 960 2224 τις
985 2159 1218 2254 απορρώξ
1243 2162 1404 2229 φύλου
1430 2161 1632 2215 α’νωθεν

395 2236 683 2285 Χαλδαίων·
722 2236 853 2299 ι’δρις
878 2233 971 2322 γὰρ
1001 2235 1096 2300 εἠν
1113 2234 1319 2319 α’στροιο
1337 2238 1555 2301 πορείης,

204 2327 222 2349 c
395 2305 481 2354 καὶ
506 2307 719 2371 σφαίρης
744 2305 912 2388 κίνημ’
941 2303 1071 2371 ἀμφὶ
1098 2304 1259 2372 χθόνα
1287 2299 1352 2367 ὡς
1378 2305 1664 2372 περιτέλλει,
1888 2326 1935 2360 25

395 2376 684 2441 κυκλοτερές
696 2395 765 2462 ,γε
790 2375 841 2426 ἐν
869 2378 979 2446 ι’σῳ,
1007 2397 1132 2427 κατα
1158 2376 1210 2427 δὲ
1235 2376 1471 2440 σφέτερον
1497 2373 1754 2426 κνώδακα

393 2443 635 2509 πνεύματι
663 2442 708 2495 δ’
739 2443 937 2511 ἡνιοχεῖ
955 2450 1066 2513 περί
1091 2441 1131 2497 τ’
1163 2444 1283 2515 ἠέρα
1308 2447 1393 2497 καὶ
1418 2446 1530 2514 περὶ
1555 2448 1725 2512 χεῦμα.

1167 2546 1290 2569 ἱὲθθ

251 2550 334 2603 51.
386 2545 522 2617 εἶτα,
554 2544 676 2605 οἷον
708 2552 1083 2623 παραφραζων
1123 2575 1183 2607 το
1267 2575 1296 2607 ο
1338 2547 1574 2621 οὐρανός
1603 2572 1695 2622 μοι
1725 2546 1867 2621 θρό-

251 2655 365 2702 νος,
398 2628 431 2702 ἡ
465 2631 524 2687 δε
556 2636 625 2703 γῇ
657 2630 968 2691 ὑποπόδιον
996 2659 1108 2691 των
1135 2637 1327 2692 ποδων
1355 2636 1481 2707 μου’
1529 2635 1779 2706 ἐπιφέρει

392 2729 542 2797 αὐτὸς
569 2730 611 2786 δ’
642 2758 706 2788 αυ
731 2739 885 2824 μέγαν
910 2739 1062 2801 αὖθις
1089 2736 1167 2791 ἐπ
1178 2734 1426 2828 οῖ’ξρανον
1441 2738 1738 2806 ἐστήρικται,
1886 2741 1931 2779 3⁰

205 2820 228 2852 d
393 2806 580 2877 χρυσέῳ
608 2807 682 2858 ἐνὶ
708 2807 906 2893 θρόνῳ·
943 2813 1058 2876 γαίη
1086 2805 1132 2860 δ’
1162 2831 1260 2861 υπο
1286 2809 1429 2860 ποσσι
1455 2810 1652 2875 βέβηκε

390 2883 529 2946 χεῖρα
548 2859 607 2929 δὲ
634 2874 882 2946 δεξιτερην
909 2880 1021 2948 περὶ
1050 2881 1280 2948 τέρμασιν
1299 2874 1562 2930 Ὠκεανοῖο
