2014 3146
311 109 415 162 372
995 109 1242 150 EUSEBII

1539 200 1571 207 Α

311 227 733 301 παραιτουμένῳ
773 222 870 281 τὸν
901 225 1102 298 αἰθέρα
1134 227 1193 281 ἐκ
1231 223 1405 299 πυρὸς
1435 226 1620 298 λέγειν
1649 224 1917 285 τοιούτου.

310 316 357 367 L).
392 308 788 381 ἀπαιτούμενοι
821 309 881 365 δὲ
910 310 1026 375 πῶς
1057 308 1117 364 τὸ
1156 310 1406 366 τοιοῦτον
1441 311 1778 383 ἐπιδιαμένει
1809 314 1920 382 πῦρ

311 392 535 451 ἀλλοῖον
576 394 678 466 μὲν
719 395 830 466 πῦρ
871 389 939 449 οὐ
981 395 1240 464 λέγουσιν
1282 392 1452 465 εἶναι,
1492 393 1552 451 τὸ
1583 399 1833 453 τοιοῦτον
1865 392 1918 452 δ’

312 477 559 544 εἰπόντες
602 479 694 534 καὶ
735 475 1018 534 πιστεύειν
1057 475 1246 543 αὐτοῖς
1277 481 1530 535 εἰποῦσιν
1570 475 1920 551 ἀξιώσαντες,

309 567 375 637 τῇ
407 559 589 639 ἀλόγῳ
612 560 786 636 ταύτῃ
810 567 990 618 πίστει
1015 560 1489 620 ἐπισυνάπτουσιν
1513 560 1594 619 ὅτι
1619 565 1711 620 καὶ
1739 560 1922 621 ἀΐδιόν
1945 586 1964 618 5

313 651 425 704 ἐστι
456 650 597 721 πῦρ,
631 649 691 704 ἐκ
720 647 922 720 μέρους
953 649 1045 704 καὶ
1074 645 1134 703 τὸ
1166 648 1423 721 αἰθέριον
1453 649 1801 719 σβέννυσθαι
1830 651 1922 705 καὶ

311 729 660 790 ἀνάπτεσθαι
688 733 952 799 τιθέντες.
1006 729 1145 788 ἀλλά
1185 729 1287 804 τὴν
1317 729 1529 790 τούτων
1561 731 1698 805 πρὸς
1726 733 1829 805 μὲν
1858 731 1922 789 τά

313 812 501 874 αὐτῶν
530 815 825 889 ἀβλεψίαν,
856 815 995 889 πρὸς
1021 816 1083 874 δὲ
1111 815 1178 872 τὰ
1208 822 1321 874 τῶν
1350 822 1604 873 παλαιῶν
1635 821 1923 891 ῥᾳθυμίαν

311 925 369 958 τε
400 903 492 957 καὶ
523 899 968 975 καταφρόνησιν,
1000 906 1057 957 τί
1081 899 1152 957 ἄν
1182 925 1263 967 τις
1296 899 1467 958 ἐπιών
1499 902 1587 958 ἐπὶ
1619 903 1789 958 πλέον
1818 926 1924 974 μη-

312 983 536 1055 κύνοι;”
1946 1009 1986 1040 10

201 1095 293 1137 (819)
439 1081 579 1130 XVII.
623 1065 824 1126 ωΑλλά
853 1074 910 1125 τί
940 1067 1009 1141 δή
1035 1071 1148 1126 ἐστι
1170 1066 1229 1125 τὸ
1252 1093 1344 1138 ον;
1377 1094 1483 1142 αρα
1504 1071 1662 1126 ταυτὶ
1684 1067 1751 1126 τά
1781 1089 1924 1126 στοι-

313 1168 433 1228 χεια
477 1153 542 1210 τα
583 1156 842 1226 τέτταρα,
886 1149 920 1224 ἡ
951 1156 1020 1226 γῆ
1052 1155 1143 1210 καὶ
1185 1177 1244 1210 το
1276 1156 1389 1227 πύρ
1419 1156 1511 1210 καὶ
1541 1179 1599 1211 αι
1628 1151 1790 1211 ἄλλαι
1823 1152 1923 1211 δύο

266 1264 289 1296 b
311 1236 513 1312 μεταξὺ
543 1236 768 1310 φύσεις;
801 1229 906 1341 ἀρα
930 1239 1035 1295 οὐν
1057 1238 1135 1311 δὴ
1159 1235 1225 1294 τά
1247 1235 1378 1295 ὄντα
1402 1237 1574 1295 ταῦτά
1606 1241 1773 1312 ἐστιν,
1804 1236 1925 1310 ἤτοι

311 1319 695 1396 ξυλλήβδηνῆ
736 1320 865 1380 καθ’
914 1326 976 1380 έν
1019 1325 1085 1395 γέ
1119 1347 1170 1379 τι
1214 1319 1430 1393 afim-5113
1477 1325 1570 1380 καὶ
1609 1345 1755 1395 πως,
1796 1348 1831 1379 α
1861 1326 1929 1394 γε’

313 1411 427 1464 ἐστι
458 1409 550 1464 καὶ
581 1407 819 1479 γεννητά
850 1408 942 1464 καὶ
973 1405 1375 1482 παλινάγρετα,
1420 1416 1477 1463 εἴ
1511 1431 1575 1480 γε
1607 1413 1756 1465 ἔστιν
1784 1405 1922 1481 ὁρᾶν
1945 1430 1986 1462 15

314 1490 454 1549 αὐτά
487 1495 540 1560 ἐξ
572 1490 830 1564 ἀλλήλων
859 1490 1150 1565 γινόμενα,
1194 1494 1285 1549 καὶ
1318 1491 1799 1566 ἐπαλλασσόμενα,
1832 1495 1923 1549 καὶ
1957 1527 1960 1529 Δ

312 1575 445 1649 μήτε
469 1589 711 1650 στοιχεῖα
733 1572 1052 1649 ὑπάρχοντα
1075 1575 1211 1650 μήτε
1234 1575 1539 1649 συλλαβάς;
1571 1581 1620 1634 2.
1646 1580 1802 1650 σῶμα
1825 1578 1925 1650 μὲν

312 1664 470 1718 ταυτὶ
501 1659 674 1726 οὕτως
719 1659 821 1718 οὐκ
861 1657 931 1718 ἂν
972 1671 1056 1734 εἰή
1099 1660 1158 1718 τὸ
1181 1658 1268 1760 ,ὅν
1342 1658 1462 1718 ἀλλ’
1499 1659 1606 1735 ἀρα
1637 1664 1794 1719 ταυτὶ
1823 1685 1925 1734 μεν

312 1769 408 1817 ου,
441 1742 474 1817 ἡ
509 1742 565 1801 δ’
598 1742 705 1817 ὕλη
739 1743 971 1802 δύναται
1003 1745 1146 1802 εἶναι
1176 1743 1266 1801 ὅν
1326 1743 1465 1830 ἀλλα
1495 1748 1587 1803 καὶ
1611 1744 1750 1818 αὐτὴ
1781 1769 1925 1802 παν-

312 1827 402 1894 τὸς
433 1833 642 1902 μᾶλλον
665 1826 967 1900 ἀδύνατον,
997 1827 1276 1904 ἀρρωστία
1299 1833 1400 1887 τοῦ
1420 1832 1622 1902 μένειν.
1683 1828 1922 1902 ποταμὸς
1946 1852 1987 1884 20

314 1913 417 2022 γὰρ
449 1912 482 1985 ἡ
514 1912 618 1985 ν’λη
650 1911 864 2015 ροεόδης
895 1915 986 1970 καὶ
997 1911 1372 2022 656990715039„
1390 1913 1568 1986 βάθος
1599 1916 1689 1971 καὶ
1721 1914 1922 1980 πλάτος

314 2001 407 2054 καὶ
436 2001 607 2071 μῆκος
639 1994 891 2072 ἀόριστος
924 2000 1014 2054 καὶ
1045 1995 1332 2069 ἀνήνυτος.

266 2112 282 2134 c
442 2087 489 2139 '3.
526 2084 635 2138 Καὶ
666 2080 801 2155 μετά
831 2085 1038 2182 βραχέα
1071 2085 1308 2155 ἐπιλέγει

433 2162 634 2224 Μῼστε
664 2170 843 2234 καλῶς
865 2163 893 2223 ὁ
918 2166 1076 2239 λόγος
1101 2175 1312 2240 εἰρηκε,
1344 2167 1452 2240 φάς
1470 2212 1485 2239 ,
1519 2172 1570 2223 εἰ
1593 2173 1742 2224 ἔστιν
1771 2164 1921 2223 άπει-

315 2275 408 2323 ρος
454 2247 487 2323 ἡ
531 2249 666 2324 ὕλη,
713 2249 972 2323 ἀόριστον
1018 2252 1160 2309 εἶναι
1191 2248 1394 2323 αυτήν
1452 2257 1503 2308 εἰ
1548 2252 1607 2308 δε
1650 2249 1986 2326 ἀόριστος,25

315 2333 537 2407 άλογος·
602 2341 651 2391 εἰ
692 2336 751 2392 δε
792 2334 1018 2407 ἄλογος,
1064 2334 1358 2408 ἄγνωστος.
1432 2332 1719 2407 ἄγνωστον
1759 2338 1825 2392 δέ
1861 2358 1923 2407 γε

315 2420 491 2475 οὖσαν
522 2418 696 2492 αὐτὴν
726 2416 1031 2492 ἀναγκαιον
1056 2421 1198 2477 εἶναι
1221 2418 1479 2478 άτακτον
1528 2418 1600 2486 ὥς
1621 2421 1923 2493 τεταγμένα

315 2506 642 2574 γνωσθῆναι
672 2503 823 2561 πάνυ
857 2501 1191 2576 δήπουθεν
1171 2503 1240 2561 οἷν
1265 2513 1348 2577 εἰή
1374 2503 1566 2580 ῥᾴδια
1613 2502 1673 2562 τὸ
1707 2501 1812 2561 δε’
1790 2502 1924 2560 άτα-

315 2611 445 2643 κτον
476 2584 577 2660 οὐχ
608 2591 862 2659 ἕστηκεν·
903 2587 933 2645 ὅ
962 2613 1014 2645 τι
1046 2591 1106 2646 δὲ
1135 2589 1209 2662 μὴ
1241 2593 1468 2661 ἕστηκεν
1497 2587 1599 2646 οὐκ
1622 2585 1692 2644 ἂν
1722 2596 1809 2660 εἴη
1839 2585 1920 2645 ὅν.

315 2675 362 2727 4.
396 2674 557 2728 τοῦτο
597 2672 659 2728 δὲ
697 2663 768 2743 ἦν
796 2669 931 2744 ὅπερ
962 2672 1095 2746 ἡμῖν
1125 2672 1314 2739 αὐτοῖς
1355 2670 1830 2746 ὡμολογησάμεθα
1863 2675 1923 2728 ἐν
1946 2693 2003 2726 3ο

315 2770 427 2821 τοῖς
460 2763 805 2829 ἔμπροσθεν,
845 2760 1002 2814 ταυτὶ
1044 2756 1224 2815 πάντα
1264 2760 1672 2831 συνενεχθῆναι
1701 2759 1778 2832 τῷ
1805 2754 1922 2814 ὄντι

314 2836 615 2913 ἀθέμιστον
657 2839 816 2899 εἶναι.
889 2841 1096 2910 δοξάτω
1126 2840 1359 2916 μάλιστα
1398 2842 1500 2915 μὲν
1540 2846 1734 2914 πᾶσιν,
1779 2846 1829 2898 εἰ
1860 2841 1920 2896 δὲ
