2014 3146
607 132 820 173 PRAEP.
851 131 1072 173 EVANG.
1105 132 1232 173 xm.
1264 135 1303 173 3.
1671 131 1769 182 167

159 247 267 322 μὴν
307 245 479 305 οὐδέν
517 271 582 320 γε
620 249 732 304 τῶν
773 243 1008 318 ἀγαθῶν
1058 245 1349 321 βλαβερόν.
1431 238 1470 320 ἦ
1507 246 1641 321 γάρ;
1688 246 1772 305 Οὕ

161 357 250 406 μοι
283 337 447 390 δοκεῖ.
500 325 619 406 Ἆρ’
658 323 761 389 οὖν
790 324 849 388 τὸ
880 331 954 404 μὴ
975 330 1254 407 βλαβερὸν
1283 330 1544 403 βλάπτει;
1581 331 1772 390 Οὐδα-

161 421 287 490 μῶς.
339 412 404 474 Ὃ
437 417 497 473 δὲ
527 416 600 490 μὴ
629 414 892 489 βλάπτει,
924 415 1096 473 κακόν
1126 441 1176 473 τι
1199 429 1348 474 ποιεῖ’
1358 444 1372 487 3
1409 414 1559 474 Οὐδὲ
1589 420 1765 474 τοῦτο.

148 497 213 559 uO
245 503 310 558 δέ
334 525 397 573 γε
426 502 600 574 μηδὲν
630 498 803 558 κακὸν
832 513 1008 572 ποιεῖ,
1041 498 1165 558 οὐδ’
1202 499 1272 558 ἅν
1302 525 1448 567 τινος
1480 510 1565 574 εἴη
1597 504 1772 559 κακοῦ

116 607 139 639 5
163 595 354 643 αἴτιον.
416 591 548 652 Πῶς
578 584 714 659 γάρς
754 591 825 644 Τί
846 587 933 655 δέ;
966 582 1245 659 ῶφέλιμον
1274 584 1335 642 τὸ
1358 584 1604 658 ἀγαθόν;
1637 593 1768 644 Ναί.

162 679 356 728 Αἴτιον
379 668 486 743 ἄρα
512 667 844 744 εὖπραγίας;
877 676 1008 727 Ναί.
1067 674 1148 727 11.
1182 668 1302 727 Οὐκ
1326 667 1430 743 ἄρα
1455 669 1681 728 πάντων
1706 694 1769 743 γε
1788 693 1877 734 (643)

158 765 336 812 αἴτιον
347 753 406 812 τὸ
421 751 655 826 ἀγαθὸν,
680 753 819 811 ἀλλά
842 758 954 811 τῶν
969 754 1071 826 μὲν
1096 747 1158 811 εὖ
1187 753 1426 827 ἐχόντων
1439 764 1634 826 αἴτιον,
1658 758 1771 812 τῶν

162 841 222 896 δὲ
245 843 433 897 κακῶν
454 836 719 896 ἀναίτιον.
763 841 1062 905 Παντελῶς
1087 862 1168 911 γε,
1203 845 1324 912 ἔφη.
1371 837 1511 895 Οὐδ’
1542 837 1669 913 ἄρα,
1702 832 1772 911 ἦν

162 921 217 980 δ’
245 924 370 996 ἐγώ,
402 920 430 980 ὁ
453 921 608 994 θεὸς,
635 922 827 995 ἐπειδὴ
850 919 1082 995 ἀγαθὸς,
1115 921 1340 980 πάντων
1370 918 1440 980 ἂν
1471 933 1555 996 εἴη
1581 933 1770 996 αἴτιος,

94 1031 136 1063 10
160 1007 233 1075 ῶς
249 1012 307 1066 oc
324 1010 515 1066 πολλοὶ
540 1010 818 1080 λέγουσιν,
840 1006 960 1065 ἀλλ’
989 1006 1196 1081 ὀλίγων
1212 1009 1314 1082 μὲν
1326 1021 1439 1074 τοῖς
1451 1005 1773 1082 ἀνθρώποις

158 1101 350 1165 αἴτιος,
377 1095 600 1150 πολλῶν
616 1093 674 1150 δὲ
697 1089 969 1159 ἀναίτιος·
995 1090 1138 1150 πολὺ
1161 1093 1266 1166 γὰρ
1292 1091 1494 1151 ἐλάττω
1507 1092 1573 1151 τὰ
1584 1090 1773 1166 ἀγαθὰ

157 1181 270 1236 τῶν
301 1180 488 1234 κακῶν
516 1176 664 1251 ἡμῖν.
736 1179 829 1234 καὶ
867 1181 979 1234 τῶν
1022 1178 1124 1250 μὲν
1164 1176 1398 1250 ἀγαθῶν
1428 1176 1597 1235 οὐδὲν
1637 1176 1771 1236 ἄλλο

158 1263 451 1335 αἰτιατέον,
482 1265 594 1320 τῶν
626 1262 687 1319 δὲ
717 1265 907 1319 κακῶν
935 1260 1074 1318 ἀλλα
1105 1260 1238 1319 ἄττα
1271 1267 1362 1320 δεῖ
1387 1269 1568 1335 ζητεῖν
1591 1260 1658 1319 τὰ
1689 1271 1771 1320 αἴ-

157 1371 264 1419 τια,
289 1343 409 1404 ἀλλ’
428 1344 496 1405 οὐ
522 1346 619 1404 τὸν
640 1345 793 1404 θεόν.
831 1343 1315 1420 12.Ἀληθέστατα,
1336 1353 1460 1420 ἔφη,
1486 1352 1667 1413 δοκεῖς
1679 1372 1772 1421 μοι

94 1452 135 1485 15
158 1433 357 1505 λέγειν.
423 1428 541 1489 Οὐκ
570 1429 704 1505 ἄρα,
736 1423 808 1503 ἦν
839 1427 894 1487 δ’
929 1430 1064 1504 ἐγω,
1096 1428 1433 1489 ἀποδεκτέον
1463 1429 1590 1489 οὔτε
1613 1428 1770 1505 Ὁμή-

159 1541 261 1590 ρου
283 1514 436 1573 ὀὔτε
473 1513 646 1573 ἄλλον
686 1518 920 1588 ποιητοῦ
957 1514 1164 1589 ταύτην
1193 1515 1296 1588 τὴν
1325 1512 1599 1590 ἁμαρτίαν
1642 1518 1770 1590 περὶ
1795 1535 1816 1567 b

159 1599 287 1668 τοὺς
317 1598 489 1666 θεούς
519 1598 765 1673 ἀνοήτως
807 1598 1247 1673 ἁμαρτάνοντος,
1289 1603 1381 1658 καὶ
1412 1602 1666 1673 λέγοντος
1698 1599 1771 1668 ῶς

302 1709 427 1758 δοιοὶ
452 1709 596 1758 πίθοι
623 1711 938 1758 κατακείαται
963 1708 1015 1758 ἐν
1043 1702 1165 1769 Διὸς
1192 1704 1326 1759 οὔδει

301 1783 469 1845 κηρῶν
494 1779 735 1843 ἔμπλειοι,
761 1773 786 1829 ὁ
813 1778 902 1843 μὲν
928 1779 1146 1843 ἐσθλῶν,
1175 1776 1335 1845 αὐτὰρ
1361 1775 1386 1830 ὃ
1414 1781 1610 1829 δειλῶν·

93 1903 139 1935 20
166 1887 244 1939 13.
279 1883 371 1939 καὶ
405 1874 446 1959 ῶ
476 1882 578 1955 μὲν
609 1878 678 1939 ἂν
707 1885 866 1955 μίξας
897 1880 925 1939 ὁ
958 1881 1096 1948 Ζεὺς
1127 1880 1456 1957 ἀμφοτέρων
1488 1887 1599 1959 δῷ,
1630 1953 1636 1963 Δ

302 1987 470 2040 ἄλλοτε
495 1990 583 2054 μέν
607 2009 661 2056 γε
686 1995 826 2056 κακῶ
849 1985 875 2040 ὅ
903 2010 956 2057 γε
981 1986 1205 2054 κύρεται,
1234 1986 1402 2041 ἄλλοτε
1428 1984 1471 2040 δ’
1503 1989 1682 2060 ἐσθλῷ.

162 2084 207 2170 ῶ
238 2091 290 2150 δ’
328 2090 399 2150 ἂν
428 2092 529 2166 μὴ,
562 2090 685 2150 ἀλλ’
721 2091 932 2166 ἄκρατα
961 2091 1027 2149 τὰ
1058 2096 1244 2166 ἕτερα,

303 2195 388 2251 τὸν
413 2199 466 2250 δὲ
491 2194 622 2265 κακὴ
646 2195 952 2266 βούβρωστις
978 2199 1055 2249 ἐπὶ
1081 2195 1242 2265 χθόνα
1271 2202 1383 2249 δῖαν
1410 2194 1626 2250 ἐλαύνει·
1801 2236 1817 2256 0

168 2306 247 2359 14.
282 2300 404 2359 οὐδ’
434 2303 506 2368 ῶς
537 2309 732 2374 ταμίας
762 2299 790 2358 ὁ
823 2301 961 2368 Ζεὺς
991 2299 1125 2375 ἡμῖν

96 2431 141 2461 ‘25
306 2405 516 2476 ἀγαθῶν
541 2429 590 2459 τε
615 2414 785 2459 κακῶν
809 2429 858 2459 τε
882 2410 1117 2460 τέτυκται.

1477 2523 1502 2544 U
1566 2525 1580 2546 Ε

161 2526 264 2598 τὴν
297 2527 358 2583 δὲ
387 2528 499 2583 τῶν
528 2523 712 2598 ὅρκων
742 2528 833 2582 καὶ
857 2531 1119 2585 σπονδῶν
1142 2525 1434 2601 σύγχυσιν,
1466 2552 1538 2600 ην
1557 2551 1584 2584 ο
1618 2525 1770 2585 Πάν-

166 2616 332 2684 δαρος
363 2613 651 2683 συνέχεεν,
696 2609 793 2667 ἐάν
822 2635 903 2677 τις
934 2615 1015 2686 φῇ
1047 2610 1118 2668 δι’
1152 2609 1391 2684 Ἀθηνᾶς
1421 2637 1479 2669 τε
1510 2614 1602 2668 καὶ
1634 2611 1770 2679 Διὸς

163 2698 482 2767 γεγονέναι,
514 2693 616 2752 οὐκ
641 2694 1071 2768 ἐπαινεσόμεθα·
1118 2693 1253 2753 οὐδὲ
1275 2701 1430 2754 θεῶν
1454 2702 1573 2768 ἔριν
1596 2720 1654 2753 τε
1678 2698 1769 2752 καὶ

165 2786 349 2852 κρίσιν
382 2779 472 2836 διὰ
503 2778 738 2852 Θέμιδός
768 2802 828 2836 τε
858 2781 948 2836 καὶ
973 2779 1134 2847 Διός·
1181 2777 1302 2837 οὐδ’
1335 2773 1425 2854 αὖ,
1460 2779 1531 2847 ῶς
1557 2778 1772 2852 Αἰσχύ-

102 2890 145 2923 3ο
167 2870 258 2929 λος
290 2866 463 2937 λέγει,
499 2866 687 2921 ἐατέον
717 2861 941 2922 ἀκούειν
970 2864 1098 2931 τοὺς
1128 2867 1316 2938 νέους,
1349 2862 1432 2922 ὅτι
