2014 3146
537 119 754 162 PRAEP.
783 118 1005 162 EVANG.
1036 120 1115 160 XI.
1140 121 1208 162 31.
1233 121 1300 163 32.
1676 119 1741 171 67

738 231 768 252 99

127 240 227 295 τοῦ
257 234 469 309 κόσμου
499 234 726 292 τούτου·
843 240 891 291 2.
934 238 1026 292 καὶ
1065 233 1094 291 ὁ
1125 232 1366 293 Πλάτων
1405 232 1574 293 ἄκουε
1605 239 1743 308 γοῦν

98 335 102 339 ’
129 319 277 386 ὅπως
307 319 366 378 τὸ
401 319 576 392 δόγμα
608 325 898 392 συνίστησι
932 322 1112 392 λέγων
1145 322 1206 376 ἐν
1244 325 1458 397 Τιμαίῳ

250 401 401 463 “Kal
441 402 812 476 ξυνεστήσατο
853 400 1096 478 οὐρανὸν
1145 399 1348 477 ὁρατὸν
1394 406 1487 461 καὶ
1537 399 1740 461 ἁπτόν·
1776 439 1793 461 e

129 491 221 546 καὶ
275 487 367 546 διὰ
413 492 588 545 ταῦτα
642 494 702 544 ἔκ
731 512 790 545 τε
831 486 900 561 δὴ
939 487 1152 546 τούτων
1191 489 1284 544 καὶ
1325 492 1438 546 τῶν
1477 487 1744 546 τοιούτων

86 597 106 629 5
130 576 221 630 καὶ
250 573 346 630 τὸν
376 570 620 646 ἀριθμὸν
649 571 926 646 τεττάρων
955 572 1014 628 τὸ
1045 575 1143 629 τοῦ
1168 571 1380 645 κόσμου
1403 575 1562 646 σῶμα
1586 576 1744 646 ἐγεν-

129 657 278 730 νήθη
311 656 389 714 δι’
427 655 726 729 ἀναλογίας
755 652 1131 729 ὁμολογῆσαν,
1175 663 1371 728 φιλίαν
1401 681 1459 714 τε
1491 663 1651 730 ἔσχεν
1683 662 1743 715 ἐκ

127 740 368 813 τούτων,
412 739 485 806 ὡς
526 746 604 807 εἰς
643 740 846 797 ταυτὸν
885 736 1039 816 αὐτῷ
1079 740 1357 808 ξυνελθόν
1396 739 1601 798 ἄλυτον
1630 737 1741 799 ὑπὸ

127 829 239 883 τῶν
268 824 455 882 ἄλλων
485 824 630 896 πλὴν
658 822 768 881 ὑπὸ
798 830 897 882 τοῦ
928 823 1304 898 ξυνδήσαντος
1333 822 1656 897 γενέσθαι.”

255 913 302 966 3.
346 907 480 967 Εἶθ’
518 911 640 981 ἑξῆς
670 927 809 981 φησι

66 1017 106 1049 10
247 991 500 1067 “Χρόνος
533 990 584 1049 δ’
619 984 723 1051 οὖν
751 991 887 1066 μετὰ
918 989 1163 1067 ούρανοῦ
1195 995 1455 1066 γέγονεν,
1498 998 1591 1050 ἵνα
1631 990 1743 1067 ἅμα

127 1080 499 1151 γεννηθέντες
528 1075 640 1150 ἅμα
670 1079 763 1134 καὶ
795 1080 1067 1150 λυθῶσιν,
1099 1075 1170 1134 ἄν
1193 1101 1324 1136 ποτε
1355 1076 1510 1144 λύσις
1533 1102 1614 1144 τις
1640 1077 1743 1135 αὐ-

128 1165 239 1219 τῶν
270 1159 584 1235 γίγνηται.”

254 1251 304 1303 4.
348 1249 462 1304 Καὶ
491 1244 660 1303 πάλιν
692 1244 866 1302 είπών

247 1328 416 1388 “Θεοὶ
447 1333 630 1402 θεῶν,
673 1321 753 1387 οἷν
795 1328 901 1401 ἐγω
947 1329 1309 1402 δημιουργὸς,
1350 1329 1530 1403 πατήρ
1560 1353 1620 1387 τε
1651 1336 1744 1404 ἐρ-

65 1437 105 1470 15
128 1438 263 1487 γων,
295 1439 330 1470 α
363 1411 441 1470 δι’
470 1417 603 1487 ἐμοῦ
633 1412 905 1486 γενόμενα
935 1411 1109 1471 ἄλυτα
1141 1418 1275 1488 ἐμοῦ
1304 1413 1378 1487 μὴ
1409 1411 1737 1481 θέλοντος·”

256 1497 446 1571 ἐπάγει
475 1501 656 1571 λέγων
687 1499 811 1570 ἑξῆς
1766 1523 1788 1554 d

249 1578 368 1640 “Tb
398 1583 501 1656 μεν
530 1584 634 1640 ούν
666 1580 735 1654 δὴ
761 1582 933 1639 δεθεν
955 1585 1068 1638 πᾶν
1098 1582 1284 1654 λυτὸν,
1318 1580 1379 1639 τό
1408 1605 1471 1654 γε
1499 1580 1610 1655 μὴν
1641 1607 1741 1639 κα-

128 1669 235 1734 λως
265 1665 550 1740 ἁρμοσθεν
579 1668 672 1724 καὶ
704 1672 832 1740 ἔχον
863 1659 926 1723 εὖ
958 1664 1114 1723 λύειν
1146 1668 1365 1724 ἐθέλειν
1394 1670 1583 1724 κακοῦ.
1656 1667 1739 1724 διὸ

127 1754 218 1808 καὶ
251 1755 476 1825 ἐπείπερ
506 1754 842 1824 γεγένησθε,
888 1749 1163 1808 ἀθάνατοι
1193 1751 1296 1823 μὲν
1325 1749 1430 1807 οὐκ
1461 1751 1582 1808 ἐστὲ
1612 1749 1735 1808 οὐδ’

66 1858 106 1890 20
128 1833 317 1893 ἅλυτοι
347 1833 408 1893 τὸ
439 1834 684 1909 πάμπαν.
753 1834 876 1892 οὔτι
905 1836 1008 1908 μὲν
1041 1834 1110 1908 δὴ
1141 1834 1467 1908 λυθήσεσθέ
1493 1859 1576 1907 γε,
1608 1833 1741 1893 οὐδὲ

127 1919 391 1988 τεύξεσθε
420 1918 673 1977 θανάτου
702 1927 926 1993 μοίρας,
968 1922 1064 1992 τῆς
1106 1923 1236 1992 ἐμῆς
1275 1917 1594 1992 βουλήσεως
1624 1927 1739 1993 μεί-

129 2011 280 2073 ζονος
322 2011 402 2061 ἔτι
447 2006 658 2077 δεσμοῦ
696 2006 789 2061 καὶ
829 2006 1169 2078 κυριωτέρου
1210 2003 1470 2077 λαχόντες
1511 2007 1741 2061 ἐκείνων

128 2085 210 2155 οἷς
239 2085 330 2146 ότε
362 2091 656 2161 ἐγίγνεσθε
686 2084 1076 2146 συνεὸεϊσθεΫ

255 2177 304 2230 5.
347 2175 458 2231 Καὶ
493 2176 552 2230 ἐν
581 2177 656 2230 τῶ
686 2176 965 2247 Πολιτικῷ
999 2172 1060 2228 δε
1089 2169 1274 2227 τάδε“
1251 2195 1280 2227 ο
1312 2169 1477 2236 αὐτός
1507 2189 1646 2243 φησι

65 2278 106 2311 25
247 2252 368 2314 “Td
398 2257 503 2330 γὰρ
535 2259 648 2314 πᾶν
676 2254 803 2313 τόδε
833 2256 954 2313 τοτὲ
981 2256 1084 2327 μὲν
1115 2251 1279 2321 αὐτὸς
1308 2253 1336 2311 ὃ
1367 2254 1500 2320 θεὸς
1530 2258 1739 2327 ξυμπο-

50 2399 55 2401 Ᾰ
133 2345 295 2412 δηγεῖ
330 2339 702 2414 πορευόμενος
741 2342 834 2396 καὶ
873 2342 1198 2411 ξυγκυκλοϊ,
1249 2339 1367 2395 τοτὲ
1413 2338 1464 2395 δ’
1509 2338 1735 2413 ἀνῆκεν,
1755 2361 1846 2405 [329]

127 2422 262 2481 ὅταν
291 2427 354 2480 αἱ
379 2428 629 2497 περίοδοι
657 2426 756 2481 τοῦ
788 2422 1160 2497 προσήκοντος
1185 2421 1335 2499 αὐτῷ
1356 2427 1557 2498 μέτρον
1588 2423 1738 2496 εἰλή-

129 2525 312 2580 φωσιν
342 2506 449 2581 ἤδη
488 2506 720 2582 χρόνου,
760 2507 820 2564 τὸ
864 2508 926 2564 δὲ
955 2506 1122 2564 πάλιν
1154 2504 1463 2581 αὐτόματον
1496 2514 1574 2574 εἰς
1604 2506 1737 2565 τᾶν-

270 2703 296 2742 8
327 2695 377 2742 ἐν
403 2699 606 2769 Τιμαίῳ]
639 2715 680 2765 p.
704 2703 772 2743 32.

246 2759 298 2798 10
328 2752 509 2809 Χρόνος
540 2753 586 2797 δ’
612 2747 700 2798 οὖν
719 2754 790 2809 -]
824 2755 959 2796 Plato
981 2757 1095 2796 Tim.
1120 2770 1162 2808 p.
1187 2758 1255 2798 38.

245 2815 298 2852 14
331 2811 443 2855 Θεοὶ
466 2812 598 2854 θεῶν
618 2811 688 2866 —]
723 2812 839 2853 Ibid.
862 2825 903 2865 p.
925 2814 993 2853 41.

245 2870 298 2909 -25
334 2863 398 2910 Τὸ
423 2862 512 2921 γὰρ
533 2867 631 2910 πάν
652 2867 722 2921 —-]
759 2868 893 2908 Plato
915 2868 1108 2908 Politici
1130 2882 1171 2920 p.
1195 2869 1425 2920 269-seqq.

1429 2935 1508 2986 5*
