2014 3146
255 115 355 167 142
915 114 1166 158 EUSEBII

252 255 393 306 μενα
434 246 692 301 κινεῖται;
787 233 919 296 Πῶς
958 228 1062 304 γάρ
1107 227 1204 301 οὕς
1299 232 1411 288 Καὶ
1449 230 1515 288 τὰ
1553 233 1656 304 μέν
1695 253 1758 303 γε
1800 234 1861 288 ἐν

252 320 349 392 μιᾷ
371 319 505 391 ἕδρα
528 338 636 372 που
658 318 819 371 τοῦτο
851 311 922 371 ἂν
953 312 1124 392 δρῴη,
1149 313 1215 371 τὰ
1244 314 1306 371 δὲ
1331 317 1390 372 ἐν
1413 322 1643 372 πλείοσι.
1698 320 1746 372 3.
1783 312 1860 372 Τά

251 398 354 471 τὴν
393 403 505 457 τῶν
545 396 796 456 ἑστῶτων
837 402 897 456 ἐν
935 402 1084 476 μέσῳ
1115 397 1467 472 λαμβάνοντα
1501 397 1739 473 δύναμιν
1769 401 1861 456 λε’-

252 507 394 556 γεις,
435 481 714 556 φήσομεν,
761 486 822 540 ἐν
862 485 946 540 ἑνὶ
989 493 1298 557 κινεῖσθαι,
1353 481 1610 556 καθάπερ
1661 481 1695 556 ἡ
1748 489 1861 540 τῶν

141 591 231 631 (624)
251 565 476 625 ἑστάναι
534 568 851 640 λεγομένων
909 564 1134 626 κύκλων
1201 568 1495 642 στρέφεται
1554 566 1857 642 περιφοράς
1904 596 1928 630 5

252 650 423 709 Ναί.”

377 740 426 793 4.
473 737 584 794 Καὶ
618 737 742 807 ἑξῆς
775 737 1013 807 ἐπιλέγει

370 817 535 878 “”Ετι
581 818 649 892 δὴ
690 822 782 877 καὶ
824 823 959 895 τῇδε
1002 829 1274 894 εἴπωμεν,
1307 822 1396 878 καὶ
1429 817 1860 894 ἀποκρινώμεθα

252 903 420 962 πάλιν
449 903 583 978 ἧμιν
614 901 880 962 αὐτοισιν.
961 910 1011 961 εί
1048 912 1209 977 σταίη
1249 927 1365 971 πως
1404 929 1470 962 τα
1511 903 1691 962 πάντα
1721 903 1861 978 ὁμοῦ

252 987 552 1062 γενόμενα,
593 987 850 1062 καθάπερ
892 997 1139 1047 πλεῖστοι
1179 992 1293 1047 τῶν
1321 987 1589 1047 τοιούτων
1619 992 1858 1062 τολμῶσι
1882 1014 1925 1048 ιο

253 1077 454 1146 λέγειν,
494 1078 619 1130 τίνα
663 1071 771 1148 ἄρα
815 1077 874 1130 ἐν
914 1070 1102 1140 αὐτοῖς
1141 1070 1354 1146 ἀνάγκη
1385 1071 1610 1147 πρώτην
1639 1079 1861 1147 κίνησιν

253 1161 519 1231 γενέσθαι
548 1164 661 1215 τῶν
694 1159 1027 1260 είρημένων;

141 1258 230 1303 [366]
379 1246 425 1299 5.
503 1239 619 1315 Τὴν
671 1238 847 1314 αυτὴν
901 1240 1106 1314 ἑαυτὴν
1158 1241 1339 1315 δήπου
1385 1245 1669 1300 κινοῦσαν.
1758 1240 1859 1299 ὑπ’

252 1324 423 1383 άλλου
466 1351 569 1400 γαρ
611 1324 678 1383 οὐ
718 1324 793 1399 μή
834 1348 964 1383 ποτε
1008 1333 1329 1401 ἔμπροσθεν
1358 1329 1656 1401 μεταπέσῃ,
1689 1332 1861 1399 μηδε-

251 1414 378 1483 μιᾶς
409 1407 462 1483 γ’
499 1413 558 1467 ἐν
589 1424 776 1476 αυτοις
807 1408 976 1483 οὔσης
1009 1417 1328 1485 ἔμπροσθεν
1359 1409 1770 1484 μεταπτώσεως.
1882 1433 1925 1466 15

379 1500 425 1553 6.
470 1491 668 1568 Ἀρχὴν
708 1492 815 1566 άρα
854 1494 1131 1567 κινήσεων
1172 1501 1367 1554 πασῶν
1406 1497 1498 1552 καὶ
1543 1493 1768 1568 πρῶτην
1799 1501 1861 1552 ἔν

252 1603 310 1637 τε
343 1581 541 1636 ἑστῶσι
572 1581 878 1653 γενομένην
921 1582 1012 1636 καὶ
1054 1584 1114 1638 ἐν
1160 1582 1504 1653 κινουμένοις
1535 1571 1728 1652 οὖσαν,
1759 1577 1862 1651 τὴν

208 1689 226 1720 b
255 1661 461 1735 ἑαυτὴν
491 1666 778 1736 κινοῦσαν,
811 1662 1063 1738 φήσομεν
1093 1663 1408 1737 ἀναγκαίως
1441 1663 1582 1722 εἶναι
1613 1670 1862 1738 πρεσβυ-

252 1745 422 1819 τάτην
453 1749 544 1804 καὶ
578 1754 876 1820 κρατίστην
906 1751 1227 1822 μεταβολῶν
1258 1751 1483 1820 πασῶν,
1524 1745 1627 1819 τὴν
1669 1748 1731 1804 δὲ
1761 1746 1860 1804 ἆλ-

254 1833 583 1903 λοιουμένην
612 1827 711 1903 ὑφ’
750 1834 958 1904 ἑτέρου,
991 1835 1258 1890 κινοῦσαν
1284 1833 1342 1888 δὲ
1368 1835 1544 1906 ἕτερα,
1572 1833 1854 1904 δευτέραν.
1882 1853 1923 1886 20

372 1913 746 1987 Ἀληθέστατα
775 1917 966 1986 λέγεις.

383 2003 427 2056 7.
469 1997 661 2056 Ὁπότε
705 1998 772 2072 δὴ
814 2006 1007 2057 τοίνυν
1052 2002 1296 2065 ἐνταῦθα
1339 1999 1503 2072 ἐσμὲν
1542 2002 1643 2057 τοῦ
1671 1998 1857 2073 λόγου,

251 2080 380 2139 τόδε
410 2079 855 2158 ἀποκρινώμεθα.

389 2165 459 2224 Τὸ
491 2182 681 2238 ποῖον;

375 2247 501 2308 Ἐοὶν
534 2254 740 2325 ἴδωμέν
769 2274 878 2309 που
909 2250 1116 2325 ταύτην
1148 2253 1453 2358 γενομένην
1487 2253 1545 2308 ἐν
1575 2255 1650 2328 τῷ
1682 2257 1857 2328 γηΐνῳ
1880 2272 1922 2305 25

253 2358 285 2406 η
320 2333 536 2412 ἐνύδρω
567 2331 601 2406 ἢ
632 2341 947 2409 πυροειδει,
980 2339 1364 2413 κεχωρισμένω
1396 2331 1429 2409 ἢ
1459 2337 1551 2392 καὶ
1583 2338 1857 2409 ξυμμιγεῖ,

252 2423 310 2474 τί
334 2440 466 2476 ποτε
496 2417 746 2492 φήσομεν
779 2422 838 2477 ἐν
867 2424 942 2477 τῶ
973 2419 1202 2478 τοιούτω
1234 2419 1413 2487 πάθος
1447 2422 1679 2490 ε’νειναι;

381 2507 426 2558 8.
477 2505 621 2559 Μῶν
652 2502 758 2576 ἀρά
787 2528 860 2608 με
888 2507 1094 2580 ἔρωτας
1144 2510 1194 2562 εἰ
1241 2507 1338 2577 ζῆν
1387 2502 1520 2561 αὐτὸ
1552 2521 1856 2579 προσερου-

254 2607 374 2658 μεν,
406 2583 539 2643 ὅταν
571 2583 704 2644 αὐτὸ
735 2586 868 2644 αὑτὸ
900 2591 1053 2661 κινῇς

383 2676 513 2727 Ναί.
1878 2690 1918 2722 30

371 2864 392 2902 7
425 2859 520 2903 Καὶ
545 2854 649 2916 ἕξῆς
670 2860 743 2915 -]
774 2863 887 2903 Ibid.
922 2877 964 2915 p.
998 2863 1094 2904 895.
