2014 3146
212 136 318 188 284
888 132 1045 174 EUSE
1053 133 1137 174 1311

97 255 408 325 (τ44)θηρῶν
438 253 528 336 καὶ
561 250 922 321 κυβερνητῶν
952 249 1044 304 καὶ
1074 245 1261 305 ἄλλων
1299 250 1548 319 πολλων,
1590 244 1672 314 οἷς
1705 251 1822 306 ἐπι-

211 337 369 410 μελες
401 328 571 391 ταῦτα
604 334 827 390 εἰδέναι.
899 335 949 389 4
983 329 1044 388 τὸ
1087 332 1149 388 δε
1187 333 1344 405 μέχρι
1383 330 1583 389 τούτου
1622 331 1821 404 ἀστρο-

212 425 413 494 νομίαν
452 414 795 491 μανθάνειν,
839 419 998 490 μέχρι
1036 421 1135 473 τοῦ
1167 417 1258 473 καὶ
1289 413 1355 472 τοὶ
1385 413 1459 489 μὴ
1493 419 1553 472 ἐν
1582 419 1650 490 τῇ
1679 416 1820 491 αὐτῇ

212 505 488 578 περιφορᾷ
518 500 684 573 ὄντα,
718 502 811 557 καὶ
841 498 969 566 τούς
999 498 1279 572 πλανήτας
1310 501 1402 557 καὶ
1434 500 1824 574 ἀσταθμήτους

213 587 445 659 ἀστέρας
475 590 718 658 γνῶναι,
751 586 843 641 καὶ
873 582 968 651 τὰς
998 582 1328 651 ἀποστάσεις
1369 583 1555 642 αὐτῶν
1592 583 1699 641 ἀπὸ
1728 588 1823 657 τῆς
1868 610 1890 641 5

213 677 342 745 γῆς,
384 673 476 728 καὶ
520 669 616 736 τὰς
656 668 983 743 περιόδους,
1027 671 1120 726 καὶ
1159 666 1254 736 τὰς
1297 675 1475 736 αἰτίας
1515 667 1701 726 αὐτῶν
1742 676 1825 742 ζη-

213 761 414 814 τοῦντα
439 759 892 827 κατατρίβεσθαι,
921 756 1159 827 ἰσχυρῶς
1182 752 1503 827 ἀπέτρεπεν.
1553 751 1827 826 ὠφέλειαν

214 865 315 914 μεν
345 864 461 914 γαρ
482 837 753 911 οὐδεμίαν
782 834 910 894 οὐδ’
947 840 1007 894 ἐν
1037 835 1250 904 τούτοις
1283 843 1390 910 ἔφη
1432 835 1594 911 ὁρᾶν
1650 843 1828 895 καίτοι

215 923 347 982 οὐδε
377 922 590 980 τούτων
620 947 682 994 γε
719 921 955 993 ἀνήκοος
985 913 1070 994 ἦν.
1127 929 1233 994 ἔφη
1261 923 1321 978 δε
1353 923 1632 979 καὶταῦτα
1665 946 1828 979 ικανα

218 1009 360 1066 εἶναι
413 1013 767 1081 κατατρίβειν
815 1004 1123 1080 ἀνθρωπου
1168 1012 1295 1078 βίον
1339 1009 1431 1062 καὶ
1472 1010 1695 1063 πολλῶν
1734 1009 1827 1063 και
1852 1032 1894 1063 10

218 1090 514 1166 ὠφελίμων
547 1089 910 1148 ἀποκωλύειν.
983 1093 1031 1146 ὅ.
1064 1089 1203 1157 ὅλως
1237 1090 1299 1147 δὲ
1339 1094 1451 1146 τῶν
1481 1088 1763 1163 οὐρανίων
1791 1082 1829 1163 ᾗ

173 1191 191 1219 ⁸³
219 1181 418 1234 ἕκαστα
448 1172 476 1233 ὁ
507 1175 640 1242 θεὸς
662 1178 989 1248 μηχανᾶται,
1021 1172 1358 1247 φροντιστὴν
1380 1181 1676 1247 γίγνεσθαι
1699 1172 1830 1232 ἀπέ-

218 1277 441 1333 τρεπεν·
498 1257 626 1317 οὔτε
669 1259 772 1332 γὰρ
816 1256 1014 1330 εὑρετὰ
1054 1257 1374 1332 ἀνθρώποις
1413 1257 1554 1316 αὐτὰ
1586 1257 1831 1332 ἐνόμιζεν

220 1347 362 1403 εἶναι
406 1341 532 1402 οὔτε
563 1351 886 1417 χαρίζεσθαι
911 1354 1065 1409 θεοῖς
1096 1340 1166 1400 ἂν
1195 1342 1382 1416 ἡγεῖτο
1417 1342 1512 1401 τὸν
1543 1347 1828 1417 ζητοῦντα,

218 1455 251 1486 α
285 1433 487 1487 ἐκεῖνοι
517 1435 824 1502 σαφηνίσαι
861 1425 963 1485 οὐκ
996 1426 1402 1529 ἐβουλήθησαν.
1466 1432 1828 1485 κινδυνεῦσαι
1854 1452 1893 1485 15

221 1511 275 1571 δ’
309 1510 380 1571 ἂν
412 1519 518 1586 ἔφη
549 1515 640 1570 καὶ
673 1518 1102 1586 παραφρονῆσαι
1132 1510 1230 1570 τὸν
1268 1519 1441 1570 ταῦτα
1481 1536 1830 1586 μεριμνωντα

218 1598 384 1655 οὐδεν
413 1589 579 1670 ἦττον
601 1593 634 1670 ἢ
658 1596 1026 1669 Ἀναξαγόρας
1047 1595 1492 1671 παρεφρόνησεν,
1523 1595 1552 1653 ὁ
1572 1599 1830 1670 μέγιστον

218 1681 503 1755 φρονήσας
536 1685 624 1739 ε’πὶ
655 1685 733 1758 τῷ
761 1705 856 1748 τας
886 1686 999 1738 τῶν
1028 1683 1182 1739 θεων
1212 1705 1464 1789 μηχανας
1497 1684 1826 1759 ἐξηγεῖσθαι.

220 1772 266 1824 6.
302 1770 509 1832 ἐκεῖνος
549 1791 656 1839 γαρ
697 1768 875 1838 λέγων
914 1790 1018 1838 μεν
1057 1764 1116 1822 τὸ
1157 1759 1289 1822 αὐτὸ
1323 1766 1466 1822 εἶναι
1506 1771 1619 1837 πῦρ
1649 1788 1708 1822 τε
1737 1768 1828 1822 καὶ

221 1848 377 1922 ἥλιον
418 1848 606 1922 ἠγνόει
645 1848 728 1907 ότι
776 1848 838 1906 τὸ
882 1873 985 1921 μεν
1024 1852 1135 1921 πῦρ
1185 1854 1243 1906 οι
1289 1846 1579 1923 ανθρωποι
1621 1853 1827 1924 ραδίως
1850 1874 1894 1906 20

175 1968 191 1988 e
222 1936 571 2007 καθορῶσιν,
614 1939 691 2000 εἰς
734 1933 796 1989 δὲ
835 1931 933 1990 τὸν
973 1930 1131 2005 ἥλιον
1171 1929 1239 1990 οὐ
1280 1931 1549 1991 δύνανται
1579 1931 1828 2005 ἀντιβλέ-

222 2035 372 2075 πειν·
422 2020 512 2075 καὶ
536 2014 644 2075 ὑπὸ
668 2019 770 2091 μὲν
786 2021 884 2074 τοῦ
907 2015 1069 2090 ἡλίου
1093 2016 1572 2091 καταλαμπόμενοι
1595 2015 1661 2073 τὰ
1691 2016 1828 2091 χρεό-

221 2127 364 2176 ματα
416 2101 722 2176 μελάντερα
775 2108 1026 2174 ἔχουσιν,
1087 2098 1196 2160 ὑπὸ
1251 2102 1311 2159 δὲ
1361 2106 1460 2159 τοῦ
1515 2101 1690 2171 πυρὸς
1742 2099 1825 2159 οὔ.

222 2186 411 2259 ἠγνόει
443 2188 504 2244 δὲ
534 2189 624 2243 καὶ
655 2183 739 2243 ὅτι
767 2190 881 2243 τῶν
913 2190 972 2243 ἐκ
1001 2189 1095 2259 τῆς
1113 2190 1212 2258 γῆς
1236 2188 1536 2259 φυομένων
1561 2183 1699 2243 ἄνευ
1728 2186 1830 2259 μὲν

223 2270 384 2342 ἡλίου
416 2270 592 2343 αὐγῆς
622 2268 792 2327 οὐδὲν
826 2268 1061 2327 δυ’ναται
1091 2273 1272 2337 καλῶς
1303 2268 1591 2342 αὔξεσθαι,
1623 2266 1733 2327 ὑπὸ
1767 2271 1828 2327 δὲ
1851 2293 1897 2324 25

222 2359 319 2412 τοῦ
351 2354 526 2425 πυρὸς
555 2353 967 2428 θερμαινόμενα
998 2353 1176 2411 πάντα
1217 2352 1550 2411 ἀπόλλυται·
1597 2353 1830 2427 φάσκων

225 2439 287 2495 δὲ
316 2438 412 2495 τὸν
441 2436 599 2510 ἥλιον
622 2446 788 2497 λίθον
822 2436 1096 2511 διάπυρον
1132 2439 1274 2495 εἶναι
1313 2441 1404 2495 καὶ
1436 2442 1599 2496 τοῦτο
1639 2436 1829 2511 ἠγνόει

222 2520 306 2579 ὅτι
336 2528 496 2587 λίθος
534 2523 637 2595 μὲν
678 2526 737 2579 ἐν
781 2525 918 2594 πυρὶ
964 2518 1044 2580 ὢν
1083 2521 1211 2580 οὔτε
1252 2521 1452 2596 λάμπει
1494 2520 1622 2580 οὔτε
1651 2520 1831 2580 πολὺν

224 2604 426 2679 χρόνον
456 2604 698 2678 ἀντέχει,
738 2603 767 2663 ὃ
813 2608 873 2663 δὲ
912 2605 1062 2678 ἥλιος
1103 2605 1282 2663 πάντα
1325 2604 1423 2664 τὸν
1462 2605 1662 2680 χρόνον
1692 2603 1826 2662 ποίν-

223 2714 335 2746 των
387 2689 763 2762 λαμπρότατος
815 2688 894 2747 ὢν
945 2693 1205 2763 διαμένει.
1278 2695 1321 2748 7,
1368 2692 1583 2747 ἐκέλευε
1637 2690 1697 2745 δὲ
1736 2691 1826 2745 καὶ
1850 2711 1899 2743 30»

179 2797 198 2827 d
226 2773 520 2847 λογισμοὺς
550 2773 891 2846 μανθάνειν,
924 2777 1015 2830 καὶ
1044 2773 1257 2831 τούτων
1282 2775 1341 2831 δὲ
1363 2771 1562 2846 ὁμοίως
1593 2786 1704 2839 τοῖς
1735 2771 1825 2829 ἅλ-

227 2866 340 2925 λοις
373 2859 589 2914 ἐκέλευε
619 2856 999 2929 φυλάττεσθαι
1029 2858 1130 2930 τὴν
1160 2857 1391 2930 μάταιον
1421 2863 1824 2931 πραγματείαν·
