2014 3146
607 119 818 160 PRAEP.
850 118 1070 161 EVANG.
1111 119 1238 160 XIV.
1273 121 1339 162 17.
1668 117 1777 169 299

165 243 382 308 ἔλεγον,
428 231 664 309 ὕστερον
704 233 756 292 6’
793 240 851 292 οἱ
876 237 1002 304 περὶ
1035 241 1338 292 Στίλπωνα
1370 237 1462 292 καὶ
1492 233 1621 302 τούς
1653 244 1826 293 Mas-e

164 317 439 426 γαρικούς.
515 317 654 377 όθεν
683 318 878 392 ἠξίουν
907 321 1066 377 οὑτοί
1090 344 1152 393 γε
1181 319 1241 376 τὸ
1274 315 1340 376 ὂν
1372 325 1433 377 ἓν
1463 319 1635 391 εἶναι,
1685 323 1776 377 καὶ

164 404 224 462 τὸ
265 408 454 476 ἕτερον
494 404 567 477 μὴ
609 403 779 477 εἶναι,
822 405 961 479 μηδε
1001 408 1317 476 γεννᾶσθαί
1350 430 1400 461 τι
1439 405 1578 477 μηδε
1608 412 1779 476 φθεί-

165 499 367 562 ρεσθαι
396 489 534 562 μηδε
565 498 846 546 κινεῖσθαι
876 486 936 546 τὸ
966 487 1244 562 παράπαν.
1334 493 1383 545 2.
1431 487 1528 546 τὸν
1550 513 1653 562 μεν
1675 481 1777 548 οὖν

121 595 142 628 5
164 579 334 631 πλείω
375 571 511 645 πρὸς
549 572 779 640 τούτους
822 572 987 645 λόγον
1019 572 1283 647 εἰσόμεθα
1313 577 1775 646 φιλοσοφοῦντες

163 661 294 716 νυνὶ
323 660 511 730 μέντοι
539 662 802 715 τοσοῦτον
841 660 1077 715 λεκτέον.
1158 667 1407 731 εἴποιμεν
1445 656 1550 732 γὰρ
1593 656 1664 716 ἂν
1704 683 1776 726 ως

162 742 191 799 6
221 766 325 816 μεν
354 740 514 814 λόγος
544 739 702 814 ἡμῶν
733 751 816 814 εἴη
847 739 905 798 vd
937 741 1254 799 θειότατον
1296 739 1363 798 οὐ
1395 742 1504 815 μὴν
1527 740 1665 799 άλλα
1691 748 1780 800 δεῖ

163 849 228 899 γε
257 828 348 884 καὶ
393 830 489 899 τῆς
531 824 874 898 αἰσθήσεως,
919 822 1104 898 ὥσπερ
1149 850 1212 898 γε
1255 824 1323 898 δὴ
1363 829 1456 882 καὶ
1508 825 1773 900 σώματος.

162 908 244 968 ὅτι
279 912 339 968 δε
370 913 462 967 καὶ
492 906 525 982 ἡ
559 920 819 982 αἰσθησις
849 907 1152 982 ἀληθεύειν
1192 913 1408 983 πέφυκε
1450 910 1776 982 δῆλον·οὖ

99 1019 140 1050 10
162 995 266 1068 γὰρ
307 992 428 1052 οἷόν
466 1019 524 1052 τε
565 993 663 1053 τὸν
702 993 1115 1068 αἰσθανόμενον
1154 994 1227 1068 μὴ
1270 991 1395 1069 ουχὶ
1434 994 1667 1069 πάσχειν
1696 1012 1773 1053 τι

162 1079 390 1154 πάσχων
431 1081 491 1136 δε
530 1079 589 1136 τὸ
620 1078 801 1145 πάθος
838 1104 908 1136 αν
939 1084 1136 1153 εἰδείη
1183 1083 1387 1152 γνῶσις
1417 1081 1520 1137 οὐν
1548 1086 1630 1147 τίς
1663 1083 1775 1137 ἐστι
1803 1099 1826 1132 d

163 1167 256 1222 καὶ
295 1163 330 1237 ἡ
371 1172 647 1237 αἰ’.σθησις
738 1169 786 1220 3.
843 1162 983 1220 ἄλλα
1023 1162 1133 1237 μὴν
1186 1170 1236 1222 εἰ
1284 1163 1345 1221 τὸ
1399 1163 1777 1223 αἰσθάνεσθαι

162 1248 397 1323 πάσχειν
426 1255 484 1306 τί
511 1253 679 1320 ἐστιν,
711 1245 861 1307 ἅπαν
894 1250 954 1306 δὲ
982 1248 1043 1306 τὸ
1067 1247 1280 1322 πάσχον
1303 1244 1414 1306 ὑπό
1436 1273 1535 1307 του
1558 1248 1775 1322 πάσχει,

162 1333 380 1401 πάντως
413 1337 602 1407 ἕτερον
633 1331 703 1390 ἂν
736 1342 822 1406 εἴη
846 1331 906 1390 τὸ
930 1336 1129 1391 ποιοῦν
1153 1335 1244 1390 καὶ
1267 1333 1327 1390 τὸ
1351 1332 1579 1407 πάσχον.
1635 1331 1777 1392 ὥστε

100 1436 142 1469 15
166 1422 386 1492 πρῶτον
425 1419 529 1491 μὲν
569 1428 653 1490 εἰή
693 1414 763 1475 ἂν
803 1416 864 1474 τὸ
905 1416 1204 1491 λεγόμενον
1257 1420 1469 1490 ἕτερον·
1541 1415 1660 1476 οἷον
1716 1417 1776 1476 τὸ

162 1507 351 1577 χρῶμα
391 1505 484 1560 καὶ
523 1499 552 1559 6
597 1501 799 1576 ψόφος·
850 1507 1040 1559 ἔπειτα
1083 1503 1144 1559 δὲ
1185 1508 1247 1561 ἓν
1274 1500 1336 1559 vd
1366 1498 1433 1559 ὃν
1463 1499 1564 1560 οὐκ
1596 1508 1774 1560 ἔσται·

163 1589 255 1644 καὶ
286 1588 396 1660 μὴν
425 1584 557 1644 οὐδὲ
587 1585 876 1659 ἀκίνητον·
925 1585 958 1659 ἡ
989 1587 1094 1661 γὰρ
1119 1593 1380 1660 αἴσθησίς
1408 1590 1522 1644 ἐστι
1543 1594 1774 1660 κίνησις.

161 1676 210 1729 4.
258 1671 431 1746 ταύτῃ
478 1672 538 1729 δὲ
579 1669 838 1743 βούλεται
881 1674 987 1738 πᾶς
1017 1695 1098 1739 τις
1129 1672 1267 1729 κατὰ
1298 1670 1473 1744 φύσιν
1505 1678 1652 1745 ἔχειν
1680 1672 1776 1738 τὰς

164 1755 484 1829 αἰσθήσεις,
524 1754 619 1813 ἅτε
660 1756 728 1828 δὴ
770 1754 1079 1829 πιστεύων,
1122 1756 1303 1830 οἶμαι,
1334 1770 1454 1823 ταῖς
1483 1755 1778 1829 ὑγιαινού-

100 1859 140 1891 20
163 1859 284 1908 σαις
314 1845 524 1914 μᾶλλον
554 1836 587 1914 ἢ
617 1855 737 1908 ταῖς
767 1839 1080 1907 νοσούσαις.
1144 1840 1367 1908 εἰκότως
1398 1839 1506 1913 ἄρα
1536 1844 1628 1898 καὶ
1662 1846 1778 1898 δει-

162 1924 256 1991 νός
295 1949 375 1992 τις
415 1932 553 1999 ἔρως
595 1923 779 1982 αὐτῶν
818 1921 952 1999 ἡμῖν
993 1928 1298 1998 ἐντέτηκεν.
1374 1923 1560 1992 οὐδείς
1602 1927 1670 1998 γε’
1693 1950 1776 1983 τοι

162 2009 236 2083 μὴ
266 2010 519 2084 μεμηνώς
560 2009 723 2067 ἕλοιτ’
770 2008 841 2068 ἄν
880 2032 1014 2067 ποτε
1053 2017 1187 2083 μίαν
1230 2020 1497 2083 αἴσθησιν
1528 2007 1778 2081 ἀποβάλ-

164 2101 310 2165 λειν,
362 2092 511 2160 ὅπως
564 2087 714 2170 αὐτῷ
766 2093 947 2151 πάντα
997 2093 1064 2151 τά
1115 2093 1254 2151 ἄλλα
1305 2091 1494 2167 ἀγαθοὶ
1546 2097 1773 2166 γένοιτο.

162 2182 210 2234 5.
258 2175 387 2244 τούς
437 2177 506 2249 δὴ
560 2176 961 2250 διαβάλλοντας
1013 2175 1185 2245 αὐτὰς
1239 2181 1432 2252 ἐχρῆν,
1484 2181 1884 2251 πεπεισμέ-ιῖ5τ)

99 2279 141 2313 25
163 2286 295 2329 νους
334 2286 398 2334 γε
441 2260 578 2319 διότι
627 2259 806 2335 μάτην
856 2269 1034 2335 ἔχοιεν
1082 2259 1278 2335 αὐτὰς,
1330 2260 1583 2328 εἰπόντας
1633 2261 1774 2332 ἅπερ

163 2344 192 2404 6
222 2346 522 2420 Πάνδαρος
562 2348 707 2419 λέγει
748 2345 897 2418 παρὰ
927 2350 1002 2423 τῷ
1020 2344 1241 2424 Ὁμήρῳ
1273 2349 1399 2419 περὶ
1429 2353 1543 2404 τῶν
1575 2349 1776 2404 ἑαυτοῦ

162 2430 354 2503 τόξων,

267 2516 427 2574 αυτίκ
459 2518 611 2575 ἔπειτ’
641 2518 726 2573 απ’
758 2523 887 2588 ἐμεῖο
913 2520 1045 2589 κάρη
1072 2521 1218 2590 τάμοι
1244 2520 1500 2592 ἀλλότριος
1526 2545 1648 2589 φως,

270 2596 313 2645 εἰ
336 2590 403 2660 μὴ
431 2588 523 2660 ἐγω
550 2591 666 2644 ταδε
693 2592 808 2656 τόξα
834 2599 1023 2676 φαεινῷ
1051 2594 1102 2645 ἐν
1127 2615 1249 2661 πυρι
1273 2597 1435 2678 θείην,

270 2664 403 2731 χερσὶ
429 2660 740 2725 διακλάσσας,
769 2659 1018 2731 ἀνεμώλια
1042 2685 1137 2732 γαρ
1163 2685 1246 2730 μοι
1272 2659 1460 2730 ὀπηδεῖ,

100 2790 142 2823 30
164 2767 224 2825 τὸ
263 2791 398 2841 μετα
435 2772 594 2826 τοῦτο
637 2767 1087 2841 διαλυμήνασθαι
1127 2767 1305 2835 πάσας
1343 2793 1439 2835 τας
1484 2767 1774 2841 αἰσθήσεις
1799 2789 1819 2820 b

168 2854 404 2909 ἑαυτῶν·
452 2852 595 2910 οὕτω
625 2852 731 2926 γὰρ
762 2849 833 2910 ἄν
862 2877 941 2919 τις
974 2856 1262 2910 ἐπίστευεν
1293 2851 1480 2919 αὐτοῖς
1510 2859 1654 2929 ἔργῳ
1689 2857 1774 2908 δι-
