2014 3146
265 121 367 174 134
927 123 1177 165 EUSEBII

215 261 238 293 d
387 243 435 295 4.
474 236 559 295 Οὐ
589 244 782 295 τοίνυν
812 234 1032 304 ἀνίατος
1056 233 1126 295 ἂν
1151 248 1235 312 εἴη
1266 239 1400 314 πρὸς
1422 237 1618 315 ἀρετῆς
1657 242 1865 312 κτῆσιν.

261 329 312 381 εἰ
340 324 441 396 μὲν
471 320 575 395 γὰρ
608 325 970 379 ἐπιθαλαττία
999 346 1058 379 τε
1090 329 1317 396 ἔμελλεν
1349 323 1494 380 εἶναι
1524 326 1616 381 καὶ
1648 322 1869 398 εὐλίμε-

259 431 354 472 νος
378 409 470 464 καὶ
499 405 573 479 μὴ
604 404 911 480 πάμφορος,
942 405 1060 464 ἀλλ’
1101 405 1322 481 ἐπιδεὴς
1351 413 1593 481 πολλῶν,
1624 407 1868 482 μεγάλου

259 489 406 557 τινὸς
449 495 562 548 ἔδει
602 489 845 566 σωτῆρός
884 514 949 563 γε
1000 489 1142 567 αὐτῇ
1187 495 1279 549 καὶ
1328 495 1649 565 νομοθετῶν
1687 499 1867 551 θείων

258 579 459 647 τινῶν,
504 581 554 632 εἰ
581 575 655 648 μὴ
697 574 873 633 πολλά
901 599 962 633 τε
994 582 1221 649 ἔμελλεν
1253 575 1367 650 ἤθη
1401 579 1492 634 καὶ
1523 583 1745 634 ποικίλα
1776 579 1868 635 καὶ
1891 603 1911 636 5

257 663 446 733 φαῦλα
477 662 619 727 ἕξειν
657 659 880 732 τοιαύτη
920 659 1088 733 φύσει
1127 664 1424 734 γενομένη·
1465 664 1573 719 νῦν
1606 661 1666 718 δὲ
1696 683 1870 736 παρα-

257 742 469 817 μύθιον
492 751 602 817 ἔχει
625 744 683 802 τὸ
707 749 819 802 τῶν
841 744 1182 818 ὀγδοήκοντα
1206 751 1463 804 σταδίων.
1506 749 1552 802 5.
1574 743 1871 820 ἐγγύτερον

257 830 445 902 μέντοι
475 831 574 886 τοῦ
606 831 825 896 δέοντος
856 842 1031 887 κεῖται
1061 832 1155 903 τῆς
1178 828 1475 903 θαλάττης,
1507 829 1708 903 σχεδὸν
1737 827 1871 888 ὅσον

260 910 703 987 εὐλιμενωτέραν
743 912 852 988 φῂς
884 911 1059 987 αὐτὴν
1091 913 1249 972 εἶναι.
1317 911 1462 988 ὅμως
1496 915 1558 971 δὲ
1587 911 1871 987 ἀγαπητὸν

258 999 350 1054 καὶ
381 1001 556 1055 τοῦτο.
618 996 909 1073 πρόσοικος
940 998 1045 1072 γὰρ
1074 997 1324 1056 θάλαττα
1347 997 1497 1075 χώρᾳ
1520 998 1580 1056 τὸ
1602 999 1704 1072 μὲν
1734 996 1868 1073 παρ’
1896 1025 1934 1057 ιο

261 1080 498 1155 ἑκάστην
537 1081 749 1157 ἡμέραν
786 1081 923 1157 ἡδὺ,
973 1081 1119 1156 μάλα
1159 1107 1222 1156 γε
1261 1082 1372 1157 μὴν
1410 1081 1583 1150 ὄντως
1623 1079 1873 1158 ἁλμυρὸν

147 1188 233 1230 (618)
259 1169 351 1224 καὶ
383 1164 583 1240 πικρὸν
605 1165 926 1240 γειτόνημα·
976 1170 1238 1242 ἐμπορίας
1255 1165 1359 1242 γὰρ
1378 1170 1470 1225 καὶ
1492 1171 1872 1249 χρηματισμοῦ

262 1251 353 1308 διὰ
383 1257 684 1325 καπηλείας
709 1255 1023 1325 ἐμπιπλᾶσα
1048 1252 1272 1325 ἑαυτὴν,
1303 1250 1418 1326 ἤθη
1442 1259 1756 1325 παλίμβολα
1780 1255 1872 1310 καὶ

257 1333 459 1393 ἄπιστα
488 1349 606 1402 ταῖς
637 1350 839 1410 ψυχαῖς
872 1340 1220 1409 ἐντίκτουσα,
1253 1333 1431 1410 αὐτήν
1454 1361 1512 1394 τε
1536 1335 1670 1410 πρὸς
1695 1335 1875 1409 αὑτήν

258 1420 360 1493 τὴν
391 1419 553 1479 πόλιν
595 1418 829 1479 ἄπιστον
869 1424 961 1479 καὶ
1003 1419 1207 1494 ἄφιλον
1237 1436 1412 1493 ποιεῖ,
1453 1423 1544 1479 καὶ
1575 1419 1711 1496 πρὸς
1740 1420 1869 1487 τοὺς
1894 1443 1934 1477 15

258 1505 459 1572 ἄλλους
477 1503 814 1580 ἀνθρώπους
843 1501 1120 1573 ἶσαύτως.
1165 1503 1525 1580 παραμύθιον
1550 1506 1611 1562 δὲ
1635 1503 1704 1578 δὴ
1736 1503 1871 1580 πρὸς

258 1593 430 1647 ταῦτα
469 1592 561 1647 καὶ
601 1589 660 1647 τὸ
699 1588 989 1665 πάμφορος
1030 1591 1173 1647 εἶναι
1219 1592 1501 1664 κέκτηται,
1543 1603 1767 1664 τραχεῖα
1811 1590 1872 1647 δὲ

259 1665 398 1731 οὖσα
431 1677 602 1746 δῆλον
633 1672 705 1741 ῶς
736 1671 839 1732 οὐκ
869 1671 939 1732 ἂν
969 1673 1284 1749 πολύφορός
1313 1673 1361 1731 τ’
1400 1685 1485 1748 εἰή
1526 1675 1618 1731 καὶ
1649 1673 1873 1748 πάμφο-

261 1782 354 1832 ρος
400 1757 525 1831 ἅμα.
595 1763 756 1816 τοῦτο
795 1758 900 1832 γὰρ
943 1765 1172 1832 ἔχουσα,
1218 1757 1430 1830 πολλὴν
1483 1756 1764 1830 ἐξαγωγὴν
1803 1754 1872 1816 ἂν

260 1845 634 1916 παρεχομένη,
674 1849 1004 1915 νομίσματος
1045 1841 1297 1917 ἄργυρον
1339 1843 1432 1899 καὶ
1463 1845 1673 1917 χρυσοῦ
1703 1840 1872 1899 πάλιν
1893 1867 1935 1900 20

261 1923 662 1998 ἆντεπίμπλατ’
697 1923 793 1983 άν
850 1950 916 1983 ου
947 1934 1133 1999 μεῖζον
1162 1924 1360 1998 κακὸν,
1406 1924 1479 1994 ῶς
1511 1932 1639 1993 ἔπος
1672 1932 1869 1998 εἰπεῖν,

215 2032 302 2067 bat
263 2009 418 2067 πόλει
449 2007 583 2068 ἄνθ’
618 2009 739 2076 ἑνὸς
773 2015 833 2067 ἓν
856 2006 1071 2068 οὐδεν
1048 2008 1118 2069 οὶν
1141 2013 1354 2083 γένοιτο
1378 2016 1455 2078 εἰς
1476 2017 1755 2084 γενναίων
1778 2013 1870 2068 καὶ

264 2100 498 2152 δικαίων
527 2091 688 2167 ἠθῶν
719 2091 964 2167 κτῆσιν.”

385 2175 547 2237 Ἀλλά
579 2177 682 2254 γὰρ
713 2178 993 2238 τοσούτων
1023 2178 1158 2253 ἡμῖν
1179 2181 1271 2236 καὶ
1289 2180 1446 2254 μέχρι
1469 2182 1636 2236 τοῦδε
1665 2176 1866 2236 ἀποδε-

265 2264 572 2335 δειγμένων
621 2264 956 2337 σκεψώμεθα
986 2262 1135 2330 ὅπως
1174 2263 1270 2322 τὸν
1312 2266 1406 2336 τῆς
1437 2259 1570 2337 παρ’
1597 2258 1871 2335 Ἑβραίοις
1894 2287 1934 2319 25

265 2352 518 2414 παιδείας
548 2346 753 2421 τρόπον
787 2347 860 2404 δι’
899 2339 978 2406 ῶν
1012 2346 1309 2422 εἰρήκαμεν
1338 2345 1745 2420 ἀποδεξάμενος
1775 2346 1872 2404 τὸν

258 2426 579 2503 Ελληνικὸν
613 2445 992 2531 παραιτεῖται,
1034 2430 1268 2506 γράφων
1313 2436 1372 2490 ἐν
1410 2435 1488 2489 τῶ
1526 2430 1738 2490 δεκάτω
1776 2435 1871 2504 τῆς

215 2552 233 2574 c
266 2519 558 2581 Πολιτείας
589 2506 699 2571 ῶδε

433 2610 595 2659 XLIX.
623 2594 753 2665 “52¹9
781 2623 883 2671 μεν
906 2599 1041 2673 πρὸς
1063 2598 1204 2674 ὑμᾶς
1229 2598 1495 2674 εἰρήσθω,
1521 2596 1612 2672 (οὐ
1635 2599 1739 2673 γάρ
1762 2622 1871 2671 μου

264 2697 542 2757 κατερεῖτε
573 2681 708 2757 πρὸς
737 2681 863 2749 τούς
894 2687 988 2755 τῆς
1018 2689 1328 2761 τραγῳδίας
1358 2681 1583 2756 ποιητὰς
1622 2684 1714 2739 καὶ
1743 2680 1870 2749 τοὺς
1894 2701 1934 2734 30

265 2764 466 2834 ἄλλους
497 2765 705 2834 πάντας
744 2765 872 2833 τούς
913 2765 1235 2841 μιμητικοὺς
1249 2767 1289 2840 ,)
1331 2765 1482 2840 λῶβη
1515 2772 1696 2824 ἔοικεν
1727 2766 1869 2824 εἶναι

379 2892 432 2931 27
465 2883 515 2931 ἐν
536 2890 597 2942 τῷ
621 2883 803 2942 δεκάτῳ
826 2888 911 2942 τῆς
933 2887 1210 2944 Πολιτείας]
1245 2903 1289 2943 p.
1312 2890 1409 2932 595.
