2014 3146
301 125 368 177 852
946 124 1194 166 EUSEBII

380 230 548 298 πιστὸς
573 229 700 299 ἀνὴρ
728 236 911 300 χρυσοῦ
937 253 986 283 τε
1014 234 1097 284 καὶ
1124 229 1346 300 ἀργύρου
1369 229 1736 302 ἆντερύσασθαι

553 302 685 367 α’ξιος
713 304 764 354 ἐν
791 307 1005 373 χαλεπῇ,
1032 299 1226 370 Κύρνε,
1256 306 1550 375 διχοστασίῃ.

302 415 329 436 o

300 437 347 466 ο.
381 413 582 466 τοῦτον
615 410 680 464 δέ
706 431 890 480 φαμεν
923 409 983 463 ἐν
1014 409 1235 484 πολέμῳ
1259 411 1620 486 χαλεπωτέρῳ
1644 407 1909 482 ἀμείνονα

301 498 515 550 ἐκείνου
547 491 807 564 πάμπολυ
838 496 1116 563 γίνεσθαι,
1148 491 1350 564 σχεδὸν
1379 490 1514 549 ὅσον
1543 491 1790 566 ἀμείνων
1824 499 1910 550 δι-

300 575 569 648 καιοσύνη
611 577 702 632 καὶ
752 573 1090 648 σωφροσύνη
1143 577 1235 632 καὶ
1274 574 1542 648 φρόνησις
1585 583 1662 643 είς
1705 576 1953 635 ταύτόν5

302 664 571 718 ἐλθοῦσαι
591 658 724 733 μετὰ
747 656 1006 734 ἀνδρείας
1030 657 1198 732 αὐτῆς
1217 658 1389 732 μόνης
1414 657 1688 734 ἀνδρείας.
1723 661 1911 728 πιστὸς

298 746 401 819 μὲν
431 744 535 819 γὰρ
567 746 658 801 καὶ
688 741 850 815 ὑγιὴς
883 747 943 800 ἐν
983 742 1242 801 στάσεσιν
1283 741 1384 801 οὐκ
1424 742 1495 802 ἄν
1524 767 1656 802 ποτε
1696 747 1909 818 γένοιτο

299 827 437 887 ἄνευ
468 826 752 902 ξυμπασης
791 826 1016 900 ἀρετῆς
1046 826 1359 900 διαβάντες
1400 829 1461 885 δε
1502 821 1565 886 εὖ
1605 831 1698 886 καὶ
1738 828 1911 902 μαχό-

298 937 454 986 μενοι
487 915 773 979 ἐθέλοντες
804 908 1183 984 αποθνήσκειν
1216 915 1275 968 ἐν
1313 915 1390 988 τῷ
1429 916 1675 990 πολέμῳ,
1717 912 1910 1015 φραζει

252 1021 274 1054 d
310 1005 606 1070 Τυρταῖος,
652 1000 764 1053 τῶν
785 994 1169 1069 μισθοφόρων
1209 998 1314 1053 εἰσὶ
1357 995 1694 1070 παμπολλοι,
1739 998 1817 1054 ὠν
1857 1002 1914 1055 οι
1935 1023 1974 1054 ιο

299 1089 546 1138 πλεῖστοι
576 1086 863 1153 γίγνονται
892 1090 1126 1153 θρασεῖς
1167 1082 1259 1136 καὶ
1291 1078 1475 1137 ἄδικοι
1515 1084 1608 1138 καὶ
1647 1079 1908 1155 ὑβρισταὶ

298 1168 390 1222 καὶ
429 1162 826 1237 αφρονέστατοι
866 1162 1065 1237 σχεδὸν
1106 1186 1395 1235 απαντων,
1441 1163 1591 1231 ἐκτὸς
1633 1163 1701 1236 δή
1739 1189 1910 1224 τινων

299 1242 360 1307 εὗ
390 1248 534 1322 μάλα
574 1246 795 1320 ὀλίγων.
865 1252 915 1302 4.
959 1261 1058 1305 ποι
1088 1246 1155 1320 δὴ
1195 1252 1424 1323 τελευτᾷ
1452 1253 1557 1305 νῦν
1587 1245 1721 1322 ἡμῖν
1750 1241 1908 1315 οὗτος

296 1330 324 1389 ὁ
356 1331 541 1405 λόγος;
589 1334 681 1389 καὶ
712 1338 769 1389 τί
795 1330 1042 1406 φανερόν
1073 1355 1204 1390 ποτε
1235 1335 1461 1404 ποιῆσαι
1492 1335 1792 1406 βουληθεὶς
1823 1337 1907 1391 λέ-

298 1440 381 1489 γει
410 1421 608 1487 ταῦτα;
667 1415 922 1489 δηλονότι
964 1415 1122 1488 τόδε,
1166 1415 1238 1483 (ὃς
1269 1415 1472 1483 παντὸς
1503 1421 1713 1490 μᾶλλον
1754 1419 1846 1474 καὶ
1877 1416 1904 1474 ὁ
1931 1441 1971 1474 15

295 1506 430 1575 τῇδε
461 1497 488 1557 ὁ
522 1500 670 1571 παρὰ
701 1494 838 1566 Διὸς
869 1503 1191 1574 νομοθέτης,
1233 1503 1337 1566 mig
1368 1525 1426 1558 τε
1456 1492 1525 1557 οὗ
1554 1503 1647 1557 καὶ
1677 1500 1909 1575 σμικρὸν

295 1584 519 1657 ὄφελος,
561 1581 663 1642 οὐκ
693 1583 827 1641 ἄλλο
858 1581 892 1655 ἢ
923 1582 1057 1658 πρὸς
1088 1583 1190 1656 τὴν
1219 1591 1485 1657 μεγίστην
1514 1583 1718 1659 ἀρετὴν
1747 1584 1910 1659 μάλι-

298 1688 398 1726 στα
429 1671 651 1741 βλέπων
682 1665 766 1725 ἀεὶ
799 1668 965 1740 θήσει
994 1665 1121 1734 τούς
1146 1666 1379 1741 νόμους·
1414 1674 1528 1726 ἔστι
1558 1668 1636 1740 δ’,
1672 1667 1745 1735 ὥς
1769 1688 1907 1743 φησι

299 1756 557 1825 Θέογνις,
602 1750 740 1824 αὕτη
782 1750 1038 1824 πιστότης
1081 1754 1140 1808 ἐν
1178 1765 1293 1819 τοῖς
1336 1758 1569 1826 δεινοῖς,
1610 1750 1681 1825 ἥν
1710 1777 1790 1819 τις
1822 1758 1908 1810 δι-

298 1834 601 1909 καιοσύνην
632 1831 701 1893 ἂν
731 1843 948 1893 τελείαν
977 1833 1325 1909 ὀνομάσειε.”
1929 1862 1971 1894 20

423 1925 470 1977 ἵ).
519 1922 631 1978 Καὶ
661 1918 791 1993 παρ’
830 1919 962 1993 ἡμῖν
992 1916 1020 1976 ὃ
1053 1919 1318 1994 σωτήριος
1350 1919 1510 1992 λόγος
1540 1919 1682 1994 ὁμοῦ
1712 1919 1907 1990 συζεύ-

184 2031 249 2070 (5..
246 2008 389 2073 )ξας
429 2007 497 2079 τῇ
535 2010 716 2061 πίστει
755 2002 859 2075 τὴν
897 2002 1174 2104 φρόνησιν
1213 2004 1310 2061 τὸν
1340 2003 1460 2061 κατ’
1498 2004 1784 2078 ἀμφότερα
1815 2028 1908 2063 κε-

297 2090 641 2198 κοσμημένον
658 2102 771 2155 τοῖς
797 2086 970 2144 αὐτοῦ
992 2086 1173 2160 λόγοις
1199 2090 1438 2161 ἐγκρίνει
1463 2087 1668 2160 λέγων’
1674 2085 1775 2154 Μτις
1800 2087 1906 2162 ἄρα

297 2175 446 2230 ἐστὶν
477 2169 504 2230 ὁ
537 2172 725 2238 πιστὸς
758 2175 848 2229 καὶ
879 2170 1146 2245 φρόνιμος
1189 2168 1548 2245 oluovo'ghoffi'
1609 2175 1701 2228 καὶ
1741 2165 1906 2238 αὖθις

285 2250 407 2328 “εὗ,
443 2260 607 2313 δοῦλε
637 2253 814 2328 αγαθε
845 2259 937 2313 καὶ
966 2257 1141 2328 πιστε,
1175 2258 1261 2312 ἐπὶ
1290 2255 1451 2327 ὀλίγα
1481 2256 1544 2328 ἦς
1575 2255 1782 2327 πιστὸς,
1815 2258 1903 2313 ἐπὶ
1929 2279 1969 2312 25

297 2344 518 2397 πολλῶν
550 2358 611 2396 σε
643 2338 1002 2412 καταστησω)
1101 2342 1292 2412 σαφῶς
1333 2364 1474 2412 γουν
1508 2342 1567 2396 ἐν
1597 2339 1809 2407 τούτοις
1839 2337 1906 2396 οὐ

296 2423 397 2494 τὴν
440 2424 641 2495 ἄλογον
692 2429 879 2480 πίστιν
928 2421 1304 2496 ἀποδέχεσθαι
1348 2430 1709 2498 παρίστησιν,
1764 2421 1902 2480 ἀλλὰ

298 2505 398 2579 τὴν
428 2519 546 2572 ταῖς
575 2513 853 2579 μεγίσταις
883 2504 1100 2607 αρεταϊς
1124 2510 1582 2580 συνεζευγμένην,
1611 2514 1660 2564 εί
1693 2507 1762 2579 δὴ
1793 2531 1907 2565 τοι-

299 2594 459 2648 αῦται
490 2589 759 2662 φρόνησις
790 2592 880 2646 καὶ
913 2588 1273 2663 ἀγαθωσύνη.

255 2700 274 2731 b
426 2686 504 2734 111.
554 2670 691 2740 “Εἰς
733 2698 856 2730 τινα
907 2698 1010 2748 γαρ
1050 2676 1154 2731 οὐν
1193 2698 1284 2746 μοι
1339 2672 1531 2747 καιρὸν
1585 2671 1903 2746 φαινόμεθα
1925 2695 1965 2727 30

411 2870 466 2907 30
501 2866 587 2914 Εἷς
611 2879 715 2907 τινα
738 2864 812 2919 -]
848 2867 981 2907 Plato
1005 2867 1120 2918 Leg.
1146 2868 1208 2905 ll.
1234 2879 1275 2918 p.
1299 2867 1394 2905 926.
