2014 3146
251 101 350 182 1‘76
920 130 1168 171 EUSEBII

247 244 459 354 ἀνάγκη
501 243 597 316 δὴ,
641 241 712 311 ῶς
756 251 925 317 ε’,οικε
968 248 1059 302 καὶ
1099 245 1233 319 ἡμῖν
1263 260 1588 320 συγχωρεῖν.
1651 253 1709 304 τί
1746 245 1850 322 γάρ

247 332 339 386 καὶ
370 328 737 402 φήσομεν,οἴ
761 352 826 401 γε
861 329 990 403 [καὶ]
1019 327 1176 387 αὐτοὶ
1199 329 1574 404 ὁμολογοῦμεν
1598 334 1724 405 περὶ
1750 356 1853 389 αυ-

202 417 359 470 uve-511
397 414 572 486 μηδεν
615 415 848 483 εἰδέναι;
891 410 1030 471 ἀλλά
1069 438 1161 488 μοι
1203 416 1320 472 εἰπε
1359 413 1495 490 πρὸς
1525 414 1850 489 φιλίου,σύ

249 494 321 563 ῶς
352 494 575 569 ἀληθῶς
606 496 714 573 ἡγῇ
742 501 916 555 ταῦτα
945 496 1089 556 οὕτω
1127 501 1439 572 γεγονέναι;

373 584 484 638 Καὶ
525 589 600 638 ἔτι
642 581 853 640 τούτων
892 583 1351 658 θαυμασιώτερα,
1395 577 1436 640 ῶ
1467 582 1780 657 Σώκρατες,
1813 581 1889 641 525

247 671 304 723 οἱ
331 669 523 723 πολλοὶ
555 666 658 723 οὐκ
691 676 855 724 ἴσασι.

373 756 420 807 3.
454 753 566 808 Καὶ
605 745 844 824 πόλεμον
883 749 988 826 ἄρα
1033 748 1140 826 ἡγῇ
1185 751 1276 825 [σὺ
1319 751 1479 825 εἶναι]
1513 755 1591 829 τῷ
1633 750 1750 810 ὄντι
1794 755 1852 810 ἐν

245 849 359 902 τοῖς
390 846 544 901 θεοῖς
575 834 710 910 πρὸς
742 835 1042 908 ἀλλήλους,
1077 839 1170 893 καὶ
1202 842 1405 910 ἔχθρας
1445 859 1508 909 γε
1543 835 1729 903 δεινὰς
1759 838 1852 894 καὶ

246 918 419 993 μάχας
452 922 542 976 καὶ
585 918 723 977 ἅλλα
762 925 989 978 τοιαῦτα
1031 920 1232 993 πολλὰ,
1275 919 1366 978 οἷα
1410 923 1631 993 λέγεταί
1654 945 1713 979 τε
1743 918 1851 979 ὑπὸ

245 1009 359 1062 τῶν
389 1009 657 1077 ποιητῶν,
705 1008 795 1062 καὶ
837 1003 946 1062 ὑπὸ
986 1008 1096 1062 τῶν
1126 1003 1360 1078 ἀγαθῶν
1397 1008 1662 1079 γραφέων
1699 1005 1765 1063 τά
1795 1030 1852 1064 τε
1876 1033 1916 1063 10

247 1087 386 1146 ἄλλα
419 1086 538 1162 ίερά
568 1088 702 1162 ἡμῖν
733 1097 1220 1147 καταπεποίκιλται
1251 1093 1342 1147 καὶ
1385 1089 1452 1161 δὴ
1493 1092 1581 1147 καὶ
1616 1104 1730 1158 τοῖς
1760 1114 1851 1164 με-

246 1171 434 1246 γάλοις
464 1181 887 1246 Παναθηναίοις
925 1173 954 1231 ὃ
988 1177 1192 1240 πέπλος
1223 1174 1418 1247 μεστὸς
1447 1178 1559 1232 τῶν
1587 1173 1853 1232 τοιούτων

197 1286 216 1308 c
247 1257 620 1330 ποικιλμάτων
673 1257 934 1331 ἀνάγεται
990 1265 1066 1325 εἰς
1125 1257 1227 1330 τὴν
1280 1256 1597 1332 ἀκρόπολιν.
1682 1263 1854 1317 ταῦτα

247 1341 430 1415 ἀληθῆ
465 1342 606 1399 εἶναι
637 1347 859 1416 φῶμεν,
895 1336 936 1399 ῶ
969 1341 1314 1417 Εὐθύφρον;

372 1431 421 1482 4.
471 1426 570 1498 Μὴ
611 1426 752 1499 μόνα
791 1451 882 1500 γε,
932 1420 974 1484 ῶ
1007 1427 1332 1502 Σώκρατες,
1377 1426 1498 1485 ἀλλ’
1548 1427 1683 1502 ὅπερ
1729 1452 1851 1502 αρτι
1874 1453 1915 1485 10

248 1510 434 1583 εἷπον,
467 1513 557 1567 καὶ
587 1509 727 1568 άλλα
751 1531 837 1569 σοι
870 1511 975 1584 ἐγώ
1007 1510 1208 1582 πολλὰ,
1244 1511 1339 1570 ε’άν
1369 1535 1471 1584 περ
1496 1511 1692 1616 βούλῃ,
1724 1515 1851 1586 περὶ

245 1599 359 1653 τῶν
387 1598 541 1652 θεῶν
583 1595 941 1670 διηγήσομαι,
984 1622 1018 1652 α
1049 1596 1120 1654 σύ
1152 1595 1373 1654 ἀκούων
1415 1599 1477 1654 εὐ
1517 1595 1624 1654 οἶδ’
1660 1595 1742 1654 ὅτι
1769 1599 1850 1654 ἐκ·

245 1676 559 1753 πλαγήσῃ.”

381 1767 564 1820 Ταυτα
592 1764 620 1821 ὁ
653 1763 891 1823 Πλάτων
923 1769 983 1822 ἐν
1005 1773 1080 1822 τῶ
1106 1764 1458 1840 Ευθύφρονι
1504 1755 1766 1837 διασαφεῖ
1792 1765 1852 1822 ὃε

244 1846 346 1919 τὴν
379 1847 682 1905 ὃιάνοιαν’
660 1873 688 1906 ο
710 1848 1029 1922 Νουμήνιος
1053 1854 1112 1908 ἐν
1135 1855 1209 1907 τῶ
1241 1851 1366 1924 περὶ
1389 1853 1500 1906 τῶν
1524 1848 1670 1924 παρὰ
1694 1848 1851 1907 Πλά-
1873 1874 1914 1907 20

244 1956 378 1989 τωνι
408 1928 738 2007 ἀπορρήτων
769 1925 885 1990 ωδέ
910 1957 985 2006 πη
1017 1937 1195 2006 λέγων

200 2048 222 2079 d
374 2031 427 2077 V.
469 2013 580 2075 “Et
629 2042 731 2090 μεν
783 2016 1021 2092 γράφειν
1063 2015 1493 2090 υποτεινάμενος
1538 2014 1566 2074 ὁ
1612 2018 1853 2076 Πλάτων

128 2118 219 2160 [382]
248 2104 373 2174 περὶ
403 2106 500 2174 τῆς
530 2107 823 2174 θεολογίας
863 2107 958 2174 τῆς
998 2107 1108 2159 τῶν
1134 2100 1449 2175 Ἀθηναίων
1481 2103 1597 2159 εἶτα
1630 2103 1850 2175 ἐδυσχέ-

246 2209 438 2259 ραινεν
468 2185 608 2260 αὐτῇ
649 2189 741 2243 καὶ
773 2185 1064 2286 κατηγόρει
1096 2186 1295 2261 ἐχούσῃ
1337 2185 1553 2252 στάσεις
1584 2187 1685 2260 μὲν
1716 2184 1851 2260 πρὸς

245 2269 534 2343 ἀλλήλους,
566 2272 777 2328 τέκνων
810 2272 870 2327 δε
900 2274 1012 2329 τῶν
1041 2296 1144 2345 μεν
1172 2276 1364 2344 μίξεις,
1394 2275 1506 2328 τῶν
1532 2272 1592 2327 δὲ
1618 2270 1847 2344 ἐδωδὰς,
1874 2295 1915 2327 25

245 2358 357 2410 τῶν
399 2356 459 2410 δὲ
498 2352 618 2412 ἀντὶ
661 2354 1148 2430 τούτων’πατράσι
1189 2361 1451 2430 τιμωρίας
1491 2353 1755 2429 ἀδελφῶν
1791 2379 1851 2412 τε

247 2434 509 2510 ἀδελφοῖς
538 2435 826 2513 ὑμνούσῃ,
859 2443 950 2496 καὶ
981 2439 1121 2497 ἄλλα
1151 2444 1401 2497 τοιαῦτα·
1446 2449 1599 2513 εἴπερ
1639 2435 1668 2496 ὁ
1699 2437 1849 2496 Πλά-

246 2545 359 2579 των
388 2524 543 2578 ταυτὶ
584 2522 774 2594 λαβῶν
815 2530 892 2590 εἰς
932 2524 991 2581 τὸ
1025 2523 1271 2598 φανερὸν
1313 2523 1629 2597 κατηγόρει,
1672 2547 1851 2598 παρα-

247 2620 402 2678 σχεῖν
432 2603 501 2662 ἂν
534 2612 691 2662 δοκεῖ
725 2631 816 2679 μοι
846 2623 958 2675 τοῖς
982 2607 1301 2680 Ἀθηναίοις
1340 2615 1524 2665 αἰτίαν
1553 2606 1720 2664 πάλιν
1751 2629 1851 2662 κα-

247 2704 362 2756 κοῖς
407 2693 670 2762 γενέσθαι
728 2690 1083 2748 ἀποκτείνασι
1129 2695 1221 2749 καὶ
1265 2691 1461 2764 αὐτὸν,
1525 2687 1708 2763 ῶσπερ
1753 2688 1911 2747 τόνεο

246 2773 570 2848 Σωκράτην.
617 2777 731 2831 ἐπεὶ
767 2776 828 2831 δὲ
860 2778 954 2847 ζῆν
983 2777 1084 2848 μὲν
1109 2773 1212 2833 οὐκ
1235 2773 1305 2833 ἂν
1335 2781 1616 2849 προείλετο
1640 2778 1849 2847 μᾶλλον

136 2874 221 2916 (651)
247 2854 279 2930 ἢ
311 2855 630 2932 ἀληθεύειν,
665 2858 810 2933 ἑῶρα
835 2861 895 2916 δὲ
926 2864 1022 2932 ζῆν
1054 2885 1110 2917 τε
1142 2862 1232 2916 καὶ
1257 2857 1557 2932 ἀληθεύειν
1588 2855 1848 2931 ἀσφαλῶς
