2014 3146
255 93 360 177 262
937 124 1184 167 EUSEBII

256 245 508 313 ἕλκουσι,
540 252 658 307 ταῖς
689 242 879 314 χερσὶν
909 237 1149 314 ἀτεχνῶς
1182 242 1382 316 πέτρας
1414 243 1504 298 καὶ
1539 244 1674 316 δρῦς
1706 264 1867 316 περι-

257 324 647 398 λαμβάνοντες.
719 327 831 382 τῶν
870 323 975 398 γὰρ
1017 323 1284 382 τοιούτων
1326 325 1693 399 ἐφαπτόμενοι
1727 325 1864 384 πάν-

254 433 367 466 των
393 414 821 484 διισχυρίζονται
845 413 1006 466 τοῦτο
1026 409 1167 467 εἶναι
1194 408 1367 483 μόνον
1391 406 1422 466 ὃ
1444 412 1668 485 παρέχει
1691 431 1835 484 προσ

210 519 231 550 d
255 487 429 566 βολὴν
474 496 565 550 καὶ
616 493 838 567 ἐπαφήν
877 518 1032 566 τινα,
1083 493 1287 551 ταυτὸν
1327 497 1485 567 σῶμα
1533 497 1626 552 καὶ
1665 492 1866 553 οὐσίαν

253 575 583 652 ὁριζόμενοι,
615 584 728 636 τῶν
760 579 820 635 δε
850 575 1035 635 άλλων
1059 588 1115 636 εἴ
1137 603 1218 645 τις
1248 577 1416 652 φήσει
1445 578 1518 652 μὴ
1551 585 1706 652 σῶμα
1738 586 1865 653 ἕχον
1907 603 1928 636 5

256 662 427 737 εἶναι,
470 667 950 737 καταφρονοῦντες
992 662 1050 721 τὸ
1092 661 1358 739 παράπαν
1398 665 1488 721 καὶ
1529 660 1699 721 οὐδεν
1741 665 1869 721 ἐθέ-

254 756 443 815 λοντες
474 745 607 805 ἄλλο
638 745 879 806 ἀκούειν.

371 826 460 891 Ἦ
480 831 700 899 δεινοὺς
742 841 967 907 εἴρηκας
1007 830 1245 907 ἀνδρας·
1312 830 1420 906 ἤδη
1472 831 1577 906 γὰρ
1625 835 1718 890 καὶ
1759 829 1866 905 ἐγω

252 916 467 975 τούτων
497 919 667 975 πλέον
697 924 779 984 οις
810 919 1166 992 προσέτυχον.

385 1005 463 1058 11.
516 1005 826 1077 Τοιγαροῦν
863 1007 918 1059 οἱ
957 1000 1092 1076 πρὸς
1133 999 1336 1068 αὐτοῦς
1389 1000 1866 1075 ἀμφισβητοῦντες
1888 1025 1930 1058 10

252 1084 397 1159 μάλα
459 1083 706 1158 εὐλαβῶς
774 1084 1001 1144 ἄνωθεν
1061 1087 1240 1144 ποθὲν
1298 1084 1634 1160 ἀμύνονται,
1697 1085 1866 1159 νοητὰ

253 1168 387 1228 ἅττα
435 1172 528 1227 καὶ
579 1167 843 1244 ἀσώματα
895 1176 1017 1244 εἴδη
1077 1169 1388 1244 βιαζόμενοι
1435 1170 1536 1244 τὴν
1588 1167 1867 1244 ἀληθινὴν

251 1253 450 1312 οὐσίαν
490 1254 658 1312 εἶναι·
725 1254 792 1312 τά
834 1257 893 1312 δὲ
945 1259 1175 1314 ἐκείνων
1224 1254 1449 1330 σώματα
1491 1259 1583 1313 καὶ
1620 1254 1723 1327 τὴν
1774 1263 1866 1312 λε-

251 1343 493 1412 γομένην
542 1338 653 1397 ὑπὸ
705 1339 917 1398 τούτων
965 1339 1238 1413 ἀλήθειαν
1290 1340 1427 1398 κατὰ
1483 1338 1686 1414 σμικρά
1742 1346 1866 1397 δια-

251 1422 561 1497 θραύοντες
612 1428 673 1482 ἐν
716 1438 829 1492 τοῖς
871 1424 1052 1498 λόγοις
1093 1428 1314 1498 γένεσιν
1351 1422 1476 1483 ἀντὶ
1527 1423 1721 1493 οὐσίας
1761 1449 1864 1498 φε-
1886 1448 1928 1480 15

142 1511 494 1583 (726)905oe'v71v
544 1511 668 1567 τινὰ
719 1508 1247 1584 προσαγορεύουσιν.
1332 1512 1392 1568 ἐν
1431 1512 1581 1587 μέσῳ
1636 1511 1698 1567 δὲ
1737 1511 1864 1583 περὶ

250 1599 423 1651 ταῦτα
453 1592 686 1662 ἄπλετος
717 1591 1046 1669 ἀμφοτέρων
1076 1594 1221 1669 μάχη
1251 1619 1360 1667 τις,
1394 1587 1436 1651 ὦ
1462 1600 1744 1668 Θεαίτητε,
1776 1595 1864 1651 ἀεὶ

253 1681 599 1751 ξυνέστηκεν.

374 1760 634 1836 Ἀληθῆ.”

382 1851 462 1903 12.
500 1845 611 1904 Διά
652 1844 720 1919 δὴ
765 1845 1046 1905 τοσούτων
1087 1845 1214 1914 τοῦς
1247 1846 1352 1921 πρὸ
1383 1843 1557 1903 αὐτοῦ
1587 1844 1861 1919 φυσικούς
1884 1870 1924 1902 20

250 1929 593 2003 φιλοσόφους
636 1932 1006 2004 διαβέβληκεν
1041 1929 1070 1989 ὁ
1102 1930 1356 1989 Πλάτων.
1432 1930 1633 1988 ὁποίαν
1667 1932 1727 1988 δὲ
1758 1927 1862 1987 αῦ-

250 2014 340 2081 τὸς
371 2017 499 2089 περὶ
528 2021 640 2072 τῶν
673 2018 1013 2089 ἐζητημένων
1059 2015 1288 2090 ἐπήγετο
1322 2014 1489 2084 δόξαν
1521 2019 1581 2072 ἐν
1610 2029 1724 2082 τοῖς
1754 2014 1859 2085 πρὸ

251 2098 451 2157 τούτου
514 2099 903 2174 διειλήφαμεν,
972 2097 1062 2159 ὅτε
1134 2111 1461 2174 συμφωνεῖν
1520 2099 1690 2157 αὐτὸν
1746 2114 1861 2167 τοις

244 2179 516 2257 Εβραίων
563 2184 798 2259 δόγμασι
838 2188 930 2242 καὶ
969 2189 1037 2260 τῇ
1075 2188 1326 2252 Μωσέως
1368 2187 1690 2289 συντρέχειν
1732 2186 1861 2258 περὶ

253 2272 350 2325 τοῦ
382 2267 539 2335 ὄντος
572 2275 905 2346 διδασκαλία
935 2289 1303 2343 παριστωμεν.
1879 2291 1921 2323 25

383 2357 463 2409 13.
498 2356 609 2411 Καὶ
639 2354 766 2420 τοὺς
798 2351 974 2412 αὐτοῦ
1006 2356 1063 2412 δὲ
1094 2358 1192 2412 τοῦ
1225 2353 1525 2421 Πλάτωνος
1567 2350 1860 2427 διαδόχους

252 2438 388 2508 φέρε
416 2439 494 2512 τῷ
515 2436 662 2514 λόγῳ
685 2437 1077 2512 θεωρήσωμεν.
1122 2437 1399 2496 Πλάτωνά
1423 2457 1596 2512 φασιν
1621 2440 1681 2495 ἐν
1702 2435 1859 2496 'Aua‘

204 2542 226 2574 b
256 2523 424 2595 δημίᾳ
456 2521 876 2595 συστησάμενον
914 2522 1017 2596 τὴν
1057 2523 1350 2597 διατριβὴν
1379 2526 1599 2596 πρῶτον
1631 2519 1857 2594 Ἀκαδη-

251 2604 452 2675 μαϊκὸν
482 2609 787 2679 κληθῆναι,
830 2610 921 2664 καὶ
952 2606 1053 2680 τὴν
1081 2605 1501 2681 ὀνομασθεῖσαν
1525 2604 1859 2678 Ἀκαδημαϊ-

252 2686 357 2758 κὴν
409 2696 746 2763 φιλοσοφίαν
787 2690 1198 2769 συστήσασθαι.
1281 2689 1415 2765 μετά
1467 2691 1529 2748 δὲ
1579 2687 1856 2748 Πλάτωνα
1879 2711 1920 2743 3ο

250 2771 624 2831 Σπεύσιππον
662 2775 758 2831 τὸν
803 2779 856 2842 ἐξ
899 2776 1144 2850 ἀδελφῆς
1174 2775 1503 2846 Πλάτωνος,
1534 2778 1630 2845 τῆς
1660 2772 1857 2831 Ποτιό-

245 2880 379 2928 ινης,
414 2857 531 2914 εἶτα
560 2857 940 2934 Ξενοκράτην,
975 2866 1161 2918 ἔπειτα
1191 2862 1497 2933 Πολέμωνα
1519 2860 1622 2932 τὴν
1649 2863 1854 2932 διατρι-
