2014 3146
612 91 826 132 PRAEP.
856 90 1079 134 EVANG.
1110 93 1207 134 xv.
1239 94 1278 136 8.
1662 88 1766 140 359

148 206 317 279 ὄντα,
357 205 459 279 τὴν
498 213 796 278 καλλίστην
838 216 1118 263 κινεῖσθαι
1159 212 1402 279 κίνησιν“
1472 211 1767 277 καλλίστης

152 291 205 349 δ’
243 289 412 364 οὔσης
441 294 536 364 τῆς
570 294 628 348 ἐν
658 290 843 366 κύκλῳ
874 289 1161 364 κινήσεως,
1193 288 1364 364 ταύτῃ
1390 286 1562 347 αὐτὸν
1592 304 1763 347 κινεῖ·
1790 316 1809 335 e

155 387 306 434 σθαι.
368 381 415 432 6.
450 371 483 448 ἡ
515 376 578 432 δὲ
607 385 867 447 αἴσθησις
897 373 965 432 τὰ
994 375 1097 447 μὲν
1138 378 1198 431 ἐκ
1227 378 1326 432 τοῦ
1356 373 1525 447 λόγου
1554 399 1767 448 μαρτυ-

154 475 303 533 ροῖτο
334 456 405 518 ἂν
436 459 508 526 ὡς
539 457 932 532 ἀληθεύουσα,
967 457 1051 529 οὐ
1077 459 1188 532 μὴν
1221 457 1374 531 αὐτὴ·
1396 462 1634 533 παρέσχε
1665 461 1766 531 τὴν

107 569 131 601 5
154 551 343 603 πίστιν
371 548 465 617 τῆς
495 543 783 617 κινήσεως.
857 545 983 618 περὶ
1018 544 1076 600 δὲ
1118 547 1213 617 τῆς
1243 546 1343 600 τοῦ
1372 542 1576 610 παντὸς
1607 542 1766 616 κινή-

153 648 291 695 σεως
333 625 406 696 ὡς
446 630 550 702 μὲν
581 627 686 686 οὐκ
733 633 793 686 ἐν
823 628 1007 703 κύκλῳ
1047 630 1158 685 τινὶ
1197 636 1409 700 γίνεται
1458 626 1763 701 νικώμενος

152 710 262 770 ὑπὸ
311 718 406 785 τῆς
467 717 751 786 ἐναργείας
803 709 906 769 οὐκ
957 719 1117 785 ἔσχεν
1161 709 1443 769 ἀντειπεῖν
1481 711 1763 779 Πλάτωνι,

153 812 379 870 παρεῖχε
410 799 471 854 δὲ
500 795 791 855 κάνταῦθα
823 796 1102 869 διαφορὰν
1133 794 1285 872 αὐτῷ
1313 795 1373 853 τὸ
1404 796 1574 853 καλὸν
1604 800 1764 854 τοῦτο

155 880 366 955 εὕρημα
417 885 516 939 τοῦ
565 880 829 954 σώματος.
904 885 949 937 7.
993 879 1022 936 ὁ
1063 881 1164 952 μὲν
1204 880 1309 954 γὰρ
1351 879 1617 953 Πλάτων,
1670 878 1765 938 ἅτε

87 991 128 1022 ιο
152 965 331 1024 ὄντων
367 964 643 1039 τεττάρων
682 963 953 1038 σωμάτων
996 967 1088 1021 καὶ
1119 963 1345 1022 πάντων
1375 963 1543 1038 φύσει
1574 989 1764 1023 κινου-

151 1055 336 1158 μένων
367 1047 550 1123 ἁπλῆν
581 1053 672 1107 καὶ
706 1048 938 1107 εὐθεῖαν
969 1055 1210 1122 κίνησιν,
1244 1047 1418 1122 πυρὸς
1449 1050 1552 1123 μὲν
1583 1052 1672 1107 ἐπὶ
1704 1048 1762 1106 τὸ

153 1134 333 1207 ἐκτὸς,
373 1138 473 1208 γῆς
515 1133 566 1192 δ’
616 1137 704 1191 ἐπὶ
746 1133 805 1191 τὸ
845 1137 1041 1207 μέσον,
1092 1138 1204 1191 τῶν
1246 1135 1307 1191 δε
1346 1132 1532 1191 άλλων
1574 1136 1660 1191 ἐπὶ
1703 1135 1763 1191 τὸ

150 1219 379 1292 μεταξὺ,
418 1217 520 1291 τὴν
552 1222 612 1276 ἐν
653 1218 838 1295 κύκλῳ
879 1225 1102 1291 κίνησιν
1131 1217 1384 1276 ἀπέδωκε
1413 1223 1479 1293 τῇ
1501 1222 1687 1327 ψυχῇ
1735 1215 1808 1275 (Sd

153 1301 205 1361 δ’
214 1349 228 1374 ,
269 1305 411 1378 ᾗπερ
453 1302 601 1380 αλλῳ
648 1302 856 1377 σώματι
896 1300 1097 1375 άλλην,
1139 1302 1282 1360 ούτω
1326 1305 1388 1359 δε
1427 1305 1519 1359 καὶ
1560 1303 1663 1373 τὴν
1705 1306 1765 1359 έν

87 1412 128 1444 ι5
151 1388 366 1466 κύκλῳ,
408 1387 664 1463 καθάπερ
697 1386 1014 1462 σωματικήν
1044 1412 1194 1460 τινα,
1226 1411 1302 1464 τῳ
1333 1390 1561 1464 πέμπτῳ
1591 1407 1766 1460 προσ-

151 1476 332 1546 ένειμε
385 1472 623 1546 στόματι,
678 1471 840 1529 πάντ’
899 1470 1140 1539 εὐκόλως
1182 1470 1353 1530 αὑτὸν
1406 1471 1761 1544 ἐξαπατήσας.

150 1563 197 1615 8.
231 1571 344 1623 τοῖς
374 1558 476 1630 μὲν
504 1555 610 1630 γὰρ
654 1554 740 1614 ἐπ’
776 1554 1002 1625 εὐθείας
1042 1558 1388 1630 κινουμένοις
1432 1561 1492 1614 αἱ
1518 1556 1763 1629 βαρύτη-

148 1666 236 1707 τες
276 1644 368 1698 καὶ
399 1640 735 1713 κουφότητες
773 1639 875 1714 τὴν
905 1638 1081 1715 ἀρχὴν
1121 1645 1216 1713 τῆς
1256 1640 1523 1713 κινήσεως
1568 1647 1764 1712 παρεί-

149 1750 338 1799 χοντο,
390 1724 450 1782 τὸ
486 1727 548 1782 δὲ
591 1727 840 1799 πέμπτον
875 1730 1065 1799 σῶμα,
1104 1725 1238 1799 μήτε
1284 1724 1491 1799 βάρους
1534 1731 1764 1798 μετέχον

83 1835 127 1866 20
149 1809 285 1884 μήτε
329 1809 702 1883 κουφότητος,
748 1808 1037 1883 ἀκινησίας
1066 1813 1303 1884 μᾶλλον·
1369 1816 1416 1867 9.
1460 1809 1526 1867 οὐ
1566 1813 1661 1882 τῆς
1703 1813 1764 1866 ἐν

149 1894 335 1970 κύκλῳ
357 1893 625 1967 κινήσεως
645 1907 757 1961 τοῖς
780 1892 866 1952 ἐπ’
888 1893 1113 1962 εὐθείας
1136 1897 1484 1968 κινουμένοις
1505 1894 1564 1952 τὸ
1582 1897 1764 1967 σχῆμα

146 1977 248 2051 τὴν
274 1985 456 2036 αἰτίαν
481 1985 590 2052 ἔχει
611 1983 708 2051 τῆς
738 1978 1036 2052 κινήσεως,
1067 1978 1187 2036 ἀλλ’
1225 1979 1260 2051 ἡ
1291 1978 1460 2054 ῥοπή·
1506 1983 1663 2052 σῶμα
1694 1977 1761 2036 οὐ

146 2062 322 2136 μόνον
354 2067 415 2121 ἐν
443 2065 592 2139 μέσῳ
620 2065 789 2120 τεθεν
817 2059 1011 2136 ὁμοίου
1041 2062 1188 2130 τινὸς
1218 2061 1318 2136 οὐχ
1343 2066 1449 2131 έξει
1472 2068 1548 2134 πῆ
1572 2067 1761 2136 κλιθῇ,

108 2146 269 2204 ἀλλ’
308 2151 368 2204 ἐν
402 2146 588 2223 κύκλῳ
612 2149 906 2220 περιτεθεν
935 2144 1108 2224 ὁποίῳ
1135 2149 1244 2204 τινὶ
1275 2146 1380 2220 οὐχ
1416 2150 1522 2215 ἕξει
1551 2153 1646 2219 τῆς
1674 2149 1767 2213 ἐπί

84 2255 127 2287 25
149 2255 200 2289 τι
233 2238 464 2298 κλίσεως
498 2237 711 2304 αἰτίαν,

362 2363 450 2417 εἴτ’
484 2366 562 2416 ἐπὶ
592 2361 709 2428 δεξί’
743 2368 882 2429 ἴωσι,
910 2364 1033 2431 πρὸς
1058 2360 1133 2430 ἠῶ
1159 2364 1202 2416 τ’
1233 2359 1400 2430 ἠέλιόν
1427 2386 1497 2430 τε,
1781 2379 1870 2418 4808)

362 2433 453 2486 εἴτ’
486 2431 563 2487 ἐπ’
592 2434 851 2503 ἀριστερά,

151 2577 260 2625 εἴτε
289 2566 478 2641 πρόσω
521 2564 620 2624 εἴτ’
665 2565 860 2624 ὀπίσω.
936 2572 1015 2624 10.
1050 2573 1128 2624 ἔτι
1159 2581 1271 2634 τοῖς
1301 2592 1401 2641 μεν
1431 2565 1616 2634 ἄλλοις
1647 2567 1756 2624 στό-
1777 2583 1868 2624 [472]

84 2675 127 2707 30
150 2670 321 2725 μασιν
353 2655 644 2720 έξωσθεῖσι
666 2675 777 2709 των
800 2658 1020 2709 οἰκείων
1042 2651 1227 2709 τόπων
1251 2654 1474 2726 παρέχει
1497 2677 1556 2709 το
1587 2667 1760 2708 κινεῖ-

151 2746 286 2793 σθαι
317 2734 484 2793 πάλιν
514 2734 614 2808 ἀφ’
653 2732 840 2793 αὐτῶν
870 2735 904 2809 ἡ
937 2733 1072 2810 πρὸς
1101 2736 1329 2803 τούτους
1360 2733 1642 2810 αναφορά·
1682 2760 1757 2811 τῳ

151 2823 377 2897 πέμπτῳ
411 2821 472 2877 δε
506 2823 730 2900 ἐκείνῳ,
773 2822 1049 2894 μηδέποτε
1095 2825 1406 2895 ἐκβαίνοντι
1446 2823 1558 2877 τῶν
1588 2816 1756 2877 αὐτοῦ
