2014 3146
257 122 363 174 324
939 123 1185 164 EUSEBH

256 255 371 306 κες·
432 245 492 295 ἔν
531 263 589 296 τε
629 244 903 311 χερσαίοις
954 244 1155 311 ἔλαφοί
1201 263 1258 296 τε
1299 241 1391 296 καὶ
1435 242 1725 314 ἐλέφαντες
1772 244 1864 298 καὶ
1921 234 1924 242 ’

258 323 579 394 δράκοντες
631 325 691 379 ἐν
724 323 786 378 δε
815 335 927 388 τοῖς
961 322 1213 396 ἐνύδροις
1244 321 1310 380 τὰ
1339 323 1502 396 κήτη
1552 326 1757 399 δένδρα
1804 326 1862 381 δε

256 413 504 480 φοίνικες
536 408 627 464 καὶ
659 404 824 478 δρύες
855 409 947 463 καὶ
978 409 1231 480 περσέαι
1279 410 1371 464 καὶ
1392 411 1505 465 τῶν
1528 433 1590 480 γε
1614 411 1864 484 δένδρων

214 527 229 547 e
254 489 317 548 τὰ
349 493 452 564 μέν
483 495 631 548 ἐστιν
663 487 919 563 ἀειθαλῆ,
951 489 986 547 ἃ
1017 494 1109 548 καὶ
1139 490 1558 565 καταριθμήσας
1599 516 1679 561 τις
1710 493 1864 551 εἶπεν

258 575 400 632 εἶναι
431 580 930 647 τεσσαρακαίδεκα
978 575 1044 631 τὰ
1086 576 1148 632 δε
1188 574 1322 649 πρὸς
1354 575 1547 648 καιρὸν
1578 575 1745 634 ἀνθεῖ
1774 580 1863 634 καὶ
1909 602 1927 632 5

255 668 616 734 φυλλορροεῖ·
663 659 728 716 τὰ
761 660 822 716 δὲ
851 667 1081 717 πλεῖστα
1110 664 1223 717 τῶν
1243 685 1302 718 τε
1321 662 1620 735 φυομένων
1643 663 1737 718 καὶ
1758 664 1869 718 τῶν

255 746 624 817 γεννωμένων
665 745 817 802 ἐστὶν
857 740 1117 818 ὠκύμορα
1147 747 1237 801 καὶ
1268 745 1608 819 βραχυτελῆ,
1642 737 1721 802 ῶν
1755 748 1869 802 ἐστι

256 831 348 885 καὶ
378 825 406 885 ὁ
438 826 755 903 ἅνθρωπος,
788 825 861 894 ῶς
894 827 1017 885 εἶπέ
1041 853 1121 895 τις
1153 828 1283 902 ἁγία
1319 832 1448 903 περὶ
1478 826 1653 886 αὐτοῦ
1682 828 1870 902 γραφή

250 910 482 986 “βροτὸς
516 914 577 970 δὲ
606 913 871 985 γεννητὸς
913 912 1175 985 γυναικὸς
1213 910 1544 986 ὀλιγόβιος.”
1618 918 1696 972 11.
1731 911 1870 970 ἀλλά

255 997 385 1064 τοὺς
417 999 764 1070 συνδέσμους
796 996 1039 1071 φήσουσι
1069 1001 1181 1054 τῶν
1203 995 1423 1072 ἀτόμων
1447 996 1869 1063 διαλλάττοντας
1891 1022 1932 1054 10

258 1088 469 1149 αἰτίους
509 1088 769 1154 γίνεσθαι
807 1089 901 1154 τῆς
943 1084 1069 1155 περὶ
1113 1080 1214 1154 τὴν
1260 1082 1531 1156 διαμονὴν
1584 1084 1867 1155 διαφορᾶς.

256 1165 323 1223 τά
353 1167 456 1240 μὲν
486 1165 591 1239 γὰρ
621 1162 718 1222 ὑπ’
757 1165 943 1223 αὐτῶν
975 1170 1379 1224 πεπυκνῶσθαι
1410 1169 1502 1223 καὶ
1535 1172 1867 1240 κατεσφίγχ-

257 1261 357 1308 θαι
398 1254 608 1323 λέγειν,
653 1246 787 1307 ὤστ’
822 1247 961 1307 αὐτὰ
1002 1254 1284 1318 παντελῶς
1318 1249 1748 1308 δυσαπάλλακτα
1777 1275 1868 1323 γε-

257 1337 481 1407 γονέναι
512 1333 808 1408 πιλήματα,
840 1359 906 1391 τα
938 1335 998 1391 δε
1030 1339 1343 1409 μανοτέραν
1365 1338 1456 1392 καὶ
1488 1340 1747 1409 χαλῶσαν
1769 1334 1871 1407 τὴν

213 1443 235 1474 d
259 1419 571 1493 συνάφειαν
600 1422 712 1476 τῶν
741 1416 961 1493 ἀτόμων
993 1419 1079 1476 ἐπ’
1132 1427 1356 1477 ἔλαττον
1386 1416 1419 1493 ἢ
1451 1422 1620 1477 πλέον
1653 1421 1869 1493 ἐσχηκέ-
1894 1443 1934 1475 15

259 1529 379 1576 ναι,
435 1503 507 1571 ῶς
549 1499 583 1575 ἢ
623 1510 832 1561 θᾶττον
871 1501 905 1576 ἢ
945 1504 1018 1577 μὴ
1058 1527 1192 1578 μετα
1235 1503 1376 1562 πολυ
1416 1508 1511 1577 τῆς
1561 1503 1870 1613 κολλήσεως

262 1587 447 1646 αὐτῶν
488 1587 858 1661 ἀφίστασθαι
907 1593 999 1645 καὶ
1007 1613 1104 1689 x“coc
1146 1613 1248 1662 μεν
1290 1592 1350 1646 ἐκ
1379 1591 1610 1646 τοιῶνδε
1641 1591 1732 1645 καὶ
1764 1579 1874 1644 ῶδέ

260 1695 375 1739 πως
408 1675 919 1746 ἐσχηματισμένων,
958 1671 1024 1730 τά
1058 1674 1118 1730 δὲ
1151 1676 1202 1741 ἐξ
1237 1675 1441 1747 ἑτέρων
1471 1676 1722 1747 ἑτεροίως
1756 1677 1870 1728 δια-

260 1759 529 1830 κειμένων
559 1754 990 1830 συμμεμίχθαι.”

391 1845 470 1898 1⁶2.
511 1840 540 1860 “
558 1847 652 1907 Τις
682 1865 785 1897 ουν
824 1865 852 1896 ο
895 1846 1251 1946 φυλοκρινῶν
1291 1846 1639 1914 συναγείρων
1679 1862 1738 1895 τε
1779 1841 1870 1895 καὶ
1894 1863 1934 1896 20

261 1922 512 1998 ἀναχέων
552 1927 644 1981 καὶ
685 1924 854 1981 τασδε
893 1949 996 1997 μεν
1039 1921 1183 1982 οὕτω
1215 1924 1534 1982 συντάττων
1576 1930 1654 1991 εἰς
1693 1922 1869 1995 ἥλιον,

260 2007 428 2066 τάσδε
471 2010 532 2065 δὲ
573 2007 705 2081 ῶδὶ,
747 2014 841 2066 ἵνα
883 2010 916 2081 ἡ
961 2007 1164 2081 σελήνη
1203 2011 1455 2081 γένηται,
1507 2011 1599 2065 καὶ
1641 2006 1870 2073 ἑκάστας

262 2095 565 2167 συμφέρων
597 2091 733 2150 κατὰ
763 2092 864 2166 τὴν
895 2092 1200 2166 οἰκειότητα
1233 2092 1366 2167 πρὸς
1399 2091 1631 2150 ἑκάστου
1663 2095 1871 2165 φαῦσιν

260 2177 515 2251 ἀστέρος;
561 2176 690 2235 οὔτε
727 2177 832 2252 γὰρ
883 2183 945 2234 αἱ
982 2174 1203 2250 ἡλιακαὶ
1252 2182 1474 2235 τοσαίδε
1522 2179 1614 2234 καὶ
1662 2181 1873 2234 τοιαίδε

261 2265 353 2318 καὶ
397 2255 511 2319 ῶδέ
545 2285 660 2328 πως
707 2264 1010 2320 ἑνωθεϊσαι
1050 2263 1185 2335 πρὸς
1228 2266 1494 2336 ἐργασίαν
1524 2259 1760 2334 σελήνης
1802 2257 1873 2316 ἂν
1895 2284 1936 2315 25

263 2345 744 2419 καταβεβήκεσαν,
804 2345 933 2402 οὔτε
984 2351 1045 2403 αἱ
1089 2353 1200 2404 τῶν
1260 2349 1604 2419 σεληνιακῶν
1655 2343 1873 2418 ἀτόμων

155 2452 244 2492 (776)
263 2429 563 2487 πλεκτάναι
603 2430 871 2502 γεγόνασί
907 2453 1038 2488 ποτε
1076 2429 1251 2504 ἥλιος·
1301 2429 1422 2488 ἀλλ’
1469 2428 1600 2488 οὐδὲ
1644 2427 1871 2503 ἀρκτοῦ-

263 2539 377 2588 ρος,
413 2520 461 2570 εί
491 2517 582 2570 καὶ
613 2514 859 2587 λαμπρός
905 2518 1046 2589 ἐστι,
1078 2516 1172 2582 τὰς
1211 2515 1501 2588 ἑωσφόρον
1532 2522 1870 2587 μεγαλοφρο-

263 2597 492 2669 νήσαιτό
523 2621 653 2655 ποτε
683 2595 753 2655 ἂν
783 2596 1018 2672 ἀτόμους
1050 2605 1214 2673 ἔχειν,
1246 2598 1380 2657 οὐδὲ
1410 2597 1505 2666 τὰς
1521 2597 1784 2670 Ὠρίωνος
1817 2600 1878 2652 αἱ

264 2681 553 2748 Πλειάδες.
629 2687 806 2749 καλῶς
855 2682 961 2757 γὰρ
1009 2683 1037 2740 ὁ
1080 2690 1303 2749 Παῦλος
1350 2686 1649 2741 διέστειλεν
1700 2678 1873 2739 είπῶν
1896 2705 1936 2736 30

259 2763 444 2839 “ἑέλλη
489 2764 618 2833 δόξα
658 2763 821 2838 ἡλίου
853 2770 944 2823 καὶ
976 2766 1114 2840 ἄλλη
1148 2767 1277 2836 δόξα
1317 2765 1551 2839 σελήνης
1601 2767 1693 2822 καὶ
1734 2763 1870 2836 ἄλλη

268 2850 398 2918 δόξα
457 2847 755 2924 ἀστέρων””
855 2848 1028 2926 ἀστὴρ
1079 2851 1183 2926 γὰρ
1234 2851 1458 2926 ἀστέρος
1511 2852 1762 2924 διαφέρει
1812 2852 1871 2906 ἐν
