2014 3146
306 124 378 175 44
986 125 1231 166 EUSEBII

309 243 529 314 πνεῦμα
567 239 1013 312 καταλεγόντων,
1054 241 1145 296 καὶ
1177 238 1279 312 τήν
1308 264 1371 312 γε
1400 236 1567 313 ἁγίαν
1607 243 1699 298 καὶ
1737 265 1917 314 μακα-

309 333 438 428 ρίαν
477 324 674 398 τριάδα
715 327 914 381 τοῦτον
951 320 1372 396 υποτιθεμένων
1416 318 1514 382 τὸν
1557 323 1787 399 τρόπον,
1840 325 1914 392 ῶς

308 434 378 466 αν
407 412 500 481 τῆς
529 414 714 484 τρίτης
746 406 1034 481 δυνάμεως
1064 425 1249 464 πασαν
1271 406 1721 482 ὑπερβεβηκυίας
1749 434 1915 482 γενη-

267 527 284 549 e
308 493 411 566 τὴν
452 491 653 565 φύσιν,
697 491 873 550 οὖσάν
912 515 971 550 τε
1011 491 1235 566 πρώτην
1263 493 1366 565 μὲν
1395 496 1507 551 τῶν
1539 487 1631 550 δια
1659 500 1757 551 τοῦ
1787 497 1914 551 υἱοῦ

310 581 604 635 συστασῶν
642 580 857 651 νοερῶν
896 575 1131 649 οὐσιῶν,
1172 583 1366 650 τρίτην
1407 578 1464 634 δὲ
1497 575 1604 635 ἀπὸ
1634 582 1732 635 τοῦ
1763 576 1960 652 πρῶ-5

307 685 406 719 του
447 667 657 734 αἰτίου,
712 662 820 719 θέα
857 658 1005 728 ὅπως
1046 663 1139 718 καὶ
1178 657 1207 718 ὁ
1248 659 1489 719 Πλάτων
1527 661 1753 719 τοιαῦτά
1791 686 1916 719 τινα

308 744 534 820 ᾐνίξατο
566 744 658 803 διὰ
687 750 784 818 τῆς
815 743 950 819 πρὸς
981 743 1289 803 Διονύσιον
1321 749 1607 819 ἐπιστολῆς
1638 749 1818 819 λέγων

437 833 498 887 2Ῑ
528 825 854 904 “Φραστεόν
907 828 976 902 δή
1018 849 1106 888 σοι
1150 827 1228 887 δι’
1273 834 1574 903 αἰνιγμῶν,
1626 829 1701 888 ἵν’
1748 828 1820 888 ἅν
1864 854 1916 887 τι

310 916 498 982 δέλτος
527 909 562 987 ἢ
592 912 798 972 πόντου
828 911 862 987 ἢ
893 917 991 988 γῆς
1024 918 1084 972 ἐν
1113 928 1347 987 πτυχαῖς
1378 913 1554 988 πάθη,
1586 913 1615 972 ὁ
1636 912 1917 987 ἀναγνοὺς

308 997 379 1073 μὴ
423 1002 555 1075 γνῷ.
620 991 731 1055 ῶδε
773 996 878 1073 γάρ
922 1006 1059 1071 ἔχει·
1117 1001 1243 1071 περὶ
1284 996 1382 1056 τὸν
1422 998 1649 1057 πάντων
1686 1001 1917 1071 βασιλέα
1938 1021 1980 1053 ιο

309 1081 471 1140 πάντ’
510 1085 652 1155 ἐστὶ,
690 1086 783 1140 καὶ
815 1087 1031 1140 ἐκείνου
1062 1086 1226 1141 ἕνεκα
1256 1081 1461 1156 πάντα,
1494 1086 1587 1140 καὶ
1619 1086 1798 1141 ἐκεῖνο
1828 1091 1918 1140 αἴ-

308 1191 428 1225 τιον
467 1164 734 1225 ἁπάντων
775 1153 986 1225 καλῶν
1042 1167 1320 1270 δεύτερονῗ
1339 1169 1399 1224 δὲ
1430 1169 1557 1243 περὶ
1587 1192 1653 1225 τα
1685 1166 1916 1242 δεύτερα

261 1273 284 1306 d
308 1255 401 1309 καὶ
439 1258 629 1323 τρίτον
669 1254 796 1325 περὶ
834 1276 900 1308 τα
938 1257 1108 1325 τρίτα.
1178 1250 1212 1324 ἡ
1253 1252 1356 1308 οὐν
1395 1249 1727 1326 ἀνθρωπίνη
1768 1250 1917 1325 ψυχὴ

308 1338 435 1409 περὶ
460 1332 599 1393 αὐτα
626 1332 875 1410 ὀρέγεται
907 1346 1113 1409 μαθεῖν
1143 1350 1275 1394 ποῖα
1304 1334 1438 1393 άττα
1469 1339 1602 1408 ἐστὶ,
1634 1339 1918 1408 βλέπουσα

310 1426 390 1487 εἰς
420 1444 487 1477 τα
517 1417 686 1493 αὐτῆς
717 1423 976 1492 συγγενῆ.
987 1416 1018 1439 ”
1938 1440 1981 1473 15

435 1508 484 1561 3.
527 1507 713 1563 Ταῦτα
743 1509 801 1561 οι
824 1502 922 1561 τὸν
952 1503 1228 1561 Πλάτωνα
1261 1509 1559 1576 διασαφεῖν
1585 1501 1918 1576 πειρώμενοι

311 1591 400 1645 ἐπὶ
429 1586 526 1645 τὸν
557 1591 777 1660 πρῶτον
807 1586 945 1645 θεὸν
975 1585 1282 1660 ἀνάγουσιν
1293 1632 1308 1659 ,
1352 1590 1446 1644 ἐπί
1471 1612 1530 1645 τε
1559 1586 1620 1644 τὸ
1654 1586 1918 1662 δεύτερον

307 1682 484 1730 αἴτιον
515 1674 606 1728 καὶ
636 1678 822 1744 τρίτον
851 1671 953 1744 τὴν
982 1675 1082 1729 τοῦ
1111 1670 1319 1745 κόσμου
1361 1670 1575 1744 ψυχὴν,
1620 1671 1758 1729 θεὸν
1797 1678 1917 1744 τρί-

308 1780 406 1813 τον
436 1758 528 1813 καὶ
560 1754 735 1828 αὐτὴν
765 1755 1069 1830 ὁριζόμενοι
1101 1756 1270 1814 εἶναι·
1317 1761 1375 1813 οἱ
1404 1758 1469 1812 δέ
1493 1779 1556 1828 γε
1584 1766 1732 1814 θεῖοι
1763 1754 1916 1828 λόγοι

307 1838 410 1912 τὴν
449 1839 615 1912 ἁγίαν
655 1843 748 1897 καὶ
797 1846 1076 1914 μακαρίαν
1119 1840 1345 1913 τριάδα,
1395 1840 1599 1913 πατρὸς
1647 1843 1739 1897 καὶ
1788 1842 1918 1896 υἱοῦ
1937 1863 1979 1895 20

311 1926 404 1981 καὶ
442 1923 605 1997 ἁγίου
645 1923 984 1998 πνεύματος,
1027 1929 1087 1982 ἐν
1118 1923 1288 1999 ἀρχῆς
1316 1923 1464 2003 λόγῳ
1495 1923 1749 1982 τάττουσι
1779 1923 1917 1980 κατὰ

307 2008 374 2066 τὰ
403 2007 802 2082 ἀποδεδομένα.

422 2091 647 2151 ’Ἐπεται
675 2092 887 2159 τούτοις
917 2090 1019 2165 τὴν
1049 2095 1148 2150 τοῦ
1177 2089 1400 2164 άγαθοῦ
1429 2090 1675 2160 ἐξετάσαι
1698 2090 1912 2149 οὐσίαν.

197 2206 287 2249 (542)
435 2189 560 2238 XXI.
597 2181 705 2250 Τῆς
735 2174 869 2250 παρ’
894 2175 1168 2250 Ἑβραίοις
1198 2182 1358 2242 θείας
1389 2180 1605 2250 γραφῆς
1630 2174 1915 2250 διαφόρως

308 2261 410 2332 τὴν
448 2265 545 2318 τοῦ
585 2260 807 2334 ἀγαθοῦ
845 2259 1044 2318 οὐσίαν
1083 2263 1175 2318 καὶ
1212 2258 1346 2318 αὐτὸ
1387 2259 1448 2318 τὸ
1489 2258 1708 2332 ἀγαθὸν
1746 2258 1914 2317 οὐδὲν
1937 2281 1978 2314 25

308 2343 444 2401 ἄλλο
485 2345 627 2402 εἶναι
667 2343 700 2417 ἢ
743 2344 883 2402 θεὸν
933 2344 1333 2418 διδασκούσης,
1385 2341 1461 2402 δι’
1507 2337 1586 2402 ῶν
1633 2347 1696 2402 τέ
1741 2362 1916 2418 φησιν

300 2423 550 2500 (ὀίγαθὸς
581 2427 768 2502 κύριος
800 2431 933 2484 πᾶσι
960 2442 1073 2494 τοῖς
1095 2429 1475 2501 ὑπομένουσιν
1499 2427 1695 2486 αὐτόν·
1743 2432 1914 2502 ψυχῇ,

308 2510 343 2583 ἢ
387 2510 663 2584 ἐκζητήσει
705 2508 903 2568 αὐτόν·
916 2508 942 2530 ”
1003 2515 1094 2568 καὶ
1126 2509 1586 2585 “ε’ξομολογεῖσθε
1623 2515 1701 2568 τῶ
1739 2517 1916 2587 κυρίῳ

309 2592 392 2653 ότι
422 2592 661 2668 αγαθὸς,
701 2593 785 2652 ότι
817 2601 893 2661 εἰς
924 2592 1020 2651 τὸν
1051 2600 1228 2652 αἰῶνα
1257 2594 1317 2652 τὸ
1348 2603 1497 2662 ἐλεος
1528 2591 1731 2652 αὐτοῦ
1741 2591 1771 2612 ”
1835 2591 1910 2650 δι’

311 2672 390 2736 ῶν
429 2703 488 2736 τε
526 2675 555 2735 ὁ
596 2678 862 2752 σωτήριος
902 2677 1060 2750 λόγος
1100 2678 1237 2751 πρὸς
1275 2678 1371 2736 τὸν
1410 2681 1536 2753 περὶ
1576 2679 1741 2735 τοῦδε
1792 2677 1913 2751 ε’ρό-
1934 2700 1977 2732 30

421 2875 447 2914 8
480 2872 717 2925 Φραστέον
740 2870 814 2925 —]
850 2873 983 2913 Plato
1015 2872 1166 2925 Epist.
1199 2873 1240 2911 2.
1273 2885 1315 2924 p.
1348 2873 1428 2912 312
1444 2871 1484 2914 d.
