2014 3146
656 127 868 170 PRAEP.
901 126 1122 168 EVANG.
1154 126 1232 167 XI.
1267 128 1334 169 18.
1736 124 1805 178 39

200 244 431 318 ρόντως,
485 249 664 301 οἰκεία
715 242 748 316 ἡ
803 241 1075 317 πρόσοδος
1121 238 1259 315 αῦτη
1302 255 1566 314 γεγονυῖα
1607 238 1677 300 ἂν
1719 251 1844 344 εἰήο

200 333 297 388 τοῦ
335 327 528 402 λόγου·
591 335 642 386 εἰ
685 329 746 385 δὲ
787 330 914 400 περὶ
951 331 1051 385 τοῦ
1093 331 1432 401 δημιουργοῦ
1471 325 1546 400 μή
1588 330 1737 385 ἐστιν
1775 324 1804 384 ὁ

198 415 386 487 λόγος,
429 417 696 487 ζητοῦμεν
729 414 789 469 δὲ
819 414 946 486 περὶ
975 415 1075 468 τοῦ
1104 410 1346 484 πρώτου,
1377 409 1724 485 ἆφοσιουμαί
1746 436 1807 470 τε

196 499 262 557 τὰ
312 500 581 571 λεχθέντα
627 500 719 555 καὶ
759 503 896 554 ἔστω
936 521 1039 570 μεν
1079 500 1263 554 ἐκεῖνα
1305 494 1542 571 ἄρρητα,
1593 500 1805 571 μέτειμι

156 602 180 635 5
201 585 263 642 δε
295 586 443 641 ἑλεῖν
473 582 569 639 τὸν
600 582 785 654 λόγον,
819 582 1096 654 ἑτέρωθεν
1125 580 1393 654 θηράσας.
1455 586 1503 638 8.
1538 581 1642 654 πρὸ
1673 583 1808 655 μέν-

199 693 280 726 τοι
329 670 430 725 τοῦ
469 666 637 738 λόγου
674 672 770 739 τῆς
808 664 1064 730 ἁλώσεως
1108 663 1634 738 διομολογησώμεθα
1673 662 1807 739 ἡμῖν

201 750 386 818 αῦτοῖς
415 747 713 824 ὁμολογίαν
743 747 844 806 οῦκ
884 747 1371 822 ἀμφισβητήσιμον
1408 747 1668 822 ἀκοῦσαι,
1710 749 1807 807 τὸν

198 838 301 910 μὲν
339 839 559 908 πρῶτον
598 833 736 892 θεὸν
765 831 938 906 ἀργὸν
969 832 1113 890 εἶναι
1143 840 1323 906 ἔργων
1353 832 1685 906 ξυμπάντων
1715 837 1808 891 καὶ

202 922 456 994 βασιλέα,
507 918 604 976 τὸν
644 915 1039 991 δημιουργικὸν
1083 917 1144 973 δὲ
1192 917 1331 975 θεὸν
1378 914 1674 991 ἡγεμονεῖν
1729 917 1802 975 δι’

137 1021 180 1053 10
202 1004 446 1080 οὐρανοῦ
485 1002 653 1061 ἰόντα.
745 1007 792 1060 9.
830 999 921 1058 διὰ
952 1002 1013 1058 δὲ
1042 1000 1243 1058 τούτου
1274 1004 1365 1058 καὶ
1395 998 1423 1058 ὁ
1454 1001 1645 1068 στόλος
1676 1001 1809 1076 ἡμῖν

203 1093 335 1162 ἐστι,
366 1087 512 1146 κάτω
543 1091 644 1145 τοῦ
675 1089 779 1144 νοῦ
808 1087 1164 1160 πεμπομένου
1196 1090 1257 1143 έν
1286 1085 1514 1163 διεξόδῳ
1539 1090 1672 1144 πᾶσι
1696 1101 1810 1154 τοῖς

202 1177 537 1246 κοινωνῆσαι
567 1172 1040 1244 συντεταγμένοις.
1120 1175 1199 1228 10.
1245 1173 1544 1243 βλέποντος
1574 1173 1676 1245 μὲν
1707 1164 1810 1229 οῦν
1837 1186 1860 1218 d

202 1261 294 1316 καὶ
347 1259 794 1330 ἐπεστραμμένου
846 1253 983 1330 πρὸς
1034 1250 1192 1328 ἡμῶν
1242 1259 1475 1313 ἕκαστον
1521 1262 1619 1313 τοῦ
1671 1259 1815 1314 θεοῦ

203 1347 500 1416 συμβαίνει
540 1344 635 1413 ζῆν
675 1365 734 1398 τε
773 1342 865 1396 καὶ
906 1337 1251 1412 βιώσκεσθαι
1289 1339 1411 1397 τότε
1449 1338 1516 1396 τοὶ
1565 1339 1810 1414 σώματα,

139 1445 180 1477 15
205 1425 538 1500 κηδεύοντος
568 1428 667 1482 τοῦ
694 1428 834 1481 θεοῦ
864 1437 977 1490 τοῖς
1008 1421 1455 1498 ἀκροβολισμοῖς·
1516 1427 1815 1497 μεταστρέ-

203 1535 404 1585 φοντος
437 1511 499 1567 δὲ
531 1515 608 1575 εἰς
637 1508 741 1581 τὴν
778 1510 979 1565 ἑαυτοῦ
1009 1506 1298 1581 περιωπήν
1336 1512 1437 1565 τοῦ
1470 1515 1610 1566 θεοῦ
1639 1515 1814 1566 ταῦτα

204 1597 308 1670 μὲν
336 1591 825 1667 ἀποσβέννυσθαι,
864 1592 961 1650 τὸν
994 1593 1055 1649 δὲ
1085 1596 1225 1650 νοῦν
1266 1599 1361 1665 ζῆν
1403 1599 1530 1666 βίου
1574 1592 1815 1666 ἐπαυρό-

203 1704 375 1754 μενον
406 1676 779 1752 εῦδαίμονος.”

335 1768 415 1820 11.
466 1767 652 1822 Ταῦτα
690 1764 792 1836 μὲν
827 1760 856 1819 ὁ
888 1759 1223 1836 Νουμήνιος.
1275 1762 1346 1819 σὺ
1378 1763 1442 1819 δέ
1469 1785 1532 1834 γε
1563 1760 1815 1834 παράθες

139 1864 184 1897 20
207 1845 394 1914 αὐτοῖς
445 1846 511 1904 τὰ
561 1844 668 1904 ἀπὸ
719 1851 813 1921 τῆς
863 1848 964 1903 τοῦ
1014 1849 1206 1919 Δαβὶδ
1256 1853 1594 1921 προφητείας
1645 1845 1815 1902 πάλαι

205 1930 337 2006 παρ’
374 1928 646 2006 Ἑβραίοις
677 1938 878 1989 τοῦτον
908 1928 1160 2006 ᾀδόμενα
1183 1931 1280 1988 τὸν
1309 1930 1515 2006 τρόπον
1545 1927 1658 1996 “c-59
1691 1934 1815 2004 έμε-

206 2015 463 2090 γαλύνθη
502 2016 568 2074 τὰ
598 2023 731 2090 ἔργα
761 2035 883 2086 σου,
915 2015 1094 2089 κύριε·
1157 2014 1337 2073 πάντα
1369 2020 1429 2073 έν
1460 2022 1631 2090 σοφία
1665 2017 1818 2072 ἐποί-

206 2120 360 2174 ησας.
409 2099 706 2174 ἐπληρώθη
746 2099 780 2173 ἡ
810 2103 882 2172 γῆ
909 2105 1006 2172 τῆς
1035 2099 1262 2166 κτίσεως
1294 2116 1420 2157 σου·
1469 2098 1649 2156 πάντα
1679 2097 1814 2171 πρός
1832 2124 1927 2165 (538)

210 2205 272 2243 σε
311 2188 690 2260 προσδοκῶσι,
743 2187 938 2241 δοῦναι
976 2183 1076 2256 τὴν
1114 2184 1330 2257 τροφὴν
1370 2180 1560 2248 αὐτοῖς
1602 2188 1678 2248 εἰς
1721 2181 1816 2238 εῦ-
1855 2198 1857 2200 ’

143 2284 186 2317 25
210 2294 419 2344 καιρον.
483 2268 676 2334 δόντος
707 2287 808 2325 σου
839 2266 1028 2333 αὐτοῖς
1060 2270 1452 2338 συλλέξουσιν,
1497 2266 1816 2334 ἀνοίξαντος

212 2355 278 2409 δέ
314 2370 416 2410 σου
456 2353 559 2423 τὴν
599 2366 754 2424 χεῖρα
793 2349 859 2406 τὰ
900 2350 1080 2408 πάντα
1118 2350 1543 2424 πληρωθήσεται
1584 2350 1818 2424 χρηστό-

209 2460 383 2509 τητος.
429 2434 876 2509 ἀποστρέψαντος
909 2436 973 2492 δέ
999 2453 1102 2492 σου
1130 2435 1190 2492 τὸ
1214 2434 1513 2507 πρόσωπον
1534 2433 1819 2509 ταραχθή-

212 2539 421 2577 σονται.
495 2517 814 2584 ἄντανελεῑς
857 2518 917 2576 τὸ
964 2523 1181 2591 πνεῦμα
1233 2518 1444 2591 αὐτῶν,
1498 2521 1589 2576 καὶ
1643 2523 1820 2575 ἐκλεί-

211 2620 383 2673 ψουσι
423 2606 514 2660 καὶ
555 2610 632 2670 εἰς
672 2603 768 2660 τὸν
809 2607 946 2675 χοῦν
975 2599 1160 2661 αῦτῶν
1191 2607 1632 2677 έπιστρέψουσιν.
1697 2606 1818 2670 ἐξα-

147 2712 192 2744 30
215 2697 498 2754 ποστελεῖς
545 2687 605 2745 τὸ
657 2685 877 2760 πνεῦμά
925 2706 1056 2761 σου,
1109 2691 1200 2745 καὶ
1251 2687 1671 2761 κτισθήσονται,
1726 2689 1818 2743 καὶ

215 2770 555 2839 οἷνακαινιεῖς
609 2772 669 2829 τὸ
722 2770 1020 2846 πρόσωπον
1070 2776 1164 2845 τῆς
1215 2771 1369 2845 γῆς.”
1476 2777 1555 2829 12.
1611 2778 1666 2827 τί
1713 2769 1818 2842 γὰρ

216 2860 388 2914 ταῦτα
434 2859 688 2931 διαφέροι
737 2853 806 2911 ἂν
852 2859 947 2928 τῆς
995 2855 1314 2928 φασκούσης
1363 2863 1459 2913 τοῦ
1509 2853 1819 2928 φιλοσόφου
