2014 3146
597 140 811 183 PRAEP.
833 140 1054 183 EVANG.
1088 141 1214 183 XIII.
1248 144 1312 182 12.
1661 141 1758 192 191

151 255 282 329 ὅλης
321 261 656 329 νομοθεσίας
698 254 1044 328 ἐπεξήγησις,
1089 255 1160 323 ὡς
1211 254 1447 330 εὔδηλον
1493 257 1635 315 εἶναι
1665 258 1762 315 τὸν

153 341 553 415 προειρημένον
593 338 903 413 φιλόσοφον
956 342 1241 414 εἰληφέναι
1293 339 1492 399 πολλά·
1567 343 1761 415 γέγονε

151 424 256 499 γὰρ
295 423 654 498 πολυμαθὴς,
696 423 884 491 καθώς
926 428 1018 482 καὶ
1059 425 1400 500 Πυθαγόρας
1443 427 1617 484 πολλὰ
1647 432 1760 484 τῶν

151 508 281 583 παρ’
317 508 450 582 ἡμῖν
480 511 808 582 μετενέγκας
842 516 918 577 εἰς
948 508 1050 581 τὴν
1082 513 1282 567 ἑαυτοῦ
1331 516 1760 584 δογματοποιιάν
1785 535 1807 567 b

106 592 533 667 5κατεχώρισεν.
624 599 673 649 2.
734 593 767 666 ἡ
810 592 859 650 δ’
921 592 1021 666 ὅλη
1075 597 1334 668 ἑρμηνεία
1376 599 1487 652 τῶν
1531 594 1622 652 διὰ
1661 601 1758 654 τοῦ

148 676 323 752 νόμου
364 677 590 735 πάντων
635 681 723 736 ἐπὶ
762 680 862 735 τοῦ
902 682 1450 753 προσαγορευθέντος
1493 682 1759 738 Φιλαδέλ-

149 786 261 836 φου
303 765 602 836 βασιλέως,
649 769 750 821 σοῦ
789 763 852 819 δὲ
892 761 1201 835 προγόνου,
1243 767 1758 837 προσενεγκαμένου

148 855 368 921 μείζονα
398 853 735 920 φιλοτιμίαν,
767 853 1093 919 Δημητρίου
1123 852 1220 904 τοῦ
1254 850 1551 922 Φαληρέως
1582 871 1760 923 πραγ-

147 933 563 1026 μαὶευσαμένου
594 932 659 987 τὰ
690 933 816 1003 περὶ
846 929 1091 987 τούτων.’

84 1042 125 1072 10
275 1021 320 1073 3.
370 1025 508 1073 Είτα
537 1014 739 1089 μεταξύ
768 1040 892 1072 τινα
925 1013 1101 1073 είπων
1132 1019 1381 1090 ἐπιφέρει
1412 1019 1590 1089 λέγων

269 1110 417 1172 “Aa
452 1113 556 1188 γὰρ
598 1112 903 1187 λαμβανειν
934 1115 1035 1186 τὴν
1065 1120 1232 1172 θείαν
1261 1115 1459 1187 φωνὴν
1490 1140 1556 1172 ου
1589 1115 1757 1190 ρητὸν

79 1248 81 1250 ,
147 1197 342 1270 λόγον,
384 1197 504 1255 ἀλλ’
552 1204 731 1272 ἔργων
762 1198 1131 1271 κατασκευὰς,
1174 1199 1363 1266 καθὼς
1403 1203 1495 1256 καὶ
1540 1198 1631 1257 διὰ
1661 1205 1756 1273 τῆς

146 1289 482 1357 νομοθεσίας
519 1279 654 1356 ἡμῖν
684 1281 819 1356 ὅλην
857 1282 959 1355 τὴν
998 1286 1219 1356 γένεσιν
1248 1288 1347 1340 τοῦ
1377 1283 1586 1357 κόσμου
1617 1289 1758 1342 θεοῦ

147 1367 345 1440 λόγους
388 1377 608 1440 εἴρηκεν
647 1366 675 1424 ὁ
717 1371 943 1440 Μωσῆς.
1021 1371 1267 1440 συνεχως
1306 1367 1411 1440 γάρ
1454 1387 1628 1442 φησιν
1660 1368 1748 1442 ἐφ’

84 1476 124 1509 15
147 1451 381 1510 ἑκάστου
422 1451 552 1509 “nal
595 1452 749 1509 εἶπεν
788 1451 816 1508 ὁ
862 1451 1022 1525 θεὸς,
1063 1455 1155 1509 καὶ
1198 1451 1467 1523 ἐγένετο.”
1560 1457 1607 1510 4.
1660 1458 1736 1511 δο

145 1539 305 1594 κοῦσι
338 1539 403 1593 δέ
427 1561 519 1610 μοι
551 1538 1028 1611 περιειργασμένοι
1067 1535 1246 1593 πάντα
1277 1540 1758 1611 κατηκολουθηκέ-

146 1646 238 1679 ναι
267 1620 443 1698 τούτῳ
475 1620 817 1696 Πυθαγόρας
847 1645 906 1678 τε
936 1624 1028 1678 καὶ
1052 1619 1355 1695 Σωκράτης
1381 1624 1472 1678 καὶ
1497 1621 1754 1694 Πλάτων,

146 1708 396 1778 λέγοντες
439 1704 666 1763 ἀκούειν
706 1711 898 1778 φωνῆς
927 1708 1098 1777 θεοῦ,
1130 1704 1232 1777 τὴν
1262 1705 1614 1778 κατασκευὴν
1643 1712 1756 1763 τῶν

143 1790 290 1847 ὅλων
331 1794 786 1863 συνθεωροῦντες
830 1787 1070 1863 ἀκριβῶς
1119 1788 1228 1847 ὑπὸ
1269 1795 1409 1848 θεοῦ
1456 1805 1755 1863 γεγονυῖαν

81 1898 122 1929 20
145 1877 238 1931 καὶ
278 1878 653 1948 συνεχομένην
704 1873 1086 1941 ἀδιαλείπτως.
1179 1880 1256 1931 ε”τι
1299 1876 1359 1932 δὲ
1399 1877 1489 1932 καὶ
1522 1873 1755 1950 Ὀρφεὺς

146 1963 206 2016 ἐν
237 1957 500 2033 ποιήμασι
531 1963 643 2017 τῶν
673 1958 809 2016 κατὰ
838 1957 935 2016 τὸν
968 1957 1116 2034 ἱερὸν
1148 1958 1313 2031 λόγον
1347 1958 1496 2036 αὐτῷ
1528 1962 1755 2033 λεγομέ-

144 2068 260 2101 νων
298 2041 471 2109 οῧτως
516 2047 790 2101 ἐκτίθεται
842 2045 967 2117 περὶ
1019 2046 1118 2100 τοῦ
1159 2049 1581 2117 διακρατεῖσθαι
1622 2050 1754 2119 θεία

146 2126 379 2200 δυνάμει
409 2127 474 2184 τὰ
497 2127 677 2185 πάντα
710 2130 803 2184 καὶ
833 2126 1036 2199 γενητοὶ
1058 2123 1347 2200 ὑπάρχειν,
1383 2129 1474 2183 καὶ
1501 2130 1588 2184 ἐπὶ
1613 2126 1754 2186 πάν-

144 2234 257 2268 των
289 2211 430 2268 εἶναι
458 2211 555 2269 τὸν
584 2211 736 2268 θεόν.
806 2214 954 2282 λέγει
986 2208 1038 2266 δ’
1073 2234 1246 2276 ουτως

83 2336 127 2368 25
145 2317 195 2370 5.
217 2317 495 2398 φθέγξομαι
521 2314 595 2376 οἷς
621 2317 766 2379 θέμις
794 2316 910 2374 ἐστὶ,
939 2314 1100 2382 θυρας
1127 2310 1171 2365 δ’
1204 2316 1441 2367 ἐπίθεσθε
1467 2317 1687 2384 βέβηλοι,
1778 2340 1800 2370 (ι

217 2384 484 2453 φεύγοντες
511 2389 717 2437 δικαίων
744 2382 973 2468 θεσμοὺς,
1001 2389 1160 2436 θείοιο
1188 2387 1415 2447 τεθέντος
1778 2395 1863 2436 [389]

216 2460 334 2507 πᾶσι
363 2452 642 2521 νόμου·σύ
670 2450 714 2506 δ’
745 2452 914 2520 ἄκουε,
942 2455 1233 2522 φαεσφόρου
1260 2458 1431 2541 ἔκγονε
1460 2455 1647 2523 Μήνης

218 2524 440 2578 Μουσαῑ
459 2545 468 2555 ·
508 2527 676 2594 ἐξερέω
701 2522 792 2593 γὰρ
819 2524 1031 2618 ἀληθέα,
1071 2528 1204 2610 μηδέ
1217 2543 1267 2578 σε
1294 2548 1352 2578 τα
1378 2528 1498 2591 πρὶν

217 2597 270 2648 ἐν
295 2597 531 2662 στηθεσσι
559 2597 775 2661 φανέντα
802 2599 948 2663 φίλης
974 2599 1153 2659 αἰῶνος
1179 2591 1383 2668 αμέρσῃ,

217 2669 283 2727 εἰς
310 2667 362 2718 δὲ
387 2666 534 2733 λόγον
558 2674 703 2717 θεῖον
729 2667 917 2750 βλέψας
943 2666 1099 2734 τούτῳ
1111 2651 1436 2756 πρρσέδρευε,

82 2756 124 2788 30
217 2734 410 2788 ἰθύνων
437 2740 639 2802 κραδίης
664 2756 840 2819 νοερον
866 2736 1035 2800 κύτος·
1076 2736 1130 2790 εῦ
1159 2732 1201 2788 δ’
1235 2738 1456 2821 ἐπίβαινε

215 2805 506 2891 ἆτραπιτοῦ,
534 2813 726 2893 μοῦνον
747 2801 791 2858 δ’
824 2805 969 2873 ἐσόρα
994 2809 1198 2875 κόσμοιο
1224 2803 1457 2873 τυπωτὴν

213 2872 484 2928 ἆθανατον.
549 2874 757 2939 παλαιὸς
785 2879 836 2930 δὲ
860 2877 1001 2945 λόγος
1026 2880 1138 2948 περὶ
1163 2881 1305 2930 τοῦδε
1332 2880 1545 2942 φαείνει,
1771 2896 1859 2938 (665)
