2014 3146
613 65 824 106 PRAEP.
856 65 1075 107 EVANG.
1115 65 1246 106 x111.
1281 67 1346 109 13.
1680 63 1785 116 209

171 179 357 248 ουδεὶς
389 183 659 254 ἐκμαθεῖν
690 183 743 248 ἐξ
776 179 986 248 εἰκόνος
1019 178 1266 238 δύναται.
1327 179 1394 238 τὰ
1418 178 1521 238 δε
1501 178 1662 253 όμοια
1686 183 1781 237 καὶ
1807 213 1823 234 e

171 268 443 339 ,Ξενοφων
473 261 502 323 5
526 263 822 338 Ἀθηναῖος
846 264 984 323 κατα
1007 267 1156 334 λέξιν
1178 267 1324 338 λέγει
1348 260 1413 322 “ὁ
1444 266 1584 338 γοῦν
1605 265 1786 323 πάντα

174 357 346 409 σείων
376 351 467 407 καὶ
498 347 830 425 ἆτρεμίζων,
873 349 946 419 ὡς
975 350 1078 424 μὲν
1107 351 1274 423 μέγας
1303 374 1384 416 τις
1414 351 1506 407 καὶ
1550 349 1785 416 δυνατὸς

172 434 444 510 φανερὸς,
498 431 686 502 ὁποῖος
718 433 774 492 δ’
822 437 937 492 ἐστὶ
966 434 1189 509 μορφὴν
1218 432 1451 508 ἀφανής.
1512 431 1644 492 οὐδὲ
1673 434 1786 509 μὴν

128 539 150 572 5
172 518 202 577 5
232 517 496 594 παμφαὴς
529 525 711 578 δοκῶν
742 520 885 577 εἶναι
907 517 1076 593 ἥλιος,
1109 516 1235 577 οὐδ’
1262 511 1420 586 οὗτος
1445 525 1623 577 ἔοικεν
1644 515 1785 595 ὁρᾶν

172 603 344 662 αὑτὸν
386 606 728 679 ἐπιτρέπειν,
786 602 905 661 ἀλλ’
950 602 1020 676 ἥν
1060 628 1140 671 τις
1171 602 1414 671 ἀναιδῶς
1445 601 1615 662 αὐτὸν
1645 603 1785 662 θεά-

172 706 360 762 σηται,
392 688 495 761 τὴν
525 687 658 756 ὄψιν
687 687 1020 762 ἀφαιρεῖται.
1029 685 1062 707 ”

315 798 386 858 τίς
410 793 504 863 γὰρ
531 790 650 864 σαρξ
678 793 884 846 δύναται
908 789 993 846 τὸν
1020 792 1317 880 ἐπουρανιον
1343 816 1422 845 και
1450 792 1619 861 αληθῆ
1788 825 1826 840 s

315 861 656 950 ὀφθαλμοῖσιν
681 868 805 916 ἰδεῖν
829 859 952 916 θεὸν
978 863 1250 933 α’μβροτον,
1277 886 1343 927 ος
1355 865 1511 916 πόλον
1537 867 1687 926 οἰκεῖ,·

109 963 150 994 10
273 944 278 949 “
316 931 426 987 ἀλλ’
457 930 568 987 οὐδ’
600 931 814 988 ἆκτίνων
840 930 950 987 κατ’
981 936 1204 986 ἐναντίον
1228 930 1410 1002 ἠελίοιο
1807 947 1829 979 <1

315 1003 576 1076 ανθρωποι
603 1010 778 1072 στῆναι
805 1007 1033 1071 δυνατοὶ
1062 1007 1241 1072 θνητοὶ
1267 1011 1528 1074 γεγαῶτες,

171 1124 439 1186 προεῖπεν
456 1107 586 1212 ῗῌὴ
536 1116 807 1182 Σίβυλλα.

299 1201 383 1253 36.
419 1197 481 1252 εὐ
510 1199 648 1267 γοῦν
694 1197 787 1252 καὶ
817 1193 1140 1268 Ξενοφανης
1171 1191 1199 1252 5
1230 1193 1590 1269 Κολοφωνιος
1624 1194 1784 1252 διδα-

172 1299 324 1339 σκων
353 1279 436 1338 ότι
469 1278 545 1346 εἷς
577 1282 675 1337 καὶ
699 1278 986 1353 ἀσώματος
1015 1278 1044 1336 5
1075 1279 1207 1346 θεὸς
1242 1282 1488 1353 ἐπιφέρει

110 1411 150 1442 15
318 1385 387 1449 εἷς
412 1382 529 1448 θεὸς
557 1388 608 1438 ἐν
634 1407 682 1438 τε
708 1393 870 1437 θεοῖσι
897 1387 980 1437 καὶ
1010 1381 1323 1470 ἀνθρώποισι
1349 1387 1591 1453 μέγιστος.

314 1455 374 1510 οὔ
399 1479 444 1509 τι
471 1458 618 1523 δέμας
642 1464 903 1524 θνητοῖσιν
928 1453 1142 1523 ὁμοίιος,
1172 1451 1286 1508 οὐδὲ
1312 1458 1488 1523 νόημα.
1799 1470 1891 1509 (⁴³79)

171 1564 264 1620 καὶ
295 1560 464 1619 παλιν

314 1701 453 1706 ——
483 1662 592 1718 ἀλλ’
622 1670 670 1718 οἱ
691 1668 859 1755 βροτοὶ
886 1670 1088 1719 δοκοῦσι
1112 1673 1388 1735 γεννᾶσθαι
1415 1662 1578 1731 θεους,

311 1734 402 1805 τὴν
428 1739 665 1806 σφετέρην
692 1735 737 1789 δ’
770 1738 955 1804 ἐσθῆτα
981 1739 1107 1804 ε’χειν
1134 1737 1311 1805 φωνήν
1335 1759 1384 1789 τε
1412 1739 1560 1804 δέμας
1586 1758 1648 1789 τε.

107 1873 149 1905 20
171 1845 264 1901 καὶ
295 1842 463 1901 παλιν

312 1982 452 1989 ——
478 1944 583 1999 ἀλλ’
616 1951 658 2000 εἰ
682 1955 840 2016 χεῖρας
866 1950 976 2015 ἔχον
1001 1945 1123 2016 βόες,
1152 1943 1209 2015 ἠὲ
1234 1949 1440 2013 λέοντες,

314 2015 346 2086 ἢ
371 2020 568 2089 γράψαι
594 2022 798 2105 χείρεσσι
824 2021 907 2070 καὶ
933 2021 1052 2087 ε’ργα
1077 2016 1272 2070 τελεῖν
1253 2039 1376 2087 απερ
1402 2018 1600 2086 ἄνδρες,

315 2093 457 2142 ι’πποι
483 2092 572 2156 μέν
597 2088 653 2140 θ
685 2093 900 2154 ι’πποισι,
927 2088 1039 2155 βόες
1065 2091 1119 2141 δέ
1142 2110 1190 2140 τε
1216 2087 1427 2174 βουσὶν
1413 2088 1597 2156 όμοιοι.

315 2164 401 2210 καί
424 2181 477 2211 κε
502 2166 638 2211 θεῶν
664 2162 838 2220 ἰδέας’
820 2162 1062 2227 ε’γραφον,
1091 2160 1174 2210 καὶ
1201 2154 1388 2225 σωματ’
1416 2161 1616 2211 ἐποίουν

107 2251 149 2283 25
314 2229 534 2294 τοιαῦθ’,
563 2227 670 2282 οἷόν
695 2250 784 2298 περ
811 2228 983 2280 καύτοὶ
1010 2231 1156 2295 δέμας
1182 2227 1310 2296 εἶχον
1334 2226 1519 2294 όμοιον.
1809 2250 1827 2281 b

171 2353 255 2405 37.
290 2344 616 2420 ακούσωμεν
647 2340 749 2404 οὖν
779 2345 946 2404 παλιν
975 2352 1325 2421 Βακχυλίδου
1356 2373 1458 2420 μεν
1488 2373 1585 2406 του
1615 2356 1783 2422 μελο-

171 2435 336 2490 ποιοῦ
365 2434 490 2504 περὶ
521 2436 618 2488 τοῦ
649 2437 811 2489 θείου
843 2433 1095 2504 λέγοντος

325 2541 376 2590 οἵ
415 2538 503 2604 μὲν
541 2532 749 2604 ἀδμῆτες
786 2536 1037 2590 ἆεικελίων
1079 2539 1272 2590 νούσων
1308 2539 1398 2590 εἰσὶ
1437 2540 1518 2591 καὶ
1556 2534 1782 2605 ἆναίτιοι,

852 2607 998 2660 οὐδὲν
1025 2606 1312 2677 ἀνθρώποις
1339 2612 1527 2662 εἴκελοι.

107 2734 151 2767 30
175 2711 506 2778 Κλεάνθους
545 2736 604 2769 τε
642 2715 742 2769 τοῦ
781 2717 1034 2770 Στωϊκοῦ
1078 2719 1138 2771 ε”ν
1189 2738 1298 2771 τινι
1346 2713 1605 2788 ποιήματι
1655 2715 1781 2784 περὶ

173 2800 273 2854 τοῦ
300 2802 439 2855 θεοῦ
470 2800 642 2853 ταῦτα
672 2797 1011 2871 γεγραφότος
1043 2795 1210 2855 ἄκουε

258 2905 488 2934 EUSEBIUS
522 2907 575 2933 11.
1494 2891 1558 2942 14
