<?xml version="1.0" encoding="UTF-8"?>
<!DOCTYPE html PUBLIC "-//W3C//DTD XHTML 1.0 Transitional//EN"
    "http://www.w3.org/TR/xhtml1/DTD/xhtml1-transitional.dtd">
<html xmlns="http://www.w3.org/1999/xhtml" xml:lang="en" lang="en">
 <head>
  <title>
</title>
<meta http-equiv="Content-Type" content="text/html;charset=utf-8" />
  <meta name='ocr-system' content='tesseract 3.04.00' />
  <meta name='ocr-capabilities' content='ocr_page ocr_carea ocr_par ocr_line ocrx_word'/>
</head>
<body>
  <div class='ocr_page' id='page_1' title='image "./operaeusebius02euseuoft_0302.png"; bbox 0 0 2014 3146; ppageno 0'>
   <div class='ocr_carea' id='block_1_1' title="bbox 230 129 1146 184">
    <p class='ocr_par' dir='ltr' id='par_1_1' title="bbox 230 129 1146 184">
     <span class='ocr_line' id='line_1_1' title="bbox 230 129 1146 184; baseline -0.001 -12"><span class='ocrx_word' id='word_1_1' title='bbox 230 131 334 184; x_wconf 74' lang='lat'><em>298</em></span> <span class='ocrx_word' id='word_1_2' title='bbox 896 129 1146 172; x_wconf 81' lang='lat' dir='ltr'>EUSEBII</span> 
     </span>
    </p>
   </div>
   <div class='ocr_carea' id='block_1_2' title="bbox 118 244 1845 1838">
    <p class='ocr_par' dir='ltr' id='par_1_2' title="bbox 363 244 1841 320">
     <span class='ocr_line' id='line_1_2' title="bbox 363 244 1841 320; baseline 0.001 -17"><span class='ocrx_word' id='word_1_3' title='bbox 363 253 442 304; x_wconf 86' lang='lat'><em>11.</em></span> <span class='ocrx_word' id='word_1_4' title='bbox 500 252 757 303; x_wconf 80' lang='grc' dir='ltr'><em>Τοιαῦται</em></span> <span class='ocrx_word' id='word_1_5' title='bbox 796 245 899 318; x_wconf 75' lang='grc' dir='ltr'><em>μὲν</em></span> <span class='ocrx_word' id='word_1_6' title='bbox 939 245 1007 318; x_wconf 84' lang='grc' dir='ltr'><em>δὴ</em></span> <span class='ocrx_word' id='word_1_7' title='bbox 1046 249 1158 302; x_wconf 87' lang='grc' dir='ltr'><em>τῶν</em></span> <span class='ocrx_word' id='word_1_8' title='bbox 1209 250 1465 318; x_wconf 79' lang='grc' dir='ltr'><em>φυσικῶν</em></span> <span class='ocrx_word' id='word_1_9' title='bbox 1516 244 1841 320; x_wconf 88' lang='grc' dir='ltr'><em>φιλοσόφων</em></span> 
     </span>
    </p>

    <p class='ocr_par' dir='ltr' id='par_1_3' title="bbox 118 328 1845 1838">
     <span class='ocr_line' id='line_1_3' title="bbox 185 328 1840 404; baseline -0.001 -15"><span class='ocrx_word' id='word_1_10' title='bbox 185 361 203 383; x_wconf 80' lang='lat' dir='ltr'><strong>c</strong></span> <span class='ocrx_word' id='word_1_11' title='bbox 233 335 325 390; x_wconf 88' lang='grc' dir='ltr'><em>καὶ</em></span> <span class='ocrx_word' id='word_1_12' title='bbox 356 357 412 388; x_wconf 88' lang='grc' dir='ltr'><em>αι</em></span> <span class='ocrx_word' id='word_1_13' title='bbox 443 333 570 404; x_wconf 86' lang='grc' dir='ltr'><em>περὶ</em></span> <span class='ocrx_word' id='word_1_14' title='bbox 614 334 752 388; x_wconf 83' lang='grc' dir='ltr'><em>θεοῦ</em></span> <span class='ocrx_word' id='word_1_15' title='bbox 795 328 1108 397; x_wconf 78' lang='grc' dir='ltr'><em>διαστάσεις</em></span> <span class='ocrx_word' id='word_1_16' title='bbox 1146 354 1204 387; x_wconf 91' lang='grc' dir='ltr'><em>τε</em></span> <span class='ocrx_word' id='word_1_17' title='bbox 1245 331 1336 386; x_wconf 89' lang='grc' dir='ltr'><em>καὶ</em></span> <span class='ocrx_word' id='word_1_18' title='bbox 1379 335 1715 404; x_wconf 78' lang='grc' dir='ltr'><em>δυσφημίαι,</em></span> <span class='ocrx_word' id='word_1_19' title='bbox 1761 332 1840 388; x_wconf 84' lang='grc' dir='ltr'><em>ῶν</em></span> 
     </span>
     <span class='ocr_line' id='line_1_4' title="bbox 232 411 1840 490; baseline -0.001 -17"><span class='ocrx_word' id='word_1_20' title='bbox 232 415 483 490; x_wconf 77' lang='grc' dir='ltr'><strong><em>πρώτους</em></strong></span> <span class='ocrx_word' id='word_1_21' title='bbox 522 411 551 472; x_wconf 84' lang='grc' dir='ltr'>ὁ</span> <span class='ocrx_word' id='word_1_22' title='bbox 593 413 752 487; x_wconf 89' lang='grc' dir='ltr'><em>λόγος</em></span> <span class='ocrx_word' id='word_1_23' title='bbox 794 421 1086 487; x_wconf 87' lang='grc' dir='ltr'><em>συνίστησι</em></span> <span class='ocrx_word' id='word_1_24' title='bbox 1115 412 1242 479; x_wconf 79' lang='grc' dir='ltr'><em>τούς</em></span> <span class='ocrx_word' id='word_1_25' title='bbox 1273 411 1413 487; x_wconf 84' lang='grc' dir='ltr'><em>άμφὶ</em></span> <span class='ocrx_word' id='word_1_26' title='bbox 1445 412 1540 472; x_wconf 83' lang='grc' dir='ltr'><em>τὸν</em></span> <span class='ocrx_word' id='word_1_27' title='bbox 1569 414 1840 487; x_wconf 84' lang='grc' dir='ltr'><em>Πυθαγό-</em></span> 
     </span>
     <span class='ocr_line' id='line_1_5' title="bbox 233 497 1840 574; baseline 0 -17"><span class='ocrx_word' id='word_1_28' title='bbox 233 525 336 574; x_wconf 87' lang='grc' dir='ltr'><em>ραν</em></span> <span class='ocrx_word' id='word_1_29' title='bbox 378 523 437 556; x_wconf 89' lang='grc' dir='ltr'><em>τε</em></span> <span class='ocrx_word' id='word_1_30' title='bbox 478 501 570 556; x_wconf 86' lang='grc' dir='ltr'><em>καὶ</em></span> <span class='ocrx_word' id='word_1_31' title='bbox 603 497 979 574; x_wconf 77' lang='grc' dir='ltr'><em>Ἀναξαγόραν</em></span> <span class='ocrx_word' id='word_1_32' title='bbox 1008 497 1286 555; x_wconf 85' lang='grc' dir='ltr'><em>Πλάτωνά</em></span> <span class='ocrx_word' id='word_1_33' title='bbox 1316 521 1375 555; x_wconf 89' lang='grc' dir='ltr'><em>τε</em></span> <span class='ocrx_word' id='word_1_34' title='bbox 1410 501 1502 555; x_wconf 86' lang='grc' dir='ltr'><em>καὶ</em></span> <span class='ocrx_word' id='word_1_35' title='bbox 1533 499 1840 573; x_wconf 83' lang='grc' dir='ltr'><em>Σωκράτην</em></span> 
     </span>
     <span class='ocr_line' id='line_1_6' title="bbox 231 575 1840 660; baseline -0.001 -18"><span class='ocrx_word' id='word_1_36' title='bbox 231 587 373 642; x_wconf 78' lang='grc' dir='ltr'><em>νοῦν</em></span> <span class='ocrx_word' id='word_1_37' title='bbox 416 586 507 641; x_wconf 86' lang='grc' dir='ltr'><em>καὶ</em></span> <span class='ocrx_word' id='word_1_38' title='bbox 549 581 688 642; x_wconf 83' lang='grc' dir='ltr'><em>θεὸν</em></span> <span class='ocrx_word' id='word_1_39' title='bbox 729 586 1019 656; x_wconf 85' lang='grc' dir='ltr'><em>ἐπιστῆσαι</em></span> <span class='ocrx_word' id='word_1_40' title='bbox 1056 587 1131 640; x_wconf 88' lang='grc' dir='ltr'><em>τῶ</em></span> <span class='ocrx_word' id='word_1_41' title='bbox 1172 581 1375 660; x_wconf 78' lang='grc' dir='ltr'><em>κόσμῳ.</em></span> <span class='ocrx_word' id='word_1_42' title='bbox 1453 575 1605 640; x_wconf 83' lang='grc' dir='ltr'><em>οὑτοι</em></span> <span class='ocrx_word' id='word_1_43' title='bbox 1647 582 1715 655; x_wconf 88' lang='grc' dir='ltr'><em>δὴ</em></span> <span class='ocrx_word' id='word_1_44' title='bbox 1746 608 1840 641; x_wconf 84' lang='grc' dir='ltr'><em>κο-</em></span> 
     </span>
     <span class='ocr_line' id='line_1_7' title="bbox 232 666 1840 769; baseline -0.001 -43"><span class='ocrx_word' id='word_1_45' title='bbox 232 672 366 743; x_wconf 78' lang='grc' dir='ltr'><em>μιδῇ</em></span> <span class='ocrx_word' id='word_1_46' title='bbox 390 674 603 743; x_wconf 61' lang='grc' dir='ltr'><em>(σταιδες</em></span> <span class='ocrx_word' id='word_1_47' title='bbox 647 682 760 734; x_wconf 79' lang='grc' dir='ltr'><em>τοῖς</em></span> <span class='ocrx_word' id='word_1_48' title='bbox 800 666 1017 769; x_wconf 78' lang='grc' dir='ltr'><em>χρόνοις</em></span> <span class='ocrx_word' id='word_1_49' title='bbox 1057 666 1491 726; x_wconf 67' lang='grc' dir='ltr'><em>ἀποδείκνυνται</em></span> <span class='ocrx_word' id='word_1_50' title='bbox 1534 667 1840 740; x_wconf 86' lang='grc' dir='ltr'><em>γενόμενοι,</em></span> 
     </span>
     <span class='ocr_line' id='line_1_8' title="bbox 231 748 1842 837; baseline 0 -27"><span class='ocrx_word' id='word_1_51' title='bbox 231 751 362 810; x_wconf 86' lang='grc' dir='ltr'><em>καθ’</em></span> <span class='ocrx_word' id='word_1_52' title='bbox 399 777 496 820; x_wconf 89' lang='grc' dir='ltr'><em>ους</em></span> <span class='ocrx_word' id='word_1_53' title='bbox 527 751 759 837; x_wconf 81' lang='grc' dir='ltr'><em>χρόνους</em></span> <span class='ocrx_word' id='word_1_54' title='bbox 789 777 855 809; x_wconf 90' lang='grc' dir='ltr'><em>τα</em></span> <span class='ocrx_word' id='word_1_55' title='bbox 884 750 1093 810; x_wconf 75' lang='grc' dir='ltr'><em>ὕστατα</em></span> <span class='ocrx_word' id='word_1_56' title='bbox 1127 757 1420 825; x_wconf 90' lang='grc' dir='ltr'><em>ιστορειται</em></span> <span class='ocrx_word' id='word_1_57' title='bbox 1449 755 1544 823; x_wconf 81' lang='grc' dir='ltr'><em>τῆς</em></span> <span class='ocrx_word' id='word_1_58' title='bbox 1569 748 1842 824; x_wconf 84' lang='grc' dir='ltr'><em>Ἑβραίων</em></span> 
     </span>
     <span class='ocr_line' id='line_1_9' title="bbox 230 829 1845 911; baseline -0.001 -17"><span class='ocrx_word' id='word_1_59' title='bbox 230 830 630 911; x_wconf 76' lang='grc' dir='ltr'><em>ἀρχαιολογίας.</em></span> <span class='ocrx_word' id='word_1_60' title='bbox 709 841 789 895; x_wconf 79' lang='grc'><em>12.</em></span> <span class='ocrx_word' id='word_1_61' title='bbox 824 835 926 894; x_wconf 81' lang='grc' dir='ltr'><em>οὐκ</em></span> <span class='ocrx_word' id='word_1_62' title='bbox 963 829 1033 910; x_wconf 77' lang='grc' dir='ltr'><em>ἧν</em></span> <span class='ocrx_word' id='word_1_63' title='bbox 1077 835 1182 911; x_wconf 89' lang='grc' dir='ltr'><em>άρα</em></span> <span class='ocrx_word' id='word_1_64' title='bbox 1224 835 1527 909; x_wconf 90' lang='grc' dir='ltr'><em>παλαιτάτη</em></span> <span class='ocrx_word' id='word_1_65' title='bbox 1558 860 1707 909; x_wconf 88' lang='grc' dir='ltr'><em>παρα</em></span> <span class='ocrx_word' id='word_1_66' title='bbox 1737 859 1845 893; x_wconf 91' lang='grc' dir='ltr'><em>πα-</em></span> 
     </span>
     <span class='ocr_line' id='line_1_10' title="bbox 118 918 1844 996; baseline 0.002 -21"><span class='ocrx_word' id='word_1_67' title='bbox 118 941 216 985; x_wconf 81' lang='lat'>[441]</span> <span class='ocrx_word' id='word_1_68' title='bbox 233 941 323 979; x_wconf 89' lang='grc' dir='ltr'><em>σιν</em></span> <span class='ocrx_word' id='word_1_69' title='bbox 350 918 578 995; x_wconf 86' lang='grc' dir='ltr'><em>Ἐλλησι</em></span> <span class='ocrx_word' id='word_1_70' title='bbox 619 924 712 979; x_wconf 86' lang='grc' dir='ltr'><em>καὶ</em></span> <span class='ocrx_word' id='word_1_71' title='bbox 752 936 864 989; x_wconf 80' lang='grc' dir='ltr'><em>τοῖς</em></span> <span class='ocrx_word' id='word_1_72' title='bbox 905 920 1182 996; x_wconf 78' lang='grc' dir='ltr'><em>πρόπαλαι</em></span> <span class='ocrx_word' id='word_1_73' title='bbox 1222 920 1325 994; x_wconf 86' lang='grc' dir='ltr'><em>τὴν</em></span> <span class='ocrx_word' id='word_1_74' title='bbox 1354 920 1638 978; x_wconf 86' lang='grc' dir='ltr'><em>πολύθεον</em></span> <span class='ocrx_word' id='word_1_75' title='bbox 1671 926 1844 978; x_wconf 86' lang='grc' dir='ltr'><em>δεισι-</em></span> 
     </span>
     <span class='ocr_line' id='line_1_11' title="bbox 235 1005 1844 1080; baseline -0.001 -17"><span class='ocrx_word' id='word_1_76' title='bbox 235 1012 528 1080; x_wconf 87' lang='grc' dir='ltr'><em>δαιμονίαν</em></span> <span class='ocrx_word' id='word_1_77' title='bbox 559 1005 706 1080; x_wconf 90' lang='grc' dir='ltr'><em>παρά</em></span> <span class='ocrx_word' id='word_1_78' title='bbox 736 1030 794 1063; x_wconf 89' lang='grc' dir='ltr'><em>τε</em></span> <span class='ocrx_word' id='word_1_79' title='bbox 825 1009 1039 1073; x_wconf 79' lang='grc' dir='ltr'><em>Φοίνιξι</em></span> <span class='ocrx_word' id='word_1_80' title='bbox 1070 1007 1162 1062; x_wconf 85' lang='grc' dir='ltr'><em>καὶ</em></span> <span class='ocrx_word' id='word_1_81' title='bbox 1186 1011 1514 1077; x_wconf 80' lang='grc' dir='ltr'><em>Αἰγυπτίοις</em></span> <span class='ocrx_word' id='word_1_82' title='bbox 1546 1012 1844 1078; x_wconf 85' lang='grc' dir='ltr'><em>εἰσηγησα-</em></span> 
     </span>
     <span class='ocr_line' id='line_1_12' title="bbox 231 1086 1844 1164; baseline 0 -16"><span class='ocrx_word' id='word_1_83' title='bbox 231 1093 414 1164; x_wconf 81' lang='grc' dir='ltr'><em>μένοις</em></span> <span class='ocrx_word' id='word_1_84' title='bbox 445 1087 479 1162; x_wconf 76' lang='grc' dir='ltr'><em>ἡ</em></span> <span class='ocrx_word' id='word_1_85' title='bbox 510 1097 607 1148; x_wconf 85' lang='grc' dir='ltr'><em>τοῦ</em></span> <span class='ocrx_word' id='word_1_86' title='bbox 638 1094 750 1148; x_wconf 85' lang='grc' dir='ltr'><em>τῶν</em></span> <span class='ocrx_word' id='word_1_87' title='bbox 779 1090 926 1148; x_wconf 82' lang='grc' dir='ltr'><em>ὅλων</em></span> <span class='ocrx_word' id='word_1_88' title='bbox 954 1093 1098 1147; x_wconf 77' lang='grc' dir='ltr'><em>θεοῦ</em></span> <span class='ocrx_word' id='word_1_89' title='bbox 1126 1094 1348 1162; x_wconf 86' lang='grc' dir='ltr'><em>γνῶσις,</em></span> <span class='ocrx_word' id='word_1_90' title='bbox 1379 1087 1450 1162; x_wconf 83' lang='grc' dir='ltr'><em>ἣν</em></span> <span class='ocrx_word' id='word_1_91' title='bbox 1481 1094 1692 1163; x_wconf 91' lang='grc' dir='ltr'><em>πρῶτος</em></span> <span class='ocrx_word' id='word_1_92' title='bbox 1724 1086 1844 1148; x_wconf 40' lang='grc' dir='ltr'><em>(Ελ-</em></span> 
     </span>
     <span class='ocr_line' id='line_1_13' title="bbox 186 1171 1840 1250; baseline 0.001 -20"><span class='ocrx_word' id='word_1_93' title='bbox 186 1198 206 1230; x_wconf 89' lang='lat' dir='ltr'>d</span> <span class='ocrx_word' id='word_1_94' title='bbox 233 1175 418 1248; x_wconf 82' lang='grc' dir='ltr'><em>λήνων</em></span> <span class='ocrx_word' id='word_1_95' title='bbox 455 1172 820 1250; x_wconf 77' lang='grc' dir='ltr'><em>Ἀναξαγόρας</em></span> <span class='ocrx_word' id='word_1_96' title='bbox 859 1177 951 1231; x_wconf 86' lang='grc' dir='ltr'><em>καὶ</em></span> <span class='ocrx_word' id='word_1_97' title='bbox 1001 1180 1059 1231; x_wconf 77' lang='grc' dir='ltr'><em>οὗ</em></span> <span class='ocrx_word' id='word_1_98' title='bbox 1105 1171 1250 1247; x_wconf 81' lang='grc' dir='ltr'><em>ἀμφ’</em></span> <span class='ocrx_word' id='word_1_99' title='bbox 1306 1171 1475 1231; x_wconf 78' lang='grc' dir='ltr'><em>αὐτὸν</em></span> <span class='ocrx_word' id='word_1_100' title='bbox 1528 1173 1840 1247; x_wconf 80' lang='grc' dir='ltr'><em>ἐξήνεγκαν.</em></span> 
     </span>
     <span class='ocr_line' id='line_1_14' title="bbox 231 1257 1843 1332; baseline 0.001 -16"><span class='ocrx_word' id='word_1_101' title='bbox 231 1263 323 1316; x_wconf 83' lang='grc' dir='ltr'><em>καὶ</em></span> <span class='ocrx_word' id='word_1_102' title='bbox 374 1259 486 1332; x_wconf 85' lang='grc' dir='ltr'><em>μὴν</em></span> <span class='ocrx_word' id='word_1_103' title='bbox 536 1257 601 1316; x_wconf 74' lang='grc' dir='ltr'><em>τά</em></span> <span class='ocrx_word' id='word_1_104' title='bbox 651 1264 747 1332; x_wconf 86' lang='grc' dir='ltr'><em>τῆς</em></span> <span class='ocrx_word' id='word_1_105' title='bbox 798 1261 1083 1316; x_wconf 88' lang='grc' dir='ltr'><em>πολυθέου</em></span> <span class='ocrx_word' id='word_1_106' title='bbox 1139 1264 1571 1332; x_wconf 80' lang='grc' dir='ltr'><em>δεισιδαιμονίας</em></span> <span class='ocrx_word' id='word_1_107' title='bbox 1616 1258 1843 1317; x_wconf 86' lang='grc' dir='ltr'><em>πάντων</em></span> 
     </span>
     <span class='ocr_line' id='line_1_15' title="bbox 234 1336 1844 1418; baseline -0.001 -18"><span class='ocrx_word' id='word_1_108' title='bbox 234 1347 419 1402; x_wconf 85' lang='grc' dir='ltr'><em>ἐθνῶν</em></span> <span class='ocrx_word' id='word_1_109' title='bbox 444 1342 680 1418; x_wconf 85' lang='grc' dir='ltr'><em>ἐκράτει·</em></span> <span class='ocrx_word' id='word_1_110' title='bbox 728 1341 847 1401; x_wconf 77' lang='grc' dir='ltr'><em>ἀλλ’</em></span> <span class='ocrx_word' id='word_1_111' title='bbox 884 1336 973 1417; x_wconf 74' lang='grc' dir='ltr'><em>ἦν,</em></span> <span class='ocrx_word' id='word_1_112' title='bbox 1000 1340 1072 1409; x_wconf 84' lang='grc' dir='ltr'><em>ῶς</em></span> <span class='ocrx_word' id='word_1_113' title='bbox 1098 1350 1295 1416; x_wconf 83' lang='grc' dir='ltr'><em>ἔοικεν,</em></span> <span class='ocrx_word' id='word_1_114' title='bbox 1320 1342 1386 1401; x_wconf 83' lang='grc' dir='ltr'><em>οὐ</em></span> <span class='ocrx_word' id='word_1_115' title='bbox 1411 1341 1513 1415; x_wconf 81' lang='grc' dir='ltr'><em>τὴν</em></span> <span class='ocrx_word' id='word_1_116' title='bbox 1536 1342 1719 1416; x_wconf 83' lang='grc' dir='ltr'><em>ἀληθῆ</em></span> <span class='ocrx_word' id='word_1_117' title='bbox 1744 1365 1844 1400; x_wconf 89' lang='grc' dir='ltr'><em>πε-</em></span> 
     </span>
     <span class='ocr_line' id='line_1_16' title="bbox 232 1425 1842 1502; baseline 0 -18"><span class='ocrx_word' id='word_1_118' title='bbox 232 1430 482 1502; x_wconf 87' lang='grc' dir='ltr'><em>ριέχοντα</em></span> <span class='ocrx_word' id='word_1_119' title='bbox 521 1436 850 1501; x_wconf 75' lang='grc' dir='ltr'><em>θεολογίαν,</em></span> <span class='ocrx_word' id='word_1_120' title='bbox 890 1425 1014 1484; x_wconf 80' lang='grc' dir='ltr'><em>ἀλλ’</em></span> <span class='ocrx_word' id='word_1_121' title='bbox 1067 1426 1138 1501; x_wconf 84' lang='grc' dir='ltr'><em>ἣν</em></span> <span class='ocrx_word' id='word_1_122' title='bbox 1179 1427 1476 1501; x_wconf 86' lang='grc' dir='ltr'><em>Αἰγύπτιοι</em></span> <span class='ocrx_word' id='word_1_123' title='bbox 1515 1431 1606 1485; x_wconf 91' lang='grc' dir='ltr'><em>καὶ</em></span> <span class='ocrx_word' id='word_1_124' title='bbox 1649 1434 1842 1486; x_wconf 88' lang='grc' dir='ltr'><em>Φοίνι-</em></span> 
     </span>
     <span class='ocr_line' id='line_1_17' title="bbox 231 1511 1839 1587; baseline 0.001 -18"><span class='ocrx_word' id='word_1_125' title='bbox 231 1535 321 1580; x_wconf 89' lang='grc' dir='ltr'><em>κες</em></span> <span class='ocrx_word' id='word_1_126' title='bbox 374 1517 581 1583; x_wconf 90' lang='grc' dir='ltr'><em>πρῶτοι</em></span> <span class='ocrx_word' id='word_1_127' title='bbox 632 1512 858 1571; x_wconf 85' lang='grc' dir='ltr'><em>πάντων</em></span> <span class='ocrx_word' id='word_1_128' title='bbox 912 1512 1298 1586; x_wconf 88' lang='grc' dir='ltr'><em>συστήσασθαι</em></span> <span class='ocrx_word' id='word_1_129' title='bbox 1358 1511 1839 1587; x_wconf 84' lang='grc' dir='ltr'><em>ἐμαρτυρήθησαν.</em></span> 
     </span>
     <span class='ocr_line' id='line_1_18' title="bbox 234 1590 1843 1671; baseline 0 -18"><span class='ocrx_word' id='word_1_130' title='bbox 234 1602 313 1654; x_wconf 83' lang='lat'><em>13.</em></span> <span class='ocrx_word' id='word_1_131' title='bbox 361 1595 501 1671; x_wconf 77' lang='grc' dir='ltr'><em>αὕτη</em></span> <span class='ocrx_word' id='word_1_132' title='bbox 536 1599 596 1654; x_wconf 74' lang='grc' dir='ltr'><em>δὲ</em></span> <span class='ocrx_word' id='word_1_133' title='bbox 625 1590 696 1670; x_wconf 76' lang='grc' dir='ltr'><em>ἦν</em></span> <span class='ocrx_word' id='word_1_134' title='bbox 724 1595 895 1663; x_wconf 79' lang='grc' dir='ltr'><em>θεοὺς</em></span> <span class='ocrx_word' id='word_1_135' title='bbox 925 1598 1027 1670; x_wconf 70' lang='grc' dir='ltr'><em>μὲν</em></span> <span class='ocrx_word' id='word_1_136' title='bbox 1050 1595 1326 1671; x_wconf 77' lang='grc' dir='ltr'><em>οὐδαμῶς,</em></span> <span class='ocrx_word' id='word_1_137' title='bbox 1351 1595 1486 1654; x_wconf 80' lang='grc' dir='ltr'><em>οὐδέ</em></span> <span class='ocrx_word' id='word_1_138' title='bbox 1506 1621 1658 1664; x_wconf 90' lang='grc' dir='ltr'><em>τινας</em></span> <span class='ocrx_word' id='word_1_139' title='bbox 1682 1603 1843 1663; x_wconf 87' lang='grc' dir='ltr'><em>θείας</em></span> 
     </span>
     <span class='ocr_line' id='line_1_19' title="bbox 234 1679 1842 1755; baseline 0 -17"><span class='ocrx_word' id='word_1_140' title='bbox 234 1681 515 1755; x_wconf 86' lang='grc' dir='ltr'><em>δυνάμεις,</em></span> <span class='ocrx_word' id='word_1_141' title='bbox 545 1679 753 1755; x_wconf 73' lang='grc' dir='ltr'><em>ἄνδρας</em></span> <span class='ocrx_word' id='word_1_142' title='bbox 786 1683 847 1739; x_wconf 75' lang='grc' dir='ltr'><em>δὲ</em></span> <span class='ocrx_word' id='word_1_143' title='bbox 878 1679 986 1754; x_wconf 76' lang='grc' dir='ltr'><em>ἤδη</em></span> <span class='ocrx_word' id='word_1_144' title='bbox 1017 1681 1186 1739; x_wconf 88' lang='grc' dir='ltr'><em>πάλαι</em></span> <span class='ocrx_word' id='word_1_145' title='bbox 1219 1685 1279 1739; x_wconf 88' lang='grc' dir='ltr'><em>ἐν</em></span> <span class='ocrx_word' id='word_1_146' title='bbox 1308 1695 1524 1754; x_wconf 77' lang='grc' dir='ltr'><em>νεκροῖς</em></span> <span class='ocrx_word' id='word_1_147' title='bbox 1555 1683 1842 1754; x_wconf 82' lang='grc' dir='ltr'><em>κειμένους</em></span> 
     </span>
     <span class='ocr_line' id='line_1_20' title="bbox 231 1763 1843 1838; baseline -0.001 -15"><span class='ocrx_word' id='word_1_148' title='bbox 231 1770 604 1838; x_wconf 80' lang='grc' dir='ltr'><em>θεολογυῦσα,</em></span> <span class='ocrx_word' id='word_1_149' title='bbox 648 1763 721 1834; x_wconf 83' lang='grc' dir='ltr'><em>ῶς</em></span> <span class='ocrx_word' id='word_1_150' title='bbox 759 1765 788 1822; x_wconf 84' lang='grc' dir='ltr'>ὁ</span> <span class='ocrx_word' id='word_1_151' title='bbox 829 1772 925 1838; x_wconf 87' lang='grc' dir='ltr'><em>τῆς</em></span> <span class='ocrx_word' id='word_1_152' title='bbox 969 1763 1234 1838; x_wconf 77' lang='grc' dir='ltr'><em>ἀληθείας</em></span> <span class='ocrx_word' id='word_1_153' title='bbox 1267 1766 1436 1822; x_wconf 89' lang='grc' dir='ltr'><em>πάλαι</em></span> <span class='ocrx_word' id='word_1_154' title='bbox 1466 1764 1719 1833; x_wconf 80' lang='grc' dir='ltr'><em>ἀπέδειξε</em></span> <span class='ocrx_word' id='word_1_155' title='bbox 1749 1763 1843 1821; x_wconf 90' lang='grc' dir='ltr'><em>λό-</em></span> 
     </span>
    </p>
   </div>
   <div class='ocr_carea' id='block_1_3' title="bbox 1869 1026 1907 1058">
    <p class='ocr_par' dir='ltr' id='par_1_4' title="bbox 1869 1026 1907 1058">
     <span class='ocr_line' id='line_1_21' title="bbox 1869 1026 1907 1058; baseline 0.053 -2"><span class='ocrx_word' id='word_1_156' title='bbox 1869 1026 1907 1058; x_wconf 85' lang='grc'><em>10</em></span> 
     </span>
    </p>
   </div>
   <div class='ocr_carea' id='block_1_4' title="bbox 1868 1445 1906 1477">
    <p class='ocr_par' dir='ltr' id='par_1_5' title="bbox 1868 1445 1906 1477">
     <span class='ocr_line' id='line_1_22' title="bbox 1868 1445 1906 1477; baseline 0.026 -1"><span class='ocrx_word' id='word_1_157' title='bbox 1868 1445 1906 1477; x_wconf 82' lang='lat'><em>15</em></span> 
     </span>
    </p>
   </div>
   <div class='ocr_carea' id='block_1_5' title="bbox 231 1846 1904 1924">
    <p class='ocr_par' dir='ltr' id='par_1_6' title="bbox 231 1846 1904 1924">
     <span class='ocr_line' id='line_1_23' title="bbox 231 1846 1904 1924; baseline -0.001 -17"><span class='ocrx_word' id='word_1_158' title='bbox 231 1874 340 1922; x_wconf 84' lang='grc' dir='ltr'><em>γος</em></span> <span class='ocrx_word' id='word_1_159' title='bbox 388 1848 511 1924; x_wconf 88' lang='grc' dir='ltr'><em>φέρ’</em></span> <span class='ocrx_word' id='word_1_160' title='bbox 557 1851 659 1908; x_wconf 86' lang='grc' dir='ltr'><em>οὐν</em></span> <span class='ocrx_word' id='word_1_161' title='bbox 689 1848 856 1906; x_wconf 88' lang='grc' dir='ltr'><em>πάλιν</em></span> <span class='ocrx_word' id='word_1_162' title='bbox 887 1848 1256 1923; x_wconf 74' lang='grc' dir='ltr'><em>ἀναλάβωμεν</em></span> <span class='ocrx_word' id='word_1_163' title='bbox 1285 1849 1382 1908; x_wconf 88' lang='grc' dir='ltr'><em>τὸν</em></span> <span class='ocrx_word' id='word_1_164' title='bbox 1409 1848 1589 1921; x_wconf 87' lang='grc' dir='ltr'><em>λόγον.</em></span> <span class='ocrx_word' id='word_1_165' title='bbox 1649 1846 1839 1921; x_wconf 83' lang='grc' dir='ltr'><em>ἐπειδὴ</em></span> <span class='ocrx_word' id='word_1_166' title='bbox 1864 1870 1904 1902; x_wconf 77' lang='lat'><em>‘20</em></span> 
     </span>
    </p>
   </div>
   <div class='ocr_carea' id='block_1_6' title="bbox 122 1933 1843 2681">
    <p class='ocr_par' dir='ltr' id='par_1_7' title="bbox 122 1933 1843 2514">
     <span class='ocr_line' id='line_1_24' title="bbox 122 1933 1842 2007; baseline -0.002 -14"><span class='ocrx_word' id='word_1_167' title='bbox 122 1938 342 1993; x_wconf 75' lang='grc' dir='ltr'><em>(756)τῶν</em></span> <span class='ocrx_word' id='word_1_168' title='bbox 382 1940 640 2007; x_wconf 81' lang='grc' dir='ltr'><em>φυσικῶν</em></span> <span class='ocrx_word' id='word_1_169' title='bbox 681 1933 1008 2007; x_wconf 84' lang='grc' dir='ltr'><em>φιλοσόφων</em></span> <span class='ocrx_word' id='word_1_170' title='bbox 1049 1959 1100 1991; x_wconf 93' lang='grc' dir='ltr'><em>οι</em></span> <span class='ocrx_word' id='word_1_171' title='bbox 1142 1958 1244 2007; x_wconf 82' lang='grc' dir='ltr'><em>μεν</em></span> <span class='ocrx_word' id='word_1_172' title='bbox 1283 1933 1462 1991; x_wconf 86' lang='grc' dir='ltr'><em>πάντα</em></span> <span class='ocrx_word' id='word_1_173' title='bbox 1503 1935 1842 2004; x_wconf 82' lang='grc' dir='ltr'><em>κατέβαλλον</em></span> 
     </span>
     <span class='ocr_line' id='line_1_25' title="bbox 233 2010 1840 2091; baseline 0 -16"><span class='ocrx_word' id='word_1_174' title='bbox 233 2021 323 2075; x_wconf 85' lang='grc' dir='ltr'><em>ἐπὶ</em></span> <span class='ocrx_word' id='word_1_175' title='bbox 356 2042 451 2084; x_wconf 88' lang='grc' dir='ltr'><em>τας</em></span> <span class='ocrx_word' id='word_1_176' title='bbox 482 2018 790 2091; x_wconf 79' lang='grc' dir='ltr'><em>αἰσθήσεις,</em></span> <span class='ocrx_word' id='word_1_177' title='bbox 823 2043 875 2075; x_wconf 95' lang='grc' dir='ltr'><em>οι</em></span> <span class='ocrx_word' id='word_1_178' title='bbox 908 2015 961 2075; x_wconf 87' lang='grc' dir='ltr'><em>δ’</em></span> <span class='ocrx_word' id='word_1_179' title='bbox 998 2010 1069 2075; x_wconf 76' lang='grc' dir='ltr'><em>αὖ</em></span> <span class='ocrx_word' id='word_1_180' title='bbox 1095 2017 1263 2076; x_wconf 89' lang='grc' dir='ltr'><em>πάλιν</em></span> <span class='ocrx_word' id='word_1_181' title='bbox 1286 2017 1496 2084; x_wconf 85' lang='grc' dir='ltr'><em>τούτοις</em></span> <span class='ocrx_word' id='word_1_182' title='bbox 1520 2014 1840 2090; x_wconf 82' lang='grc' dir='ltr'><em>άνθειλκον,</em></span> 
     </span>
     <span class='ocr_line' id='line_1_26' title="bbox 234 2101 1838 2177; baseline -0.001 -17"><span class='ocrx_word' id='word_1_183' title='bbox 234 2101 306 2169; x_wconf 84' lang='grc' dir='ltr'><em>ῶς</em></span> <span class='ocrx_word' id='word_1_184' title='bbox 337 2107 395 2160; x_wconf 93' lang='grc' dir='ltr'><em>οι</em></span> <span class='ocrx_word' id='word_1_185' title='bbox 420 2104 546 2177; x_wconf 88' lang='grc' dir='ltr'><em>περὶ</em></span> <span class='ocrx_word' id='word_1_186' title='bbox 577 2103 672 2160; x_wconf 86' lang='grc' dir='ltr'><em>τὸν</em></span> <span class='ocrx_word' id='word_1_187' title='bbox 694 2102 1025 2176; x_wconf 82' lang='grc' dir='ltr'><em>Ξενοφάνην</em></span> <span class='ocrx_word' id='word_1_188' title='bbox 1055 2102 1152 2160; x_wconf 89' lang='grc' dir='ltr'><em>τὸν</em></span> <span class='ocrx_word' id='word_1_189' title='bbox 1174 2101 1539 2175; x_wconf 79' lang='grc' dir='ltr'><em>Κολοφώνιον</em></span> <span class='ocrx_word' id='word_1_190' title='bbox 1569 2104 1661 2158; x_wconf 84' lang='grc' dir='ltr'><em>καὶ</em></span> <span class='ocrx_word' id='word_1_191' title='bbox 1683 2111 1838 2173; x_wconf 90' lang='grc' dir='ltr'><em>Παρ-</em></span> 
     </span>
     <span class='ocr_line' id='line_1_27' title="bbox 232 2185 1841 2261; baseline -0.001 -17"><span class='ocrx_word' id='word_1_192' title='bbox 232 2193 466 2260; x_wconf 88' lang='grc' dir='ltr'><em>μενίδην</em></span> <span class='ocrx_word' id='word_1_193' title='bbox 494 2186 592 2245; x_wconf 87' lang='grc' dir='ltr'><em>τὸν</em></span> <span class='ocrx_word' id='word_1_194' title='bbox 614 2186 900 2260; x_wconf 77' lang='grc' dir='ltr'><em>Ἐλεάτην,</em></span> <span class='ocrx_word' id='word_1_195' title='bbox 943 2195 1002 2245; x_wconf 79' lang='grc' dir='ltr'><em>οἳ</em></span> <span class='ocrx_word' id='word_1_196' title='bbox 1028 2186 1096 2260; x_wconf 85' lang='grc' dir='ltr'><em>δὴ</em></span> <span class='ocrx_word' id='word_1_197' title='bbox 1126 2186 1220 2254; x_wconf 77' lang='grc' dir='ltr'><em>τὰς</em></span> <span class='ocrx_word' id='word_1_198' title='bbox 1251 2185 1542 2259; x_wconf 82' lang='grc' dir='ltr'><em>αἰσθήσεις</em></span> <span class='ocrx_word' id='word_1_199' title='bbox 1572 2185 1841 2261; x_wconf 79' lang='grc' dir='ltr'><em>ἀνῄρουν,</em></span> 
     </span>
     <span class='ocr_line' id='line_1_28' title="bbox 232 2269 1838 2345; baseline -0.001 -17"><span class='ocrx_word' id='word_1_200' title='bbox 232 2272 407 2344; x_wconf 75' lang='grc' dir='ltr'><em>μήδὲν</em></span> <span class='ocrx_word' id='word_1_201' title='bbox 438 2271 580 2329; x_wconf 79' lang='grc' dir='ltr'><em>εἶναι</em></span> <span class='ocrx_word' id='word_1_202' title='bbox 611 2270 918 2345; x_wconf 74' lang='grc' dir='ltr'><em>φάσκοντες</em></span> <span class='ocrx_word' id='word_1_203' title='bbox 949 2269 1295 2344; x_wconf 77' lang='grc' dir='ltr'><em>καταληπτὸν</em></span> <span class='ocrx_word' id='word_1_204' title='bbox 1323 2276 1436 2329; x_wconf 90' lang='grc' dir='ltr'><em>τῶν</em></span> <span class='ocrx_word' id='word_1_205' title='bbox 1471 2274 1529 2328; x_wconf 85' lang='grc' dir='ltr'><em>ἐν</em></span> <span class='ocrx_word' id='word_1_206' title='bbox 1559 2269 1838 2342; x_wconf 87' lang='grc' dir='ltr'><em>αἰσθήσει,</em></span> 
     </span>
     <span class='ocr_line' id='line_1_29' title="bbox 234 2352 1843 2433; baseline -0.001 -21"><span class='ocrx_word' id='word_1_207' title='bbox 234 2353 319 2412; x_wconf 83' lang='grc' dir='ltr'><em>διὸ</em></span> <span class='ocrx_word' id='word_1_208' title='bbox 359 2354 509 2432; x_wconf 76' lang='grc' dir='ltr'><em>μόνῳ</em></span> <span class='ocrx_word' id='word_1_209' title='bbox 553 2361 674 2414; x_wconf 75' lang='grc' dir='ltr'><em>δεῖν</em></span> <span class='ocrx_word' id='word_1_210' title='bbox 718 2355 1000 2414; x_wconf 83' lang='grc' dir='ltr'><em>πιστεύειν</em></span> <span class='ocrx_word' id='word_1_211' title='bbox 1038 2363 1112 2432; x_wconf 76' lang='grc' dir='ltr'><em>τῷ</em></span> <span class='ocrx_word' id='word_1_212' title='bbox 1158 2355 1334 2433; x_wconf 75' lang='grc' dir='ltr'><em>λόγῳ,</em></span> <span class='ocrx_word' id='word_1_213' title='bbox 1379 2352 1445 2413; x_wconf 74' lang='grc' dir='ltr'><em>τά</em></span> <span class='ocrx_word' id='word_1_214' title='bbox 1474 2353 1611 2429; x_wconf 83' lang='grc' dir='ltr'><em>πρὸς</em></span> <span class='ocrx_word' id='word_1_215' title='bbox 1643 2352 1843 2421; x_wconf 74' lang='grc' dir='ltr'><em>αὐτούς</em></span> 
     </span>
     <span class='ocr_line' id='line_1_30' title="bbox 232 2437 1075 2514; baseline 0.002 -19"><span class='ocrx_word' id='word_1_216' title='bbox 232 2437 595 2512; x_wconf 77' lang='grc' dir='ltr'><em>ἀντειρημένα</em></span> <span class='ocrx_word' id='word_1_217' title='bbox 627 2439 1075 2514; x_wconf 78' lang='grc' dir='ltr'><em>διασκεψώμεθα.</em></span> 
     </span>
    </p>

    <p class='ocr_par' dir='ltr' id='par_1_8' title="bbox 188 2519 1840 2681">
     <span class='ocr_line' id='line_1_31' title="bbox 188 2519 1840 2598; baseline -0.001 -16"><span class='ocrx_word' id='word_1_218' title='bbox 188 2541 210 2573; x_wconf 86' lang='lat' dir='ltr'>b</span> <span class='ocrx_word' id='word_1_219' title='bbox 359 2534 500 2583; x_wconf 92' lang='lat' dir='ltr'>XVII.</span> <span class='ocrx_word' id='word_1_220' title='bbox 550 2519 782 2582; x_wconf 70' lang='grc' dir='ltr'><em>“’Ἀλλοι</em></span> <span class='ocrx_word' id='word_1_221' title='bbox 825 2521 877 2581; x_wconf 87' lang='grc' dir='ltr'><em>δ’</em></span> <span class='ocrx_word' id='word_1_222' title='bbox 923 2527 1175 2598; x_wconf 89' lang='grc' dir='ltr'><em>ἐγένοντο</em></span> <span class='ocrx_word' id='word_1_223' title='bbox 1205 2522 1418 2591; x_wconf 89' lang='grc' dir='ltr'><em>τούτοις</em></span> <span class='ocrx_word' id='word_1_224' title='bbox 1447 2522 1549 2598; x_wconf 84' lang='grc' dir='ltr'><em>τὴν</em></span> <span class='ocrx_word' id='word_1_225' title='bbox 1581 2526 1840 2580; x_wconf 83' lang='grc' dir='ltr'><em>ἐναντίαν</em></span> 
     </span>
     <span class='ocr_line' id='line_1_32' title="bbox 233 2604 1840 2681; baseline 0 -18"><span class='ocrx_word' id='word_1_226' title='bbox 233 2606 488 2680; x_wconf 82' lang='grc' dir='ltr'><em>φωνὴν’</em></span> <span class='ocrx_word' id='word_1_227' title='bbox 461 2610 730 2680; x_wconf 86' lang='grc' dir='ltr'><em>αφιέντες</em></span> <span class='ocrx_word' id='word_1_228' title='bbox 821 2618 1030 2666; x_wconf 76' lang='grc' dir='ltr'><em>οἴονται</em></span> <span class='ocrx_word' id='word_1_229' title='bbox 1068 2608 1172 2681; x_wconf 77' lang='grc' dir='ltr'><em>γὰρ</em></span> <span class='ocrx_word' id='word_1_230' title='bbox 1217 2614 1337 2665; x_wconf 79' lang='grc' dir='ltr'><em>δεῖν</em></span> <span class='ocrx_word' id='word_1_231' title='bbox 1378 2632 1472 2675; x_wconf 89' lang='grc' dir='ltr'><em>τας</em></span> <span class='ocrx_word' id='word_1_232' title='bbox 1503 2632 1605 2681; x_wconf 92' lang='grc' dir='ltr'><em>μεν</em></span> <span class='ocrx_word' id='word_1_233' title='bbox 1635 2604 1840 2677; x_wconf 87' lang='grc' dir='ltr'><em>αἰσθή-</em></span> 
     </span>
    </p>
   </div>
   <div class='ocr_carea' id='block_1_7' title="bbox 1864 2292 1905 2324">
    <p class='ocr_par' dir='ltr' id='par_1_9' title="bbox 1864 2292 1905 2324">
     <span class='ocr_line' id='line_1_33' title="bbox 1864 2292 1905 2324; baseline 0 0"><span class='ocrx_word' id='word_1_234' title='bbox 1864 2292 1905 2324; x_wconf 82' lang='grc'><em>25</em></span> 
     </span>
    </p>
   </div>
   <div class='ocr_carea' id='block_1_8' title="bbox 234 2688 1901 2768">
    <p class='ocr_par' dir='ltr' id='par_1_10' title="bbox 234 2688 1901 2768">
     <span class='ocr_line' id='line_1_34' title="bbox 234 2688 1901 2768; baseline -0.002 -20"><span class='ocrx_word' id='word_1_235' title='bbox 234 2711 345 2758; x_wconf 92' lang='grc' dir='ltr'><em>σεις</em></span> <span class='ocrx_word' id='word_1_236' title='bbox 377 2693 469 2748; x_wconf 87' lang='grc' dir='ltr'><em>καὶ</em></span> <span class='ocrx_word' id='word_1_237' title='bbox 498 2691 593 2758; x_wconf 83' lang='grc' dir='ltr'><em>τὰς</em></span> <span class='ocrx_word' id='word_1_238' title='bbox 623 2698 931 2764; x_wconf 88' lang='grc' dir='ltr'><em>φαντασίας</em></span> <span class='ocrx_word' id='word_1_239' title='bbox 963 2692 1358 2766; x_wconf 86' lang='grc' dir='ltr'><em>καταβάλλειν,</em></span> <span class='ocrx_word' id='word_1_240' title='bbox 1394 2691 1542 2768; x_wconf 80' lang='grc' dir='ltr'><em>αὐτῷ</em></span> <span class='ocrx_word' id='word_1_241' title='bbox 1577 2691 1635 2746; x_wconf 76' lang='grc' dir='ltr'><em>δὲ</em></span> <span class='ocrx_word' id='word_1_242' title='bbox 1667 2688 1839 2762; x_wconf 87' lang='grc' dir='ltr'><em>μόνον</em></span> <span class='ocrx_word' id='word_1_243' title='bbox 1862 2711 1901 2743; x_wconf 85' lang='lat'><em>30</em></span> 
     </span>
    </p>
   </div>
   <div class='ocr_carea' id='block_1_9' title="bbox 232 2772 1839 2935">
    <p class='ocr_par' dir='ltr' id='par_1_11' title="bbox 232 2772 1839 2935">
     <span class='ocr_line' id='line_1_35' title="bbox 232 2772 1839 2852; baseline -0.001 -20"><span class='ocrx_word' id='word_1_244' title='bbox 232 2782 308 2852; x_wconf 82' lang='grc' dir='ltr'><em>τῷ</em></span> <span class='ocrx_word' id='word_1_245' title='bbox 339 2774 482 2852; x_wconf 79' lang='grc' dir='ltr'><em>λόγῳ</em></span> <span class='ocrx_word' id='word_1_246' title='bbox 513 2774 809 2834; x_wconf 85' lang='grc' dir='ltr'><em>πιστεύειν.</em></span> <span class='ocrx_word' id='word_1_247' title='bbox 886 2780 1111 2834; x_wconf 79' lang='grc' dir='ltr'><em>τοιαῦτα</em></span> <span class='ocrx_word' id='word_1_248' title='bbox 1141 2776 1246 2849; x_wconf 87' lang='grc' dir='ltr'><em>γάρ</em></span> <span class='ocrx_word' id='word_1_249' title='bbox 1276 2801 1399 2834; x_wconf 90' lang='grc' dir='ltr'><em>τινα</em></span> <span class='ocrx_word' id='word_1_250' title='bbox 1439 2772 1708 2847; x_wconf 88' lang='grc' dir='ltr'><em>πρότερον</em></span> <span class='ocrx_word' id='word_1_251' title='bbox 1737 2774 1839 2847; x_wconf 76' lang='grc' dir='ltr'><em>μὲν</em></span> 
     </span>
     <span class='ocr_line' id='line_1_36' title="bbox 233 2858 1838 2935; baseline -0.001 -19"><span class='ocrx_word' id='word_1_252' title='bbox 233 2858 557 2933; x_wconf 79' lang='grc' dir='ltr'><em>Ξενοφάνης</em></span> <span class='ocrx_word' id='word_1_253' title='bbox 588 2862 679 2917; x_wconf 82' lang='grc' dir='ltr'><em>καὶ</em></span> <span class='ocrx_word' id='word_1_254' title='bbox 711 2866 1068 2935; x_wconf 88' lang='grc' dir='ltr'><em>Παρμενίδης</em></span> <span class='ocrx_word' id='word_1_255' title='bbox 1099 2864 1190 2918; x_wconf 84' lang='grc' dir='ltr'><em>καὶ</em></span> <span class='ocrx_word' id='word_1_256' title='bbox 1214 2859 1415 2933; x_wconf 87' lang='grc' dir='ltr'><em>Ζήνων</em></span> <span class='ocrx_word' id='word_1_257' title='bbox 1438 2861 1528 2916; x_wconf 88' lang='grc' dir='ltr'><em>καὶ</em></span> <span class='ocrx_word' id='word_1_258' title='bbox 1559 2860 1838 2925; x_wconf 85' lang='grc' dir='ltr'><em>Μέλισσος</em></span> 
     </span>
    </p>
   </div>
  </div>
 </body>
</html>
