2014 3146
612 140 824 179 PRAEP.
856 138 1185 182 EVANG.X1,
1220 140 1287 181 34
1313 141 1379 179 35.
1723 137 1788 188 71

180 259 439 313 ἐναντίαν
467 252 645 327 ὁρμὴν
683 253 978 329 ὁρμηθεὶς,
1026 252 1253 326 σεισμὸν
1292 252 1472 310 πολὺν
1513 255 1573 311 ἐν
1613 256 1790 330 ἑαυτῷ

181 346 384 412 ποιῶν,
424 337 599 412 ἄλλην
642 340 712 395 αὐ
750 331 978 411 φθορὰν
1020 337 1173 415 ζῴων
1214 344 1494 395 παντοίων
1524 336 1791 411 ἀπειργα-

183 444 330 482 σατο.
393 427 441 481 3
476 416 612 497 μετὰ
645 424 705 480 δε
734 427 906 479 ταῦτα
936 421 1307 497 προελθόντος
1340 426 1534 481 ἱκανοῦ
1565 421 1789 495 χρόνου,

179 507 438 582 θορύβου
467 531 526 564 τε
556 510 648 564 καὶ
677 510 916 582 ταραχῆς
946 506 1055 580 ἤδη
1079 505 1392 580 παυόμενος
1417 509 1505 564 καὶ
1538 510 1650 564 τῶν
1680 527 1790 564 σει-

134 618 158 650 5
183 597 366 666 σμῶν,
408 591 650 666 γαλήνης
704 591 1124 664 ἐπιλαβόμενος,
1181 600 1259 657 εἷς
1307 615 1366 648 τε
1413 589 1510 648 τὸν
1551 590 1790 648 εἰωθότα

182 677 391 751 δρόμον
420 675 517 735 τὸν
547 679 749 734 εαυτοῦ
778 674 1292 748 κατακοσμούμενος
1322 674 1439 749 ῄει,
1475 677 1791 749 ἐπιμέλειαν

181 764 272 818 καὶ
304 785 502 836 κρατος
532 768 674 834 ἔχων
705 758 868 826 αὐτὸς
896 784 1010 817 των
1042 763 1101 816 ἐν
1132 758 1284 836 αὐτῷ
1313 783 1370 816 τε
1411 762 1503 816 καὶ
1534 758 1768 817 ἑαυτοῦἶ

307 850 356 902 4.
401 846 511 902 Καὶ
541 868 676 916 μετα
706 846 912 947 βραχέα
944 868 1016 900 αυ
1047 862 1184 916 φησι

299 925 445 987 e‘Ac6
491 928 559 1001 δὴ
599 931 691 985 καὶ
730 926 842 985 τότ’
890 926 998 1002 ἥδη
1037 927 1168 994 θεὸς
1210 926 1238 984 ὁ
1283 926 1562 1000 κοσμήσας
1602 925 1791 999 αὐτὸν,

117 1040 158 1071 10
181 1018 445 1088 καθορῶν
478 1017 538 1070 ἐν
568 1011 772 1088 ἀπορίᾳ
803 1010 964 1084 ὄντα,
1006 1011 1309 1085 κηδόμενος
1351 1017 1445 1068 ἵνα
1487 1010 1561 1085 μὴ
1604 1035 1794 1085 χειμα-

181 1101 339 1166 σθεὶς
369 1095 478 1154 ὑπὸ
510 1101 748 1198 ταραχῆς
782 1099 1071 1164 διαλυθεὶς
1105 1103 1182 1163 εἰς
1213 1094 1310 1154 τὸν
1341 1101 1437 1169 τῆς
1467 1093 1795 1170 ανομοιότη-

180 1207 269 1250 τος
314 1181 545 1256 ἄπειρον
586 1180 717 1239 ὄντα
758 1181 929 1239 τόπον
961 1180 1098 1254 δυ’ῃ,
1139 1180 1308 1238 πάλιν
1349 1186 1581 1290 ἔφεδρος
1621 1178 1793 1238 αυτοῦ

180 1291 294 1324 των
323 1273 614 1340 πηδαλίων
643 1264 957 1339 γενόμενος,
989 1290 1054 1322 τα
1083 1265 1398 1337 νοσήσαντα
1428 1268 1521 1322 καὶ
1551 1268 1796 1323 λυθέντα

185 1355 244 1409 ἐν
273 1355 339 1425 τῇ
372 1348 508 1408 καθ’
542 1349 713 1407 αὑτὸν
743 1354 983 1425 προτέρα
1013 1349 1256 1426 περιόδῳ
1287 1353 1552 1423 στρέψας,
1600 1362 1798 1422 κοσμεῖ

119 1460 160 1492 ι5
181 1459 240 1493 τε
270 1438 363 1492 καὶ
395 1437 726 1506 ἐπανορθῶν
756 1432 1040 1492 αθανατον
1064 1431 1234 1491 αυτὸν
1256 1436 1349 1490 καὶ
1373 1432 1600 1535 ἀγήρων
1623 1456 1798 1504 απερ-

182 1519 414 1593 γαζεται.
476 1525 638 1577 τοῦτο
668 1543 771 1592 μεν
800 1522 953 1584 τέλος
985 1540 1216 1576 παντων
1247 1515 1499 1590 εἰ’.’ρηται

316 1616 502 1665 XXXV.
526 1599 758 1660 “Ταῦτα
788 1594 1086 1676 τοίνυν,ἦν
1111 1601 1161 1659 δ’
1184 1601 1490 1674 έγσὸ,οὐδέν
1516 1605 1630 1659 ἐστι
1654 1600 1796 1674 πλή-

183 1699 277 1746 θει
307 1687 439 1746 οὐδε
468 1691 694 1761 μεγέθει
725 1686 860 1762 πρὸς
893 1691 1077 1745 ἐκεῖνα
1108 1685 1142 1743 ὁὶ
1173 1686 1578 1759 τελευτήσαντα
1609 1685 1796 1743 ἑκάτε-

184 1797 284 1845 ρον
314 1775 621 1847 περιμένει·
655 1771 757 1846 χρὴ
791 1769 846 1829 δ’
875 1770 1014 1829 αὐτοὶ
1038 1769 1291 1844 ἀκοῦσαι,
1316 1778 1410 1829 ἵνα
1440 1774 1637 1839 τελέως
1670 1769 1799 1827 ἑκά-

119 1881 161 1914 20
183 1882 338 1931 τερος
369 1855 555 1914 αὐτῶν
584 1854 865 1930 ἀπειλήφῃ
895 1856 962 1913 τὰ
991 1853 1099 1913 ὑπὸ
1130 1859 1230 1912 τοῦ
1259 1854 1426 1928 λόγου
1464 1853 1798 1929 ὀφειλόμενα

184 1939 433 2000 ἀκοῦσαι.
481 1946 528 1998 2.
562 1943 760 2013 Λέγοις
790 1937 878 2013 ἂν,
913 1948 1038 2014 ἔφη,
1066 1937 1138 2007 ὥς
1168 1937 1236 1998 οὐ
1267 1938 1461 2012 πολλὰ,
1487 1938 1607 1997 ἀλλ’
1636 1937 1799 2012 ἥδιον

184 2026 458 2084 ἀκούοντι.
527 2023 675 2083 Ἀλλ’
710 2022 777 2083 οὗ
815 2027 1003 2098 μέντοι
1033 2044 1147 2096 σοι,
1187 2017 1259 2097 ἦν
1291 2023 1342 2082 δ’
1382 2024 1516 2096 ἐγώ,
1542 2023 1798 2082 Ἀλκίνου

186 2135 248 2183 γε
290 2108 565 2183 ἀπόλογον
606 2114 742 2185 ἐρῶ,
797 2107 934 2166 ἄλλα
976 2106 1211 2182 ἀλκίμου
1261 2110 1363 2182 μὲν
1403 2107 1605 2180 ἀνδρὸς
1637 2107 1798 2181 Ἠρὸς

185 2198 285 2252 τοῦ
306 2194 627 2268 Ἀρμενίου,
659 2194 719 2251 τὸ
750 2197 909 2266 γένος
940 2192 1284 2266 Παμφύλου·
1331 2189 1391 2258 ὅς
1422 2214 1554 2248 ποτε
1595 2195 1656 2248 ἐν
1696 2213 1799 2248 πο-

121 2302 164 2333 25
190 2282 334 2354 λέμῳ
365 2277 724 2350 τελευτήσας,
767 2275 1183 2350 ἀναιρεθέντων
1226 2281 1533 2333 δεκαταίων
1563 2280 1675 2332 τῶν
1705 2300 1800 2333 νε-

189 2365 341 2434 κρῶν
370 2361 477 2434 ἤδη
511 2363 970 2434 διεφθαρμένων,
1001 2353 1165 2433 ὑγιὴς
1195 2384 1297 2432 μεν
1328 2359 1609 2434 ἀνῃρέθη,
1643 2384 1800 2432 κομι-

188 2448 348 2511 σθεὶς
380 2446 442 2502 δε
471 2450 680 2517 οἰκαδε,
705 2447 923 2518 μέλλων
952 2444 1273 2502 θάπτεσθαι
1307 2450 1676 2511 δωδεκαταιος
1710 2446 1798 2501 ἐπὶ

187 2534 253 2604 τῇ
284 2536 435 2605 πυρᾷ
466 2535 715 2603 κείμενος
745 2527 981 2602 ἀνεβίω,
1011 2526 1278 2602 ἀναβιοὺς
1313 2530 1372 2586 δὲ
1403 2536 1594 2601 ἔλεγεν
1622 2525 1658 2585 ἃ
1690 2531 1807 2585 ἐκεῖ

189 2619 314 2671 ἴδοι.
393 2619 441 2671 3.
486 2621 591 2687 ἔφη
626 2614 715 2684 δὲ,
749 2612 942 2686 ἐπειδή
973 2617 1028 2672 οἱ
1058 2616 1286 2686 ἐκβῆναι
1315 2613 1419 2685 τὴν
1450 2613 1663 2686 ψυχὴν,
1697 2635 1799 2669 πο-

123 2721 165 2753 3ο
190 2697 457 2771 ρεύεσθαι
487 2696 620 2771 μετὰ
652 2701 891 2770 πολλῶν,
924 2700 1014 2755 καὶ
1046 2695 1410 2771 ἀφικνεῖσθαι
1434 2700 1576 2770 σφοῖς
1602 2703 1679 2763 εἰς
1709 2695 1801 2753 τό-

307 2893 357 2931 17
395 2889 558 2932 Ταῦτα
581 2888 655 2945 —]
691 2891 803 2943 Rep.
831 2893 882 2932 10
903 2905 945 2944 p.
968 2894 1062 2934 614.

1815 1709 1907 1751 (563)

1823 2637 1846 2668 b
