2014 3146
211 124 316 177 238
892 123 1140 166 EUSEBII

343 246 388 299 7.
423 243 533 297 Καὶ
566 242 803 311 ἐπιλέγει

331 323 615 397 “Δεσμοῖς
645 346 703 380 τε
736 321 996 396 ἐμψύχοις
1037 322 1260 426 στόμαῖα
1293 325 1529 380 δεθέντα
1561 327 1667 401 ζῷα
1700 327 1819 396 ε’γε-

213 407 392 482 νήθη,
424 406 487 464 τό
517 432 576 465 τε
605 408 958 481 προσταχθὲν
991 404 1222 480 ἔμαθε.”

340 497 386 549 8.
423 494 532 550 Καὶ
567 495 626 550 ἐν
655 498 730 568 τῷ
764 490 974 568 δεκάτῳ
1005 498 1116 549 τῶν
1155 490 1365 565 Νόμων
1405 489 1652 549 καθόλου
1693 494 1817 567 περὶ

213 575 392 648 πάσης
424 580 603 649 ψυχῆς
634 577 1005 648 ἀποφαίνεται
1035 579 1217 648 λέγων
1248 568 1361 633 ωδε
1843 587 1871 632 5

331 659 726 733 “Μεταβάλλει
775 664 1025 734 μέντοιγε
1077 659 1250 718 πάνθ’
1308 659 1411 717 ὅσα
1459 658 1659 733 μέτοχά
1710 662 1822 716 ἐστι

213 748 390 818 ψυχῆς
411 790 425 818 ,
462 748 521 802 έν
552 747 767 811 ἑαυτοῖς
799 747 1103 818 κεκτημένα
1133 742 1235 818 τὴν
1273 748 1367 817 τῆς
1397 747 1703 818 μεταβολῆς
1735 749 1824 800 αἰ-

211 835 362 886 τίαν
415 828 794 902 μεταβαλόντα
840 830 902 886 δε
942 833 1166 903 φέρεται
1207 827 1344 886 κατὰ
1373 828 1475 902 τὴν
1503 832 1599 901 τῆς
1632 832 1823 901 εἱμαρ-

211 915 378 986 μένης
436 912 589 981 τάξιν
638 916 729 970 καὶ
770 913 967 987 νόμον
1037 912 1333 987 μικρότερα
1372 938 1473 987 μεν
1517 918 1630 970 τῶν
1660 910 1823 984 ῆθῶν

211 997 588 1071 μεταβαλόντα
621 997 822 1054 ἐλάττω
854 996 990 1055 κατὰ
1018 996 1078 1054 τό
1108 1003 1204 1071 τῆς
1224 997 1404 1072 χώρας
1437 1000 1701 1054 ἐπίπεδον
1725 1020 1823 1070 με-
1846 1023 1892 1054 10

99 1100 194 1144 [412]
212 1081 575 1156 ταπορεύεται
588 1127 603 1154 ,
646 1089 818 1140 πλείω
862 1083 922 1139 δὲ
962 1083 1054 1138 καὶ
1094 1079 1403 1157 ἀδικώτερα
1445 1080 1852 1155 μεταπεσόντα.

163 1287 180 1308 c

214 1172 290 1232 εἰς
321 1165 554 1239 βάθος.”

340 1256 385 1308 9.
430 1257 506 1308 Εἰ
535 1249 602 1323 δὴ
633 1243 735 1308 οὖν
764 1250 1094 1324 μεταβάλλει
1126 1249 1298 1309 πάνθ’
1344 1247 1447 1308 ὅσα
1476 1249 1676 1324 μέτοχά
1707 1254 1822 1308 ε’στι

211 1341 391 1408 ψυχῆς
434 1339 494 1392 ἐν
537 1338 752 1402 ἑαυτοῖς
792 1339 1096 1409 κεκτημένα
1134 1334 1236 1410 τὴν
1273 1339 1368 1409 τῆς
1398 1339 1703 1409 μεταβολῆς
1736 1341 1823 1392 αἰ-

209 1425 362 1492 τίαν,
403 1416 639 1494 οὐρανὸς
682 1421 743 1477 δὲ
785 1423 874 1478 καὶ
917 1420 1068 1495 ἥλιος
1109 1423 1199 1478 καὶ
1243 1419 1447 1530 σελήνη
1478 1419 1677 1493 μέτοχά
1709 1423 1821 1477 ἐστι
1844 1443 1887 1476 15

212 1507 391 1577 ψυχῆς
422 1502 546 1561 κατ’
580 1503 750 1562 αὐτὸν
770 1503 867 1562 τὸν
896 1504 1191 1578 Πλάτωνα,
1225 1508 1316 1562 καὶ
1335 1508 1506 1563 ταῦτα
1527 1502 1635 1578 άρα
1656 1528 1824 1578 μετα-

164 1613 183 1644 d
211 1586 406 1660 βάλλοι
447 1585 516 1646 ἂν
558 1592 617 1646 ἐν
664 1592 881 1656 εαυτοϊς
923 1592 1228 1663 κεκτημένα
1258 1589 1362 1662 τὴν
1391 1593 1486 1662 τῆς
1516 1592 1822 1663 μεταβολῆς

210 1679 394 1730 αἰτίαν
424 1697 562 1730 κατα
591 1671 687 1731 τὸν
719 1671 893 1731 αυτοῦ
922 1672 1099 1747 λόγον.
1145 1697 1260 1741 πως
1280 1675 1384 1732 οὐν
1405 1672 1574 1731 πάλιν
1604 1672 1820 1740 ἀϊδίους

211 1755 411 1823 αὐτοὺς
464 1757 606 1815 εἶναι
649 1761 740 1815 καὶ
783 1758 874 1815 δια
914 1783 1073 1838 τουτο
1114 1758 1298 1825 θεούς
1323 1776 1487 1831 φησι,
1530 1763 1727 1830 καίπερ
1761 1761 1821 1814 ἐν

211 1839 419 1914 σώματι
451 1845 687 1926 φθαρτω
715 1839 877 1909 ὄντας
908 1845 999 1899 καὶ
1029 1847 1274 1916 λυθῆναι
1304 1847 1457 1908 οιόυς
1486 1866 1571 1911 τε;
1616 1846 1695 1898 10.
1730 1843 1821 1898 λέ-
1842 1864 1885 1897 20

211 1948 295 1997 γει
328 1924 381 1981 δ’
417 1949 521 1982 ουν
553 1925 721 1984 πάλιν
753 1929 812 1983 ἐν
850 1933 1061 2002 Τιμαίω

333 2005 523 2067 “Ἐπεὶ
559 2009 608 2066 δ’
646 2003 748 2067 οὖν
779 2009 982 2077 πάντες
1013 2008 1131 2068 όσοι
1160 2034 1219 2067 τε
1259 2013 1621 2083 περιπολοῦσι
1651 2034 1820 2082 φανε-

212 2117 321 2167 ρως
362 2095 452 2150 καὶ
485 2093 601 2151 ὅσοι
647 2104 943 2167 φαίνονται
973 2092 1108 2153 καθ’
1152 2092 1287 2152 όσον
1326 2090 1396 2151 civ
1429 2097 1663 2151 ἐθέλωσι
1694 2097 1819 2151 θεοὶ

211 2180 430 2249 γένεσιν
463 2183 640 2251 ἔσχον,
674 2183 820 2252 λέγει
851 2179 986 2253 πρὸς
1017 2177 1219 2246 αὐτους
1248 2175 1276 2236 ὁ
1307 2177 1434 2236 τόδε
1464 2177 1523 2235 τὸ
1554 2201 1666 2236 παν
1696 2202 1819 2250 γεν-

210 2260 385 2333 νήσας
417 2261 572 2319 τάδε·
632 2266 758 2321 θεοὶ
788 2268 969 2337 θεων,
1015 2289 1094 2321 ων
1136 2261 1240 2336 ε’γω
1274 2261 1606 2337 δημιουργὸς
1638 2261 1818 2336 πατήρ
1841 2284 1883 2318 25

210 2368 268 2401 τε
301 2353 508 2419 ἔργων,
541 2344 715 2404 άλυτα
758 2351 888 2421 ἐμοῦ
927 2346 1003 2422 μὴ
1033 2345 1441 2414 θέλοντος.τὸ
1482 2371 1584 2420 μεν
1614 2347 1718 2404 οὐν
1750 2345 1819 2455 δη

213 2430 383 2487 δεθεν
423 2433 535 2487 πᾶν
586 2430 778 2488 λυτόν
835 2431 897 2490 τό
938 2456 1002 2505 γε
1040 2433 1150 2506 μὴν
1195 2434 1372 2498 καλως
1412 2427 1696 2505 αρμοσθεν
1727 2433 1818 2487 καὶ

211 2519 337 2586 ἔχον
369 2506 432 2571 εὖ
461 2514 618 2571 λύειν
650 2519 867 2574 ε’θέλειν
887 2520 1076 2574 κακοῦ.
1132 2515 1202 2573 δι’
1231 2513 1265 2572 δι’
1289 2519 1379 2573 καὶ
1413 2519 1635 2589 ἐπείπερ
1667 2518 1818 2587 γεγέ-

210 2608 418 2670 νησθε,
460 2596 732 2656 ἀθάνατοι
773 2602 874 2673 μὲν
915 2593 1017 2659 οὖν
1047 2597 1148 2658 οὐκ
1181 2601 1326 2673 ἐστὲ,
1375 2596 1499 2658 οὐδ’
1537 2597 1727 2656 ἅλυτοι
1757 2596 1816 2654 τὸ

101 2702 190 2742 (704)
211 2680 467 2754 πάμπαν·
516 2683 634 2740 οὔτι
665 2685 767 2756 μὲν
799 2684 867 2758 δὴ
899 2683 1227 2758 λυθήσεσθέ
1255 2709 1348 2758 γε,
1392 2683 1522 2742 οὐδὲ
1551 2681 1814 2750 τεύξεσθε
1839 2704 1879 2736 3ο

323 2822 350 2858 4
382 2816 432 2860 ἕν
455 2819 517 2870 τῷ
542 2815 724 2872 δεκάτῳ
748 2820 840 2862 τῶν
862 2816 1056 2874 Νόμων]
1091 2835 1133 2875 Ρ.
1157 2824 1252 2863 904.

295 2877 345 2915 21
380 2869 432 2916 ἐν
458 2864 662 2929 Τιμαίῳ]
695 2891 737 2928 Ρ.
758 2878 827 2918 41.
