2014 3146
604 103 816 146 PRAEP.
845 101 1066 148 EVANG.
1099 104 1197 146 XV.
1233 105 1271 147 9.
1308 105 1374 144 10.
1692 97 1796 150 363

190 229 415 292 κίνητον
455 215 631 290 αὐτήν
671 241 882 292 φαμεν,
924 216 1073 292 παρὰ
1107 222 1221 276 τῶν
1259 219 1399 292 μηδὲ
1443 217 1503 274 τὸ
1535 215 1799 290 παράπαν

190 304 330 378 αὐτῇ
361 311 583 376 κίνησιν
613 303 923 376 νεμόντων;
982 309 1061 361 13.
1095 309 1213 360 ναί·
1270 301 1409 360 ἀλλὰ
1440 300 1575 359 κατά
1606 327 1668 374 γε
1697 301 1798 374 τὴν
1822 327 1842 357 d

189 387 510 446 ἀθανασίαν
555 391 653 444 τοῦ
699 390 804 444 νοῦ
852 387 1028 460 φήσαι
1066 412 1146 454 τις
1186 384 1258 444 ἂν
1297 385 1466 445 αὐτὸν
1504 400 1798 444 κοινωνεῖν

188 473 466 531 Πλάτωνι.
528 474 618 529 καὶ
659 496 763 546 γαρ
797 478 847 529 εί
874 473 948 545 μὴ
979 475 1163 530 πᾶσαν
1193 470 1452 545 βούλεται
1481 469 1584 543 τὴν
1614 469 1800 544 ψυχὴν

143 587 164 620 5
189 555 476 616 ἆθανατον
517 556 688 628 εἶναι,
728 555 825 614 τόν
864 580 928 629 γε
967 561 1105 614 νοῦν
1143 553 1402 630 ὁμολογεῖ
1427 555 1589 614 θεῖόν
1617 581 1675 613 τε
1706 580 1798 612 και

188 641 482 717 αφθαρτον
526 642 683 699 εἶναι.
757 648 838 707 τίς
883 665 985 714 μεν
1028 634 1130 699 οῦν
1174 639 1275 713 τὴν
1318 639 1518 698 οὐσίαν
1562 643 1653 697 καὶ
1698 639 1799 713 τὴν

189 726 364 800 φύσιν
393 722 422 783 ὁ
459 730 621 796 νοῦς,
663 724 803 783 ὅθεν
834 721 940 796 ὢν,
982 729 1073 782 καὶ
1105 724 1284 782 πόθεν
1317 725 1798 799 ἐπεισκρινόμενος

187 826 302 878 τοῖς
333 808 674 885 ἆνθρωποις,
706 811 798 871 καὶ
830 812 940 866 ποῦ
970 809 1137 867 παλιν
1167 808 1662 882 απαλλαττόμενος,
1695 807 1799 866 αῦ-

189 895 278 963 τός
309 921 380 952 αν
411 900 611 966 εἰδείη
670 903 724 951 εἴ
757 895 826 966 γε’
859 918 912 950 τι
953 902 1215 994 συνίησιν
1247 895 1326 950 ὠν
1366 895 1512 965 λέγει
1543 896 1670 965 περὶ
1701 897 1800 949 τοῦ

126 1005 166 1036 10
191 984 312 1052 νοῦ,
347 983 438 1037 καὶ
467 978 541 1052 μὴ
571 978 630 1035 τὸ
662 976 873 1050 ἄπορον
893 982 993 1036 τοῦ
1012 1001 1327 1052 πραγματος
1357 981 1436 1054 τῷ
1465 976 1674 1050 ασαφεῖ
1699 981 1800 1034 τοῦ

188 1064 356 1138 λόγου
385 1065 757 1138 περιστέλλων
798 1066 1069 1131 ἐξίσταται
1098 1063 1195 1120 τὸν
1226 1037 1478 1136 ἕλεγχόν,
1523 1061 1709 1135 ὥσπερ
1741 1066 1802 1119 αἱ

189 1156 384 1222 σηπίαι
406 1147 466 1206 τό
499 1146 889 1220 δυσθήρευτον
915 1151 974 1204 ἐκ
997 1149 1097 1204 τοῦ
1119 1153 1406 1205 σκοτεινοῦ
1427 1145 1798 1220 ποριζόμενος.

191 1239 270 1291 14.
303 1232 522 1300 πάντως
568 1233 630 1289 δὲ
673 1235 766 1289 καὶ
813 1235 872 1289 ἐν
901 1231 1114 1298 τούτοις
1160 1234 1478 1306 διαφέρεται
1519 1230 1796 1289 Πλάτωνι.

186 1315 216 1375 ὁ
240 1319 342 1392 μὲν
364 1316 469 1390 γάρ
494 1335 631 1390 φησι
654 1321 796 1375 νοῦν
816 1314 954 1374 ἄνευ
984 1321 1162 1391 ψυχῆς
1193 1314 1471 1374 ἀδύνατον
1502 1316 1643 1372 εἶναι
1666 1334 1798 1372 συν-

124 1425 165 1457 15
189 1410 477 1474 ίστασθαι,
518 1400 547 1459 ὁ
592 1402 653 1458 δὲ
692 1408 908 1475 χωρίζει
937 1405 1032 1474 τῆς
1062 1407 1241 1475 ψυχῆς
1270 1401 1367 1458 τὸν
1395 1405 1551 1458 νοῦν.
1615 1402 1706 1456 καὶ
1737 1399 1797 1456 τὸ

186 1491 282 1560 τῆς
312 1484 624 1553 ἀθανασίας
654 1484 683 1543 ὁ
714 1487 815 1558 μὲν
859 1486 995 1559 μετὰ
1023 1493 1118 1558 τῆς
1149 1490 1328 1559 ψυχῆς
1360 1484 1512 1563 αὐτῷ
1541 1490 1795 1555 δίδωσιν,
1813 1499 1902 1539 (811)

189 1569 261 1638 ὥς
291 1569 469 1638 ἄλλως
499 1567 602 1627 οῦκ
633 1569 1022 1643 ἐνδεχόμενον,
1068 1567 1097 1627 ὁ
1131 1573 1196 1627 δέ
1235 1588 1408 1642 φησιν
1452 1567 1601 1646 αὐτῷ
1645 1568 1798 1645 μόνω

187 1658 532 1731 χωριζομένῳ
572 1659 667 1727 τῆς
698 1659 876 1728 ψυχῆς
917 1658 1078 1712 τοῦτο
1108 1661 1512 1727 περιγίνεσθαι.
1574 1656 1666 1710 καὶ
1696 1653 1799 1726 τὴν

187 1741 290 1814 μὲν
320 1739 507 1813 ψυχὴν
546 1742 645 1796 τοῦ
675 1738 924 1812 σώματος
969 1738 1073 1796 οὐκ
1104 1736 1342 1811 ἠξίωσεν
1373 1743 1682 1811 ἐκβαίνειν,
1714 1735 1797 1794 ὅτι

100 1828 166 1879 ’20
188 1823 451 1882 Πλατωνι
495 1829 657 1881 τοῦτο
687 1821 878 1897 ἤρεσε,
924 1823 1022 1881 τὸν
1064 1825 1124 1881 δε
1163 1828 1302 1882 νοῦν
1331 1821 1798 1898 ἀπορρήγνυσθαι

186 1934 281 2009 της
320 1897 498 1982 ψυχῆς
541 1905 886 1982 ἠναγκασεν,
925 1907 1009 1966 ὅτι
1048 1907 1330 1966 αδῦνατον
1373 1914 1515 1981 ἔγνω
1556 1905 1797 1966 Πλατων

186 1992 246 2051 τὸ
277 1998 508 2050 τοιοῦτο.

322 2080 504 2136 Ταῦτα
535 2101 636 2149 μεν
666 2073 694 2133 ὁ
720 2073 972 2143 Ἀττικός.
1030 2075 1264 2143 συναψω
1299 2078 1362 2133 δε
1392 2073 1580 2141 αὐτοῖς
1610 2077 1701 2132 καὶ
1732 2099 1799 2131 τα

188 2168 484 2219 Πλωτίνου
514 2159 664 2217 τόνδ’
705 2167 898 2232 ἔχοντα
926 2161 1025 2217 τὸν
1053 2159 1259 2233 τρόπον

125 2266 167 2300 25
323 2257 382 2306 X.
414 2243 535 2303 “Tb
578 2245 638 2301 δὲ
676 2248 771 2316 τῆς
813 2248 1148 2318 ἐντελεχείας
1200 2237 1304 2301 ὧδ’
1346 2242 1417 2301 ἄν
1456 2267 1537 2309 τις
1579 2244 1797 2300 ἐπισκέ-

187 2344 349 2399 ψαιτο
393 2351 507 2395 πως
550 2331 676 2403 περὶ
717 2334 894 2401 ψυχῆς
935 2330 1164 2400 λέγεται.
1252 2329 1353 2402 τὴν
1394 2327 1583 2402 ψυχήν
1623 2347 1797 2400 φασιν

192 2418 250 2471 ἐν
289 2417 366 2490 τῷ
407 2416 664 2471 συνθέτω
696 2419 883 2480 εἴδους
914 2413 1068 2481 τάξιν
1100 2438 1171 2480 ως
1202 2411 1336 2486 πρὸς
1376 2411 1520 2484 ῦλην
1548 2412 1607 2469 τὸ
1640 2434 1796 2485 σωμα

191 2473 438 2571 ἕμψῦχον
470 2503 640 2570 ἔχειν,
673 2516 921 2569 σωματος
955 2499 1017 2554 δε
1047 2497 1114 2556 οὐ
1145 2497 1349 2564 παντὸς
1381 2497 1554 2569 εἶδος,
1593 2493 1728 2554 οὐδε
1761 2498 1795 2569 ᾗ

190 2600 365 2656 σωμα,
397 2580 537 2638 αλλὰ
567 2585 830 2655 φυσικοῦ,
862 2579 1182 2655 ὀργανικοῦ,
1215 2580 1448 2655 δυναμει
1475 2576 1618 2654 ζωην
1646 2586 1795 2653 ἔχον-

126 2688 168 2721 30
190 2691 295 2733 τος.
367 2671 415 2724 2.
462 2672 512 2723 εἰ
548 2689 651 2739 μεν
691 2667 793 2723 οὐν
833 2658 870 2741 ᾗ
909 2668 1324 2740 παραβέβληται
1366 2663 1665 2740 ωμοίωται,
1723 2688 1796 2729 ως

189 2750 375 2824 μορφὴ
415 2748 745 2822 ἀνδριαντος
797 2749 932 2823 πρὸς
983 2750 1213 2824 χαλκόν
1269 2754 1360 2808 καὶ
1405 2750 1795 2822 διαιρουμένου

190 2838 290 2892 τοῦ
319 2834 566 2908 σώματος
611 2841 1043 2909 συμμερίζεσθαι
1072 2837 1173 2908 τὴν
1204 2834 1421 2908 ψυχὴν,
1467 2835 1558 2890 καὶ
1590 2830 1796 2889 ἀποκο-

1813 2340 1906 2383 474]
