2014 3146
223 137 225 140 ·
271 115 375 168 104
951 115 1200 158 EUSEBH

268 233 442 306 εἶναι,
492 230 595 304 τὴν
635 233 696 288 δὲ
739 229 1014 304 φρόνησιν
1053 229 1334 305 γνώριμον
1385 239 1738 305 περιποίησαι
1783 249 1876 289 σε-

270 315 472 394 αυτῷ.”
547 318 640 373 καὶ
669 311 881 381 “ὁδοῦς
921 313 1141 387 ἀσεβῶν
1178 313 1252 389 μὴ
1299 317 1565 391 ἐπέλθῃς,
1606 317 1747 390 μηδὲ
1787 324 1875 389 ζη-

269 400 451 475 λώσῃς
480 399 646 466 ὁδοὺς
675 395 1070 472 παρανόμων.”
1131 405 1303 472 μυρία
1334 398 1387 456 δ’
1425 397 1495 458 ἀν
1526 399 1707 474 εῦροις
1737 399 1877 458 ἄλλα

198 503 209 509 ·
268 488 494 542 τοιαῦτα
526 488 586 542 ἐν
615 498 729 550 τοῖς
752 479 1027 556 Ἑβραίων
1056 481 1354 557 γράμμασι,
1390 483 1718 542 παιδευτικά
1740 484 1878 559 πρὸς

270 567 559 640 εὐσεβείας
590 570 683 625 καὶ
712 566 909 641 ἀρετῆς
939 566 1247 641 ἀνάληψιν,
1289 570 1434 635 νέοις
1474 567 1613 642 ὁμοῦ
1655 571 1748 626 καὶ
1787 592 1877 626 τε-
1919 592 1944 625 5

270 662 436 720 λείοις
466 651 568 726 τὴν
596 651 820 725 ἡλικίαν
850 650 1214 725 προσήκοντα.

223 759 242 791 d
395 749 519 798 XIX.
578 741 688 796 Τοῦ
718 743 882 794 θείου
912 740 1159 810 χρησμοῦ
1189 735 1470 809 φήσαντος
1494 733 1739 795 Μωσεῖ“
1757 733 1878 811 ὅρα,

270 821 516 895 ποιήσεις
547 820 727 880 πάντα
757 820 895 878 κατὰ
924 819 1020 878 τὸν
1044 820 1221 878 τύπον
1250 819 1347 879 τὸν
1379 824 1672 896 δειχθέντα
1703 840 1788 879 σοι
1822 824 1882 878 ἐν

269 911 345 984 τῷ
391 905 569 980 ὅρει·”
648 909 747 964 τοῦ
789 930 848 963 τε
881 907 1033 980 ἱεροῦ
1061 903 1229 978 λόγου
1261 909 1603 980 σαφέστερον
1634 904 1882 973 εἰπόντος

264 987 293 1010 “
311 996 511 1058 οἵτινες
542 989 906 1064 ὑποδείγματι
950 992 1042 1046 καὶ
1087 993 1215 1066 σκιᾷ
1246 989 1543 1064 ἐλάτρευον
1571 996 1684 1048 τῶν
1716 993 1883 1047 ἐπου-
1907 1012 1950 1043 10

273 1073 542 1148 ρανίων”,
576 1074 762 1134 εἰκόνα
792 1097 851 1131 τε
881 1071 1141 1147 ἄντικρυς
1179 1078 1292 1132 τῶν
1331 1078 1392 1132 ἐν
1421 1088 1638 1147 νοητοῖς
1667 1077 1884 1132 θειοτέ-

160 1177 252 1219 (593)
273 1185 388 1235 ρων
417 1158 483 1216 τά
513 1158 661 1233 παρὰ
692 1168 896 1218 Μωσεϊ
923 1157 1174 1232 σύμβολα
1204 1160 1479 1232 περιέχειν
1504 1158 1882 1229 διδάσκοντος,

275 1243 586 1302 ἐπάκουσον
615 1241 764 1310 ὅπως
795 1245 887 1300 καὶ
918 1239 946 1300 ὁ
977 1242 1217 1300 Πλάτων
1247 1243 1314 1300 τὰ
1345 1241 1505 1317 ὅμοια
1531 1242 1884 1318 διερμηνεύει

273 1333 335 1387 ἐν
366 1332 503 1406 ἕκτῳ
532 1331 627 1401 τῆς
658 1333 951 1394 Πολιτείας
984 1318 1094 1385 οἶδε
1123 1326 1358 1400 γράφων

399 1418 446 1470 2.
489 1409 659 1489 (ςΘεῷ
702 1411 770 1484 δὴ
811 1414 904 1469 καὶ
943 1411 1199 1489 κόσμῳ”ὅ
1231 1435 1293 1484 γε
1333 1411 1635 1485 φιλόσοφος
1675 1408 1883 1485 ὁμιλῶν
1909 1431 1950 1463 15

273 1496 494 1571 κόσμιός
525 1521 583 1555 τε
614 1499 705 1554 καὶ
737 1508 892 1563 θεῖος
926 1502 1001 1563 εἰς
1030 1495 1090 1553 τό
1124 1494 1366 1554 δυνατὸν
1388 1493 1674 1573 ἀνθρώπῳ
1698 1503 1886 1569 γίγνε-

271 1598 385 1639 ται·
437 1582 673 1683 διαβολη
702 1582 763 1638 δε
796 1584 855 1638 ἐν
885 1584 1018 1638 πᾶσι
1048 1579 1239 1653 πολλή.
1325 1586 1373 1638 3.
1422 1579 1755 1639 Παντάπασι
1785 1605 1888 1654 μεν

272 1659 389 1724 οῦν.
466 1663 569 1724 Αν
608 1667 712 1723 οὐν
750 1690 860 1738 τις,
905 1665 1089 1738 εἷπον,
1131 1662 1279 1742 αὐτῷ
1310 1663 1524 1737 ἀνάγκη
1553 1668 1809 1738 γένηται,
1851 1663 1885 1720 ἃ

274 1755 386 1808 εκεῖ
415 1748 536 1825 ὁρᾷ,
568 1754 858 1823 μελετῆσαι
900 1755 976 1816 εἰς
1017 1747 1338 1823 ἀνθρώπων
1378 1747 1493 1822 ἤθη
1524 1751 1615 1806 καὶ
1648 1755 1765 1806 ἰδία
1795 1751 1888 1805 καὶ

276 1840 515 1909 δημοσίᾳ
544 1835 780 1904 τιθέναι,
813 1836 905 1890 καὶ
934 1832 1009 1906 μὴ
1039 1832 1212 1906 μόνον
1245 1833 1445 1890 ἑαυτὸν
1475 1832 1756 1905 πλάττειν,
1778 1825 1884 1906 ἀρα
1908 1854 1952 1886 20

231 1943 253 1974 b
279 1917 449 1990 κακὸν
494 1917 833 1991 δημιουργὸν
873 1915 1041 1974 αὐτὸν
1081 1927 1184 1974 οἰέι
1223 1916 1565 1989 γενήσεσθαι
1596 1916 1888 1990 σωφροσύ-

277 2027 376 2075 νης
407 2026 464 2060 τε
495 2005 587 2059 καὶ
619 2000 998 2086 δικαιοσύνης
1017 2003 1108 2057 καὶ
1149 2000 1435 2074 ξυμπάσης
1463 2005 1558 2073 τῆς
1593 2005 1887 2074 δημοτικῆς

276 2086 502 2161 ἀρετῆς;
562 2084 798 2144 Ἰ-Ικιστά
835 2109 924 2158 γε,
967 2110 1001 2157 η
1029 2082 1080 2141 δ’
1114 2084 1187 2152 ὅς.
1276 2090 1325 2143 4.
1376 2084 1520 2144 Ἀλλ’
1560 2085 1656 2142 ἐὰν
1699 2085 1768 2157 δὴ
1799 2097 1889 2143 αἰ]-

276 2182 527 2229 σθωνται
566 2195 618 2228 οι
657 2173 850 2229 πολλοὶ
901 2167 983 2227 ὅτι
1023 2168 1208 2242 ἀληθῆ
1247 2171 1372 2243 περὶ
1413 2166 1585 2227 αὐτοῦ
1634 2171 1884 2242 λέγομεν,

278 2259 654 2329 χαλεπανοῦσι
706 2254 773 2327 δὴ
822 2268 936 2320 τοῖς
975 2253 1299 2326 φιλοσόφοις
1357 2256 1448 2311 καὶ
1488 2251 1887 2326 ἀπιστήσουσιν
1909 2281 1953 2314 25

281 2336 413 2412 ἡμῖν
453 2341 711 2410 λέγουσιν
753 2335 824 2405 ὡς
867 2336 970 2396 οῦκ
1001 2337 1070 2395 ἄν
1100 2361 1230 2396 ποτε
1261 2336 1438 2404 ἄλλως
1471 2337 1889 2410 εὐδαιμονήσειε

280 2421 465 2494 πόλις,
514 2429 565 2480 εἰ
601 2448 676 2522 μη
715 2420 892 2495 αὐτὴν
933 2422 1301 2496 διαγράψειαν
1340 2427 1397 2480 οἶ
1432 2426 1507 2499 τῷ
1537 2429 1678 2498 θείῳ
1710 2444 1890 2495 παρα-

282 2511 533 2579 δείγματι
563 2506 833 2612 χρεόμενοι
865 2506 1169 2579 ζωγράφοι;
1243 2511 1290 2563 5
1345 2504 1429 2564 Οὐ
1460 2510 1890 2580 χαλεπανοῦσιν,

279 2592 313 2663 ἡ
357 2589 406 2647 δ’
455 2588 541 2661 ὃς,
585 2588 681 2647 ε’άν
720 2613 822 2663 περ
864 2600 1186 2647 αἴσθωνται.
1262 2587 1419 2647 Ἀλλὰ
1461 2588 1528 2661 δη
1559 2595 1683 2646 τίνα
1715 2591 1888 2661 λέγεις

278 2672 486 2747 τρόπον
510 2677 604 2745 τῆς
632 2677 966 2746 διαγραφῆς;
1014 2673 1331 2745 Λαβόντες,
1347 2667 1417 2745 ἧν
1449 2672 1501 2730 δ’
1541 2672 1667 2744 ἐγὼ,
1700 2671 1887 2744 ω’σπερ
1911 2701 1954 2732 30

397 2869 449 2908 15
482 2864 585 2923 Θεῷ
620 2863 679 2918 δὴ
714 2865 782 2919 -]
819 2866 956 2908 Plato
987 2867 1100 2919 Rep.
1135 2869 1173 2907 6.
1208 2880 1250 2918 p.
1282 2865 1378 2906 500.
