2014 3146
278 119 380 171 146
960 119 1206 161 EUSEBH

407 233 695 307 Οὐδαμῶς.

402 316 651 391 Πότερον
681 310 784 374 οὖν
817 316 885 389 δὴ
926 320 1101 391 ψυχῆς
1144 315 1203 375 τὸ
1236 320 1394 390 γένος
1427 319 1682 391 ἐγκρατὲς
1713 317 1880 393 οὐρα-

274 407 376 460 νοῦ
404 403 496 459 καὶ
526 406 626 475 γῆς
657 403 748 458 καὶ
779 399 957 474 πάσης
997 406 1094 474 τῆς
1132 400 1397 476 περιόδου
1443 405 1729 475 γεγονέναι
1759 407 1881 476 φῶ-

274 510 379 560 μεν
418 480 479 544 τὸ
511 487 786 560 φρόνιμον
816 488 908 542 καὶ
947 483 1143 560 ἀρετῆς
1182 489 1414 560 πλῆρες,
1448 483 1482 558 ἢ
1516 485 1576 544 τὸ
1609 489 1881 589 μηδέτερα

274 573 638 644 κεκτημένον;
712 568 987 642 βούλεσθε
1017 572 1119 627 οὐν
1150 571 1284 644 πρὸς
1314 574 1484 627 ταῦτα
1515 562 1625 627 ωδε
1656 570 1879 646 ἀποκρι-
1924 596 1945 629 5

273 654 530 728 νώμεθας

229 768 246 790 0
401 743 559 812 11q393

402 828 483 881 22.
533 829 607 881 Εἰ
633 823 753 896 μὲν,
787 814 830 879 ὦ
862 821 1160 895 θαυμάσιε,
1193 825 1405 895 φῶμεν,
1437 818 1470 895 ἡ
1504 820 1760 895 ξύμπασα
1790 819 1881 879 οὐ-

275 911 453 1010 ρανοῦ
491 903 618 973 ὁδὸς
660 904 770 980 ἅμα
811 909 902 963 καὶ
944 905 1090 979 φορὰ
1133 909 1225 963 καὶ
1265 911 1378 963 τῶν
1421 909 1480 963 ἐν
1523 903 1672 983 αὐτῷ
1702 904 1882 964 ὅντων

274 990 537 1049 ἁπάντων
589 995 690 1047 νοῦ
739 989 953 1063 κινήσει
993 993 1085 1047 καὶ
1137 993 1414 1066 περιφορᾷ
1457 993 1549 1047 καὶ
1600 998 1880 1064 λογισμοῖς
1902 1016 1944 1048 10

273 1074 472 1156 ὁμοιαν
516 1074 692 1148 φύσιν
733 1081 841 1148 ἔχει
882 1077 974 1131 καὶ
1006 1079 1284 1147 ξυγγενῶς
1316 1080 1552 1149 ἔρχεται,
1598 1078 1768 1147 δῆλον
1808 1073 1881 1141 ὡς

273 1159 374 1233 τὴν
405 1158 636 1234 άρίστην
667 1158 853 1232 ψυχὴν
883 1161 1089 1232 φατέον
1121 1163 1503 1232 ἐπιμελεῖσθαι
1543 1164 1640 1216 τοῦ
1671 1157 1881 1232 κόσμου

272 1243 478 1311 παντὸς
523 1246 614 1301 καὶ
654 1241 811 1315 ἄγειν
854 1241 1022 1301 αὐτὸν
1052 1243 1154 1316 τὴν
1185 1241 1444 1316 τοιαύτην
1473 1241 1608 1301 ὁδὸν
1640 1245 1876 1316 ἐκείνην.

397 1326 621 1402 Ὀρθῶς.

399 1417 483 1470 23.
530 1419 605 1469 Εἰ
634 1412 694 1468 δὲ
723 1414 967 1485 μανικοῖς
997 1435 1055 1469 τε
1086 1413 1176 1469 καὶ
1208 1408 1453 1479 ἀτάκτως
1494 1419 1736 1485 ἔρχεται,
1779 1411 1880 1486 τὴν
1902 1435 1943 1468 15

272 1495 463 1569 κακήν

402 1583 510 1638 Καὶ
541 1584 713 1637 ταῦτα
743 1577 1034 1654 ὀρθότατα.

407 1671 545 1722 Τίνα
576 1656 679 1722 οὖν
713 1662 780 1736 δὴ
812 1667 916 1722 νοῦ
945 1669 1160 1736 κίνησις
1190 1662 1365 1737 φύσιν
1397 1669 1536 1737 ἐχει;
1552 1666 1739 1720 τοῦτο
1770 1661 1878 1736 ἤδη

272 1749 530 1821 χαλεπὸν,
564 1740 609 1804 οῗ
637 1754 808 1821 φίλοι,
843 1746 1092 1820 ἐρώτημα
1122 1747 1561 1820 ἀποκρινόμενον
1585 1753 1764 1804 εἰπεῖν
1789 1750 1877 1820 ἐμ-

231 1831 508 1904 ῑφρόνως.
587 1831 672 1888 διὸ
719 1831 789 1903 δὴ
831 1833 923 1887 καὶ
966 1833 1057 1904 ἐμε
1095 1836 1190 1904 τῆς
1230 1829 1570 1906 ἀποκρίσεως
1617 1827 1753 1904 ὑμῖν
1796 1836 1875 1888 δί-
1898 1858 1940 1890 20

272 1938 431 1973 καιον
460 1918 634 1972 τανῦν
664 1914 1128 1989 προσλαμβάνειν.

397 1993 483 2057 Εὖ
513 2002 704 2071 λέγεις.

396 2088 479 2140 24.
528 2082 628 2154 Μὴ
658 2088 851 2140 τοίνυν
883 2085 935 2150 ἐξ
970 2085 1219 2149 ἐναντίας
1259 2079 1379 2139 οἷον
1420 2088 1496 2149 εἰς
1541 2080 1699 2154 ἥλιον
1742 2079 1875 2140 ἄπο·-

270 2170 586 2240 βλέποντες,
616 2165 790 2224 νύκτα
815 2170 875 2224 ἐν
905 2173 1216 2242 μεσημβρία
1249 2165 1594 2240 ἐπαγόμενοι,
1637 2167 1875 2239 ποιησώ-

270 2262 417 2323 μεθα
446 2250 549 2324 τὴν
577 2248 899 2323 άπόκρισιν,
942 2249 1014 2318 ὡς
1045 2254 1185 2308 νοῦν
1214 2251 1344 2308 ποτὲ
1373 2261 1604 2324 θνητοῖς
1635 2248 1873 2323 ὄμμασιν
1895 2275 1936 2307 25

268 2332 539 2408 ὀψόμενοί
578 2358 635 2392 τε
675 2337 765 2391 καὶ
796 2334 1137 2408 γνωσόμενοι
1164 2337 1390 2401 ἱκανοῖς·
1438 2332 1573 2409 πρὸς
1601 2335 1662 2391 δὲ
1686 2332 1873 2392 εἰκόνα

268 2424 367 2475 τοῦ
400 2422 756 2490 ἐρωτωμένου
787 2422 1090 2490 βλέποντας
1119 2416 1532 2493 ἀσφαλέστερον
1561 2418 1712 2493 ὁρᾶν.

396 2506 479 2558 25.
527 2507 657 2567 Πῶς
687 2505 891 2573 λέγεις;

387 2577 474 2641 ῗΗι
525 2587 811 2657 προσέοικε
851 2586 1063 2658 κινήσει
1103 2589 1261 2657 νοῦς,
1314 2593 1426 2643 τῶν
1468 2587 1600 2643 δέκα
1642 2589 1870 2644 ἐκείνων

269 2667 543 2740 κινήσεων
572 2667 672 2740 τὴν
718 2667 904 2726 εἰκόνα
945 2668 1229 2742 λάβωμεν,
1270 2667 1341 2742 ἣν
1381 2673 1867 2743 συναναμνησθεὶς
1891 2691 1932 2724 30

265 2751 404 2826 ὑμῖν
436 2750 540 2823 ἐγω
572 2756 729 2825 κοινῇ
760 2750 861 2824 τὴν
891 2750 1184 2827 ἀπόκρισιν
1213 2752 1525 2826 ποιήσομαι.

394 2834 673 2893 Κάλλιστα
704 2833 774 2893 ἂν
805 2838 997 2908 λέγοις.
