2014 3146
548 147 764 191 PRAEP.
793 147 1012 191 EVANG.
1047 148 1152 191 XII.
1182 149 1250 188 47.
1279 149 1349 190 48.
1643 146 1743 198 133

253 260 284 284 “
299 263 635 338 Ταξιάρχους
658 262 874 322 αὐτοῖσι
897 263 1314 339 προβάλλεσθαι
1330 255 1572 337 μὲντοὺς
1596 267 1742 337 αἰρε-

135 350 338 416 θέντας
369 348 704 423 στρατηγοὺς
731 347 967 422 δώδεκα,
1000 347 1199 424 ἑκάστῃ
1225 351 1378 424 φυλῇ
1401 346 1739 424 ταξίαρχον.”

260 444 465 494 XLVIII.
515 437 625 507 Τῆς
654 431 804 508 παρὰ
833 435 1030 491 παισὶν
1044 432 1317 508 Ἑβραίων
1346 431 1516 490 πάλαι
1546 431 1741 506 πρότε-
1764 455 1855 495 (617)

135 543 235 594 ρον
259 517 612 591 συνεστώσης
643 523 931 591 βασιλικῆς
961 516 1366 624 μητροπόλεως,
1398 515 1614 575 ἄποθεν
1643 518 1745 591 μὲν
1771 536 1790 567 b

91 625 110 657 5
134 601 421 675 θαλάσσης
451 600 648 676 οὔσης,
683 605 744 661 ἐν
772 601 924 677 όρεσι
956 603 1019 660 δε
1049 605 1487 679 κατῳκισμένης,
1522 601 1746 676 πάμφο-

135 686 235 762 ρόν
265 711 323 745 τε
353 691 460 760 γῆν
490 690 851 761 κεκτημένης,
906 685 1043 744 καὶ
1020 711 1046 744 ο
1074 685 1314 745 Πλάτων
1335 685 1600 759 τοιαύτην
1623 711 1747 745 τινα

138 772 281 830 εἶναι
323 777 445 829 δεῖν
484 790 622 844 φησι
670 771 773 844 τὴν
812 770 948 843 πρὸς
988 768 1162 828 αὐτοῦ
1205 773 1653 844 κατοικιζομένην
1686 774 1745 828 ἐν

135 870 250 924 τοῖς
280 853 508 929 Νόμοις.
571 858 719 928 λέγει
751 856 813 913 δε
844 847 955 912 ωδε

262 945 311 998 2.
336 938 367 959 “
385 938 524 998 Τόδε
556 941 618 998 δὲ
647 942 774 1014 περὶ
807 937 978 1012 αὐτῆς
1012 940 1163 997 ἐστὶν
1192 937 1221 997 ὃ
1246 937 1583 1012 βουλόμενος
1612 941 1746 1013 μᾶλ-

72 1048 112 1080 10
136 1031 235 1082 λον
289 1027 572 1098 ἐπερωτῶ,
626 1023 860 1100 πότερον
901 1028 1347 1091 ἐπιθαλαττίδιος
1389 1030 1540 1081 ἔσται
1590 1048 1670 1090 τις
1711 1020 1860 1096 ἢ[362]

135 1114 380 1183 χερσαία.

254 1190 510 1268 Σχεδὸν,
543 1186 585 1250 ὦ
617 1195 765 1266 ξένε,
796 1191 985 1267 ἀπέχει
1007 1192 1284 1266 θαλάττης
1314 1215 1378 1266 γε
1408 1190 1441 1265 ἡ
1474 1190 1650 1266 πόλις,
1684 1185 1748 1265 ἧς

136 1278 262 1351 πέρι
292 1276 356 1334 τὰ
388 1280 496 1335 νῦν
528 1275 596 1350 δὴ
628 1279 897 1351 λεχθέντα
927 1276 1088 1351 ἡμῖν,
1123 1287 1200 1345 εἴς
1230 1301 1384 1344 τινας
1406 1274 1747 1351 ὀγδοήκοντα

138 1368 413 1429 σταδίους.

74 1469 115 1502 15
273 1453 343 1504 Τί
370 1448 438 1503 δέ
452 1473 466 1516 ;
492 1448 708 1519 λιμένες
732 1438 819 1518 ἆρ’
853 1448 958 1504 εἰσὶ
983 1444 1101 1503 κατ’
1133 1444 1323 1519 αὐτῆς,
1348 1442 1382 1518 ἢ
1405 1443 1747 1519 τοπαράπαν

137 1526 423 1604 άλίμενος;

310 1611 616 1688 Εὐλίμενος
646 1615 749 1688 μὲν
778 1606 881 1672 οὖν
910 1613 1082 1690 ταύτῃ
1123 1638 1213 1688 γε,
1256 1610 1328 1682 ὥς
1361 1614 1602 1672 δυνατόν
1635 1616 1744 1671 ἐστι
1768 1644 1786 1666 0

136 1697 401 1772 μάλιστα,
434 1690 478 1755 ὦ
508 1701 642 1767 ξένε.

263 1787 312 1840 3.
359 1792 575 1855 Παπαῖ,
599 1779 720 1841 οἷον
742 1785 934 1856 λέγεις.
979 1788 1038 1840 τί
1057 1784 1123 1840 δέ
1133 1811 1147 1854 ;
1179 1785 1307 1858 περὶ
1332 1781 1507 1855 αὐτὴν
1530 1780 1563 1855 ἡ
1595 1780 1746 1857 χώρα

76 1892 118 1924 20
141 1865 344 1941 πότερα
375 1866 694 1942 πάμφορος,
726 1864 760 1940 ἢ
791 1873 891 1925 καί
914 1891 1085 1925 τινων
1116 1866 1363 1940 ἐπιδεής;

264 1950 486 2024 Σχεδὸν
513 1949 743 2019 οὐδενὸς
776 1950 1012 2024 ε’πιδεής.

264 2042 478 2093 Γείτων
511 2037 571 2094 δὲ
603 2033 772 2109 αὐτῆς
803 2035 960 2102 πόλις
991 2027 1079 2111 ἆρ’
1118 2041 1269 2093 ἔσται
1299 2059 1379 2102 τις
1411 2042 1674 2109 πλησίον;

270 2118 354 2178 Οὐ
385 2118 562 2193 πάνυ,
596 2120 681 2178 διὸ
714 2127 1096 2190 κατοικίζεται·
1130 2119 1336 2177 παλαιὰ
1365 2119 1469 2193 γάρ
1500 2144 1580 2186 τις
1614 2123 1746 2187 ἐξοί-

139 2221 295 2276 κησις
327 2207 387 2262 ἐν
415 2208 490 2282 τῷ
513 2203 663 2281 τόπῳ
686 2207 957 2278 γενομένη
979 2202 1082 2277 τὴν
1105 2203 1291 2279 χώραν
1313 2202 1518 2277 ταύτην
1543 2210 1746 2278 ἔρημον

75 2310 116 2343 25
140 2283 504 2361 ἀπείργασται
534 2287 734 2361 χρόνον
764 2285 1050 2362 ἀμήχανον
1078 2285 1225 2346 ὅσον.

277 2379 343 2428 Τί
372 2373 439 2428 δέ
448 2399 462 2440 ;
504 2376 718 2429 πεδίων
748 2395 807 2429 τε
837 2374 930 2429 καὶ
970 2369 1118 2447 ὀρῶν
1148 2374 1240 2429 καὶ
1270 2371 1406 2445 ὕλης
1437 2375 1553 2440 πῶς
1583 2374 1746 2446 μέρος

140 2452 388 2513 ἑκάστων
419 2453 552 2529 ἡμῖν
584 2463 791 2529 εἰ’ληχε;

270 2542 573 2613 Προσέοικε
602 2544 668 2615 τῇ
698 2543 794 2612 τῆς
824 2538 992 2614 ἄλλης
1022 2539 1243 2615 Κρήτης
1274 2539 1439 2614 φύσει
1472 2539 1587 2615 ὅλῃ.

276 2625 629 2699 Τραχυτέραν
660 2621 892 2698 αὐτὴνῆ
924 2627 1302 2700 πεδινωτέραν
1333 2622 1403 2683 ἂν
1434 2628 1638 2698 λέγοις;

76 2728 116 2762 30
266 2706 434 2765 Πάνυ
463 2709 565 2782 μὲν
595 2700 712 2766 οὖν.

254 2902 279 2941 8
312 2894 362 2942 ἐν
385 2905 484 2949 τοῖς
508 2895 708 2955 Νόμοις]
741 2904 780 2947 4.
820 2917 863 2957 p.
887 2905 984 2946 704.
