2014 3146
624 108 836 147 PRAEP.
870 107 1090 149 EVANG
1124 108 1219 147 xv.
1253 109 1296 147 6.
1657 105 1761 157 353

146 228 223 301 τῷ
254 226 534 297 γενομένω
566 222 668 296 τὴν
710 231 787 290 εἰς
817 221 1056 297 ὄλεθρον
1100 221 1412 296 μεταβολὴν
1442 220 1762 296 ἀβοήθητον

146 310 556 365 καταλειπτέον.
630 313 678 365 9.
721 307 901 366 πόθεν
940 332 1044 365 ουν
1085 312 1145 364 ἐκ
1197 332 1309 364 των
1354 304 1759 408 Ἀριστοτέλους

147 391 405 466 λάβωμεν
446 392 719 465 βοήθειαν
758 399 835 459 εἰς
874 397 1074 464 ταῦτα,
1128 389 1332 466 ανδρὸς
1373 389 1440 449 οὐ
1478 390 1759 465 τήναλλως

145 475 281 534 οὐδὲ
311 474 445 534 καθ’
480 473 650 534 αὑτὸν
673 485 1033 550 περαίνοντος
1054 476 1150 533 τὸν
1174 478 1300 549 περὶ
1331 475 1544 533 τούτων
1575 475 1759 549 λόγον,

99 587 122 619 5
147 558 274 617 ἀλλ’
312 564 365 629 ἐξ
395 558 578 635 ὀρθοῦ
615 561 752 636 πρὸς
782 562 1058 619 Πλάτωνα
1091 563 1537 633 ἐναντιουμένου,
1576 563 1669 618 καὶ
1700 559 1761 618 τό

144 669 203 702 τε
234 644 536 719 γενόμενον
578 653 654 711 εἰς
685 643 934 719 ἀνάγκην
973 648 1073 703 τοῦ
1102 642 1409 702 ἀπολέσθαι
1443 645 1758 719 περιιστάν-

143 754 253 802 τος,
287 729 347 786 τό
379 753 438 787 τε
466 729 541 804 μὴ
571 727 958 803 απολλύμενον
983 734 1043 787 ἐκ
1071 729 1246 802 μόνου
1269 733 1365 786 τοῦ
1388 728 1462 802 μὴ
1494 734 1756 802 γενέσθαι

144 816 402 886 λέγοντος
454 813 831 887 κρατύνεσθαι
881 814 942 871 τὸ
993 812 1317 922 αφθαρτον,
1361 811 1427 869 οὐ
1470 813 1591 913 μὴν
1626 813 1758 872 ουδὲ

146 897 388 971 δύναμιν
418 897 812 965 ἀπολείποντος
843 895 1017 956 αὐτοῦ
1057 900 1183 971 περὶ
1228 897 1326 954 τὸν
1355 895 1521 970 θεὸν,
1554 898 1589 972 ᾑ
1620 899 1758 972 χρώ-

82 1007 123 1038 ιο
145 1005 311 1054 μενος
341 980 559 1055 ἀγαθὸν
588 980 658 1039 ἅν
687 1007 740 1040 τι
780 983 1034 1054 ποιήσαις
1076 979 1107 1039 ὂ
1150 981 1253 1056 γὰρ
1293 981 1449 1039 οὔπω
1490 980 1759 1056 πρότερον

142 1068 364 1140 γέγονε,
395 1070 585 1140 τοῦτο,
617 1070 823 1140 φησὶν,
856 1066 958 1125 οὐκ
987 1092 1057 1125 αν
1086 1070 1314 1140 γένοιτο.
1381 1072 1460 1124 10.
1493 1071 1759 1126 τοσοῦτον

145 1152 205 1207 δὲ
234 1149 438 1209 ἀποδεῖ
452 1155 554 1209 τοῦ
577 1152 668 1210 διὰ
692 1150 906 1211 τούτων
929 1159 1166 1226 βοηθεῖν
1189 1155 1264 1227 τῷ
1285 1149 1586 1217 Πλάτωνος
1611 1151 1756 1228 λόγῳ

143 1234 284 1293 ω’στε
315 1234 422 1309 ἤδη
453 1236 606 1304 τινὰς
636 1239 728 1294 καὶ
751 1242 863 1294 τῶν
886 1241 1012 1310 περὶ
1026 1236 1303 1295 Πλατωνα
1331 1236 1758 1294 ἐσπουδακότων

141 1319 413 1392 φοβήσας,
444 1318 526 1387 οἷς
552 1322 725 1394 εἶπεν,
756 1319 1032 1395 απέστησε
1054 1325 1151 1379 τοῦ
1177 1319 1465 1393 δόγματος,
1497 1345 1563 1377 ου
1589 1326 1756 1392 δυνη-

77 1427 120 1459 15
144 1405 348 1470 θέντας
378 1411 634 1464 συνιδεῖν
673 1404 755 1463 ὅτι
786 1431 922 1463 κατα
952 1431 1055 1479 μεν
1085 1404 1186 1479 τὴν
1219 1403 1405 1462 αὐτῶν
1438 1403 1614 1478 φύσιν
1644 1412 1757 1462 τῶν

141 1510 480 1562 πραγματων
492 1482 561 1563 ῆν
580 1515 717 1548 ανευ
728 1495 867 1548 θεοῦ
892 1490 1210 1563 βουλήσεως
1224 1491 1315 1546 καὶ
1340 1488 1668 1562 δυναμεως’
1643 1514 1755 1547 επι-

140 1577 337 1645 νοῆσαι
367 1571 497 1633 οὔτε
527 1575 586 1631 τὸ
620 1573 923 1648 γενόμενον
946 1574 1241 1649 ἄφθαρτον
1263 1572 1391 1631 οὔτε
1420 1573 1480 1631 τὸ
1510 1572 1584 1647 μὴ
1607 1585 1755 1647 φθα-

141 1656 451 1730 ρησόμενον
481 1661 748 1733 γεννητὸν
777 1657 855 1717 ὅν.
912 1667 991 1717 11.
1024 1658 1158 1718 ὅταν
1192 1660 1253 1716 δὲ
1282 1658 1384 1730 τὴν
1414 1657 1646 1732 ἀρίστην
1676 1684 1756 1727 τις

141 1748 326 1798 αἰτίαν
355 1743 618 1818 ἐπιστήσῃ
641 1743 741 1817 τὴν
769 1748 827 1800 ἐκ
846 1749 1007 1815 θεοῦ,
1042 1750 1131 1802 δεῖ
1150 1743 1357 1815 ταύτην
1377 1739 1619 1815 ἡγεμόνα
1644 1748 1756 1800 τῶν

76 1849 117 1880 20
141 1847 366 1883 παντων
389 1827 630 1900 λαβόντα
659 1830 838 1902 μηδεν
868 1828 1044 1902 αὐτὴν
1073 1854 1184 1886 των
1205 1826 1391 1885 αλλων
1412 1834 1598 1884 αἰτίαν
1617 1826 1756 1885 ἀπο-

141 1916 365 1982 φαίνειν
396 1921 633 1987 χείρονα.
677 1922 898 1986 γελοῖον
921 1939 1026 1988 γαρ
1052 1913 1192 1971 διότι
1212 1914 1316 1986 μὲν
1336 1915 1533 2014 γέγονέ
1559 1938 1628 1984 τι,
1664 1911 1754 1969 δια

138 1997 298 2052 τοῦτο
331 2003 639 2071 φθαρῆναι,
673 2005 724 2055 εἰ
753 2001 815 2056 δε
843 1997 872 2054 6
895 1998 1026 2065 θεὸς
1046 1997 1324 2070 βούλεται,
1346 1997 1420 2070 μὴ
1442 2001 1753 2070 φθαρῆναι,

142 2080 233 2134 καὶ
268 2079 409 2136 διότι
439 2086 540 2153 μέν
569 2107 621 2139 τι
650 2079 957 2154 ἀγέννητόν
997 2086 1144 2139 ἐστιν
1185 2089 1330 2154 ἔχειν
1363 2080 1524 2154 ἰσχύν
1552 2085 1649 2137 τοῦ
1680 2081 1754 2155 μὴ

142 2167 450 2236 φθαρῆναι,
476 2165 579 2237 τὴν
603 2167 663 2222 δε
674 2169 823 2238 παρὰ
843 2171 942 2223 τοῦ
961 2172 1101 2223 θεοῦ
1118 2165 1386 2272 βούλησιν
1411 2169 1596 2222 ἐνδεῖν
1616 2164 1754 2235 πρὸς

75 2266 117 2298 25
142 2244 201 2303 τὸ
242 2244 534 2320 αφθαρτον
573 2255 812 2324 τηρῆσαί
847 2275 898 2306 τι
930 2274 1042 2307 των
1080 2254 1411 2323 γενομένων.
1484 2254 1564 2306 12.
1598 2252 1690 2306 καὶ
1723 2246 1751 2307 6

140 2355 243 2403 μεν
284 2332 574 2406 οἰκοδόμος
618 2334 804 2402 ικανὸς
845 2333 947 2391 οὐκ
978 2327 1153 2392 οὖσαν
1185 2340 1369 2392 οἰκίαν
1409 2353 1752 2391 κατασκευα-

139 2426 379 2488 σασθαι,
413 2417 599 2486 ἱκανὸς
633 2422 699 2476 δέ
724 2444 804 2486 τις
834 2421 926 2476 καὶ
956 2418 1261 2491 ἆνδριαντα
1283 2417 1357 2492 μὴ
1387 2415 1522 2475 όντα
1552 2419 1753 2492 πρότε-

140 2523 241 2571 ρον
290 2497 424 2557 ὄντα
475 2507 733 2575 ποιῆσαι,
784 2506 876 2560 καὶ
919 2508 1064 2561 ναῦν
1105 2501 1267 2569 ἄλλος
1315 2507 1368 2571 ἐξ
1408 2500 1545 2575 ὕλης
1575 2500 1753 2575 ἀργοῦ

140 2585 538 2658 τεκτηνάμενος
569 2590 806 2661 παρέσχε
834 2603 948 2654 τοῖς
974 2591 1283 2660 δεομένοις,
1315 2589 1408 2644 καὶ
1432 2590 1544 2644 τῶν
1566 2585 1750 2644 ἄλλων

75 2686 116 2718 30
140 2675 404 2740 τεχνιτῶν
436 2673 688 2744 ἕκαστος,
721 2669 840 2730 ὅσοι
871 2697 933 2745 γε
963 2670 1056 2740 τας
1080 2671 1363 2746 ποιητικὰς
1387 2678 1603 2744 μετίασι
1633 2676 1750 2744 τέχ-

140 2775 268 2822 νας,
303 2752 544 2828 δύναμιν
583 2755 790 2829 ταύτην
821 2765 1070 2830 ἔχουσιν,
1115 2756 1186 2822 ὥς
1218 2782 1268 2813 τι
1300 2760 1412 2813 τῶν
1441 2752 1542 2812 οὐκ
1571 2753 1751 2812 ὅντων

139 2832 299 2907 ἄγειν
331 2845 407 2904 είς
438 2839 670 2912 οὐσίαν,
703 2840 731 2898 6
758 2843 817 2898 δὲ
842 2841 1220 2914 παμβασιλεῦς
1251 2843 1342 2898 καὶ
1366 2839 1751 2915 ἀριστοτέχνης

227 2944 458 2976 EUSEBIUS
493 2952 546 2977 11.
1426 2934 1494 2985 23

1785 342 1802 363 C

1775 1904 1807 1945 [
1810 1907 1864 1948 691

1772 1949 1865 1991 (803)

1776 2694 1797 2725 b
