2014 3146
164 938 257 982 [331]
277 915 518 974 ὄπισθεν
560 929 757 990 σημεῖα
798 914 1023 974 πάντων
1079 917 1090 933 ‘

229 1034 244 1054 C

230 1443 251 1474 d

278 128 344 179 72
955 127 1069 169 EUS

277 268 385 302 πον
415 243 537 303 τινὰ
570 242 884 316 δαιμόνιον,
931 246 988 299 ἐν
1021 235 1064 319 ᾧ

278 349 455 402 σματα
489 330 728 402 ἐχομένω
760 325 1048 399 ἀλλήλων,

275 411 390 470 ἅνω
422 410 560 468 ἄλλα
592 409 939 483 καταντικρύ.
1014 415 1063 468 4.

276 520 387 553 των
418 498 738 567 καθῆσθαι,
784 491 908 567 οὓς,
943 498 1058 553 ἐπει

278 585 526 646 δικαίους
567 578 815 637 κελεύειν
855 577 1093 653 πορεύεσ

275 662 391 721 ἅνω
424 662 516 721 διὰ
544 667 643 721 τοῦ
674 662 947 737 οὐρανοῦ,
994 681 1063 735 ση

278 751 627 822 δικασμένων
661 750 719 804 ἐν
749 751 827 824 τῷ
857 746 1070 821 πρόσθε

275 831 572 905 ἀριστεράν
600 857 658 890 τε
700 834 790 888 καὶ
832 831 1009 903 κάτω,
1053 838 1082 889 ἔ

276 999 685 1075 προσελθόντος
740 1006 922 1058 εἰπεῖν
970 997 1052 1057 ὅτι

274 1084 524 1158 θρώποις
556 1086 824 1158 γενέσθαι
855 1089 966 1142 τῶν
1010 1087 1069 1141 ἐκ

276 1168 465 1227 κούειν
494 1193 554 1227 τε
586 1172 677 1227 καὶ
707 1175 953 1227 θεᾶσθαι
985 1167 1060 1226 πά
1418 1229 1431 1247 d
1599 1229 1611 1246 Ι

405 1259 452 1312 6.
510 1257 693 1312 Ταῦτα
731 1250 759 1310 ὁ
793 1251 1056 1311 Πλάτων·
1107 1257 1352 1326 συγγενῆ
1393 1255 1454 1311 δὲ
1493 1253 1705 1321 τούτοις
1736 1253 1885 1311 καὶὸ

276 1337 631 1411 Πλούταρχος
664 1330 778 1394 ὧδέ
804 1360 879 1410 πη
906 1341 965 1394 ἐν
987 1343 1063 1413 τῷ
1087 1339 1229 1409 Περὶ
1254 1342 1432 1412 ψυχῆς
1456 1337 1655 1415 πρώτῳ
1682 1343 1891 1413 ἱστορεῖ

405 1433 614 1483 XXXVI.
659 1418 980 1498 “Ἀντυ’λλςο
1015 1422 1075 1478 δὲ
1105 1420 1280 1498 τούτῳ
1306 1425 1396 1479 καὶ
1422 1419 1580 1480 αὐτοὶ
1603 1425 1881 1496 παρῆμεν·
1911 1446 1951 1478 15

277 1506 415 1564 ἀλλά
457 1510 759 1564 Σωσιτέλει
799 1509 890 1563 καὶ
925 1503 1262 1579 Ἡρακλέωνι
1306 1505 1715 1580 διηγησώμεθα.
1792 1530 1887 1563 νο-

277 1593 393 1648 σών
425 1590 527 1665 γὰρ
560 1597 787 1664 ἔναγχος
830 1589 1079 1661 ἀβιώτως
1110 1597 1256 1663 ἔχειν
1288 1591 1466 1648 ἐδόκει
1497 1605 1609 1657 τοῖς
1654 1597 1885 1664 ἰατροῖς·

277 1673 602 1747 ἀνενεχθεὶς
647 1675 708 1730 δὲ
748 1672 945 1747 μικρὸν
987 1680 1046 1730 ἔκ
1076 1698 1223 1740 τινος
1263 1674 1327 1731 οὐ
1369 1682 1603 1748 βεβαίου
1645 1699 1888 1747 καταφο-

278 1763 406 1832 ρᾶς,
450 1756 582 1816 ἄλλο
623 1758 726 1831 μὲν
765 1755 935 1816 οὐδὲν
973 1755 1094 1815 οὔτ’
1130 1761 1364 1832 ἔπραξεν
1405 1757 1525 1818 οὔτ’
1560 1760 1678 1816 εἷπε
1708 1782 1888 1832 παρα-

277 1840 588 1916 κινητικὸν,
634 1848 787 1914 ἔλεγε
830 1844 889 1899 δὲ
929 1840 1224 1915 τεθνάναι,
1259 1847 1351 1900 καὶ
1391 1843 1559 1900 πάλιν
1597 1842 1885 1917 ἀφεῖσθαι,
1911 1868 1952 1900 20

278 1930 371 1984 καὶ
410 1926 482 2000 μὴ
522 1925 892 1999 τεθνήξεσθαι
923 1926 982 1982 τὸ
1014 1926 1278 1997 παράπαν
1316 1924 1424 1985 ὑπὸ
1454 1931 1548 2000 τῆς
1579 1926 1888 2002 ἀρρωστίας

279 2016 522 2083 ἐκείνης,
564 2009 703 2067 ἀλλὰ
744 2012 835 2067 καὶ
877 2013 1055 2078 κακῶς
1086 2012 1381 2083 ἀκηκοέναι
1411 2012 1536 2078 τοὺς
1579 2011 1888 2084 ἀγαγόντας

279 2095 450 2153 αὐτὸν
479 2091 588 2152 ὑπὸ
619 2098 717 2152 τοῦ
747 2100 970 2196 κυρίου
1019 2097 1376 2167 πεμφθέντας
1407 2094 1511 2168 γὰρ
1555 2098 1642 2152 ε’πὶ
1675 2105 1886 2154 Νικαν-

281 2183 385 2237 δᾶν
427 2177 596 2237 αὐτὸν
625 2176 781 2252 ἥκειν
812 2175 933 2236 ἀντ’
970 2182 1187 2236 ἐκείνου
1219 2186 1551 2252 κομίζοντας.
1624 2178 1652 2236 ὁ
1687 2180 1747 2236 δε
1778 2187 1885 2236 Νι-

279 2267 488 2329 κανδας
518 2257 588 2335 ἦν
618 2262 969 2336 σκυτοτόμος,
994 2261 1172 2330 ἄλλως
1205 2265 1266 2320 δε
1295 2288 1406 2321 των
1438 2267 1497 2321 ἐν
1527 2269 1886 2335 παλαίστραις
1911 2287 1952 2318 25

281 2345 590 2419 γεγονότων
621 2350 712 2404 καὶ
744 2355 967 2413 πολλοῖς
999 2346 1251 2419 συνήθης
1283 2351 1374 2405 καὶ
1405 2347 1695 2420 γνώριμος.
1750 2345 1887 2405 ὅθεν

170 2453 262 2494 (564)
281 2435 339 2489 οι
365 2436 645 2488 νεανίσκοι
676 2430 995 2500 προσιόντες
1038 2437 1320 2489 ἔσκωπτον
1360 2429 1530 2489 αυτὸν
1571 2456 1642 2498 ως
1684 2430 1888 2488 ἀποδε-

282 2513 521 2586 δρακότα
571 2516 663 2570 καὶ
716 2513 1097 2614 διεφθαρκότα
1147 2539 1276 2581 τους
1329 2518 1546 2573 ἐκεῖθεν
1593 2512 1883 2587 υπηρέτας.

248 2595 446 2669 αυτὸς
486 2599 672 2670 μέντοι
716 2602 878 2670 δῆλος
922 2599 991 2669 ὴν
1038 2595 1211 2664 ευθυς
1262 2597 1743 2672 ὑποθραττόμενος
1795 2599 1886 2654 καὶ

286 2687 693 2756 δυσχεραίνων
742 2685 894 2748 τέλος
928 2682 987 2737 δε
1018 2704 1258 2755 πυρετου
1299 2681 1706 2756 προσπεσόντος
1749 2685 1885 2748 εξαί-
1909 2705 1951 2736 30

367 2878 420 2915 14
443 2868 766 2928 Πλούταρχος]
792 2876 919 2915 Inter
935 2876 1212 2927 Fragmenta
1235 2875 1554 2927 apWVyttenb.
1578 2874 1665 2917 vol.
1681 2876 1774 2927 5.p.
1789 2877 1883 2919 719.
