2014 3146
608 126 824 171 PRAEP.
855 124 1080 170 EVANG.
1109 125 1209 168 xv.
1237 127 1306 168 62,
1665 122 1769 174 417

160 241 430 316 χαλεποὺς
470 240 605 299 οὐδὲ
645 238 958 307 ἀδυνάτους
998 239 1199 314 μόνον,
1241 235 1379 296 ἀλλά
1419 242 1512 297 καὶ
1550 237 1773 313 ἀσεβεῖς

163 328 255 383 καὶ
295 339 408 392 τοῖς
449 325 637 400 νόμοις
675 323 1059 392 ὑπεναντίους.
1134 322 1262 393 τούς
1301 349 1403 398 μεν
1444 322 1555 428 γάρ
1581 321 1773 392 ἀξιοῦν

164 408 295 484 μηδ’
343 410 484 468 εἶναι
515 407 684 476 θεοὺς
714 406 774 467 τὸ
805 407 1095 483 παράπαν,
1142 408 1269 476 τοὺς
1321 410 1380 512 δε
1430 408 1490 466 τὸ
1521 407 1770 483 ἄπειρον,

162 489 197 567 ἢ
227 492 288 551 τὸ
319 491 403 567 ὂν,
435 490 468 566 ἢ
499 494 560 552 τὸ
591 497 678 551 ἓ’·ν
726 495 818 550 καὶ
855 491 1035 551 πάντα
1075 496 1284 566 μάλλον
1322 491 1355 567 ἢ
1399 493 1528 559 τοὺς
1558 501 1776 567 νομιζο-

121 605 141 638 5
163 580 377 652 μένους.
469 583 550 636 13.
609 576 712 651 τήν
748 574 801 635 τ’
847 569 919 634 αὖ
963 582 1278 651 διαφωνίαν
1317 577 1648 652 παμπόλλην
1677 570 1776 636 οὗ·

163 679 291 720 σαν·
338 661 466 729 τούς
498 687 598 736 μεν
627 660 735 736 γάρ
766 659 996 736 άπειρον
1026 661 1361 735 ἀποφαίνειν
1390 660 1448 719 τὸ
1481 665 1612 735 πάν,
1645 662 1774 729 τοὺς
1798 682 1817 713 b

165 748 227 804 δὲ
277 749 724 822 πεπερασμένον,
771 748 864 803 καὶ
902 745 1031 813 τούς
1071 747 1174 820 μὲν
1213 745 1404 814 ἀξιοῦν
1442 745 1660 805 ἀπαντα
1690 771 1776 804 κι-

163 843 407 904 νεῖσθαι,
437 832 565 899 τούς
598 832 660 888 δὲ
689 828 948 898 καθάπαξ
978 833 1168 904 μηδέν.
1263 835 1342 887 14.
1391 834 1483 888 καὶ
1512 831 1622 904 μὴν
1655 841 1710 888 εἴ
1725 856 1774 888 τι

163 919 255 973 καὶ
295 914 430 973 ἀλλο
471 915 696 974 πάντων
735 912 930 988 ἄριστά
970 939 1061 989 μοι
1094 920 1249 972 δοκεῖ
1275 917 1402 988 περὶ
1431 914 1644 973 τούτων
1673 914 1778 972 αὐ-

102 1027 143 1058 10
164 1005 278 1058 τῶν
309 1004 368 1058 ἐν
399 1014 511 1067 τοῖς
544 1006 769 1065 Σίλλοις
800 1001 891 1056 καὶ
921 997 950 1056 ὁ
984 998 1246 1067 Φλιάσιος
1285 1006 1475 1072 Τίμων
1500 1001 1777 1073 εἰρηκέναι

160 1082 293 1142 τάδε

306 1166 377 1224 τίς
402 1158 496 1231 γὰρ
523 1158 689 1215 τούσδ’
720 1159 841 1249 ὀλοῇ
871 1164 995 1230 ε’ριδι
1022 1164 1224 1228 ξυνέηκε
1249 1160 1521 1229 μάχεσθαι;

301 1227 476 1299 Ηχοῦς
502 1233 779 1320 σύνδρομος
804 1231 957 1305 ὄχλος.
1015 1230 1043 1284 ὃ
1069 1232 1165 1301 γὰρ
1193 1238 1362 1317 σιγῶσι
1383 1234 1618 1299 χολωθεὶς

307 1321 494 1355 νουσον
522 1299 599 1355 ἐπ’
631 1302 809 1371 ἀνέρας
837 1320 964 1368 ωρσε
990 1302 1162 1369 λάλην,
1191 1298 1417 1356 ὀλέκοντο
1443 1304 1494 1355 δὲ
1518 1307 1706 1356 πολλοί.
1800 1335 1816 1356 c

105 1426 248 1479 1515.
296 1420 428 1497 ὁρᾷς
471 1420 543 1489 ὡς
584 1419 691 1494 ἤδη
732 1422 825 1478 καὶ
865 1418 1135 1494 ἀλλήλους
1167 1419 1518 1480 σκώπτουσιν
1557 1446 1608 1479 οι
1649 1445 1779 1495 γεν-

166 1521 342 1576 ναῖοι;
416 1504 519 1578 τὴν
559 1512 698 1579 γοῦν
739 1505 875 1576 πρὸς
913 1504 1183 1577 ἀλλήλους
1215 1512 1562 1579 φιλονεικίαν
1592 1506 1778 1565 αὐτῶν

165 1589 260 1658 τάς
299 1614 358 1648 τε
399 1589 574 1664 μάχας
615 1591 707 1646 καὶ
748 1583 844 1656 τάς
897 1589 1208 1657 διαστάσεις
1250 1596 1327 1647 ἔτι
1367 1591 1501 1664 πρὸς
1541 1588 1779 1660 tofis-el?-

167 1677 422 1748 ρημένοις
466 1674 494 1732 ὁ
548 1677 822 1747 δηλωθεὶς
870 1673 1012 1748 ἀνὴρ
1065 1679 1260 1732 τοῦτον
1314 1673 1624 1750 ὑπογράφει
1683 1675 1780 1733 τὸν

166 1757 371 1834 τρόπον

106 1865 149 1898 20
311 1857 462 1922 φοιτᾷ
490 1851 541 1902 δε
566 1847 923 1935 βροτολοιγὸς’
905 1852 1020 1919 ε’ρις,
1049 1845 1220 1902 κενεὸν
1250 1857 1498 1918 λελακυῖα,

308 1925 472 2007 νείκης
499 1916 831 1988 ἀνδροφόνοιο
863 1919 1133 1989 κασιγνήτη
1162 1923 1243 1973 καὶ
1271 1924 1454 1987 ἔριθος,

308 1989 340 2082 ή
366 1987 409 2043 τ’
443 1988 569 2058 ἀλαη
594 1993 704 2076 περὶ
730 1992 894 2043 πάντα
921 1994 1216 2058 κυλίνδεται,
1243 1989 1402 2060 αὐτὰρ
1430 1994 1591 2043 ἔπειτα
1807 2013 1829 2045 d

310 2063 358 2122 ἔς
383 2082 432 2113 τε
457 2057 663 2128 βροτους
690 2061 880 2129 στήριξε
906 2060 1034 2130 κάρη
1062 2063 1144 2113 καὶ
1171 2063 1216 2125 ἐς
1237 2063 1408 2113 ἐλπίδα
1434 2062 1617 2129 βάλλει.

298 2183 378 2235 16.
422 2175 584 2235 Ἀλλά
624 2178 728 2252 γὰρ
771 2181 860 2236 καὶ
903 2183 997 2252 τῆς
1027 2184 1206 2237 τῶνδε
1235 2179 1369 2253 πρὸς
1401 2185 1547 2252 σφάς
1579 2177 1781 2247 αυτούς

106 2285 150 2319 25
173 2259 638 2336 ἀποδεδειγμένης
670 2261 910 2330 στάσεώς
940 2287 998 2321 τε
1029 2266 1121 2321 καὶ
1150 2263 1350 2338 μάχης,
1391 2268 1487 2337 τῆς
1517 2289 1575 2322 τε
1605 2266 1781 2338 μηδὲν

170 2343 303 2420 ἡμῖν
333 2345 747 2421 προσηκούσης,
791 2350 1045 2421 περιττῆς
1091 2349 1150 2405 δὲ
1192 2347 1370 2417 ἄλλως
1414 2347 1604 2406 καὶού
1634 2374 1782 2422 γνω-

172 2434 300 2504 στῆς
342 2437 597 2499 παιδείας
637 2454 697 2487 τε
738 2434 829 2488 καὶ
869 2430 1164 2506 μαθήσεως
1205 2437 1317 2491 τῶν
1361 2436 1570 2492 λοιπῶν
1601 2430 1782 2493 ἀπάν-

169 2539 314 2586 των,
361 2518 419 2572 ἐν
459 2513 540 2582 οἷς
583 2517 748 2573 εἰσέτι
791 2519 900 2574 νῦν
939 2513 1416 2591 ἀποσεμνύνονται
1458 2518 1781 2591 φιλοσόφων

172 2605 386 2673 παῖδες,
421 2598 882 2673 ἀπεληλεγμένων
904 2599 1004 2674 οὐχ
1034 2598 1340 2675 ἡμετέραις,
1372 2616 1489 2669 ταῖς
1523 2601 1574 2660 δ’
1612 2609 1783 2660 οἰκεί-

104 2703 151 2737 30
175 2708 262 2751 αις
291 2683 476 2742 αὐτῶν
506 2681 880 2752 ἀποδείξεσιν·
928 2680 995 2742 οὗ
1027 2685 1138 2759 μὴν
1169 2685 1305 2743 ἀλλά
1348 2689 1439 2743 καὶ
1479 2690 1573 2759 τῆς
1606 2693 1782 2753 αἰτίας

172 2773 252 2834 εἰς
283 2767 530 2843 φανερὸν
561 2776 845 2841 τεθείσης,
881 2768 953 2826 δι’
990 2767 1060 2842 ἣν
1090 2770 1156 2827 τά
1185 2776 1363 2828 τῶνδε
1398 2770 1784 2843 ἀποστραφέν-

169 2875 258 2920 τες
297 2852 656 2926 τάἙβραίων
696 2852 852 2925 λόγια
893 2854 1389 2928 προτετιμήκαμεν,
1443 2854 1506 2912 τά
1547 2856 1648 2927 μὲν
1688 2859 1784 2927 τῆς

261 2960 492 2989 EUSEBIUS
527 2962 579 2991 ῘῘ.
1472 2949 1538 3001 27
