2014 3146
631 119 844 160 PRAEP.
875 119 1094 162 EVANG
1128 119 1353 160 X111.13.
1695 117 1799 170 203

316 225 598 293 Ἡφαιστου
625 228 676 279 δὲ
703 228 896 280 κέλευσε
920 225 1214 295 περικλυτὸν
1239 224 1340 281 όττι
1365 224 1563 314 τάχιστα

331 306 482 366 γαῖαν
505 296 612 350 ῦδει
637 296 837 367 φύρειν,
867 300 918 350 ἐν
945 294 991 350 6'
1024 294 1298 367 ανθρώπου
1324 300 1476 365 θέμεν
1502 293 1663 366 αὐδὴν

332 370 417 421 καὶ
441 367 575 420 νόον.

189 492 272 545 24.
306 491 416 560 πῦρ
458 488 561 560 μὲν
591 480 692 545 οῦν
721 487 998 562 τεχνικὸν,
1045 487 1161 545 ὁδω
1189 493 1418 560 βαδίζον
1450 495 1525 556 εἰς
1555 489 1794 561 γένεσιν,
1823 509 1912 552 (674)

100 595 117 634 ’ς
147 572 292 646 ετὴν
332 571 508 646 φύσιν
549 567 823 647 ὁρίζονται
863 578 921 630 οἱ
955 580 1224 631 Στωιῃκοί
1284 577 1397 646 πῦρ
1443 574 1505 630 δὲ
1547 575 1640 631 καὶ
1681 577 1800 646 φῶς

189 656 576 731 ἀλληγορεῖται
616 655 644 714 6
687 655 820 724 θεὸς
861 659 954 714 καὶ
1000 653 1028 714 6
1084 656 1244 730 λόγος
1295 658 1469 714 αὐτοῦ
1528 656 1663 732 πρὸς
1703 661 1799 730 τῆς

189 745 422 817 γραφῆς.
494 748 552 797 τί
588 744 676 811 ὃέ;
718 738 842 815 οὐχὶ
880 743 971 798 καὶ
1001 740 1239 815 Όμηρος
1283 741 1659 817 παραφραζων
1703 741 1800 799 τὸν

189 824 470 901 χωρισμὸν
499 828 599 882 τοῦ
628 825 830 892 ὕδατος
862 823 969 883 απὸ
1001 830 1096 899 τῆς
1127 829 1226 899 γῆς
1257 828 1349 883 καὶ
1381 826 1484 900 τὴν
1514 825 1802 884 ἀποκάλυ-

189 924 289 980 ψιν
326 910 428 983 τὴν
469 913 690 984 ἐμφανῆ
729 914 824 983 τῆς
864 913 1029 987 ξηρᾶς
1073 913 1160 968 ἐπὶ
1193 914 1288 984 τῆς
1327 909 1547 984 Τηθύος
1579 914 1671 969 καὶ
1701 915 1799 969 τοῦ

112 1017 167 1047 10
184 994 454 1054 Ὠκεανοῦ
485 996 632 1068 λέγει

330 1099 427 1188 ἤδη
452 1125 547 1170 γαρ
575 1101 728 1170 δηρὸν
753 1099 933 1171 χρόνον
958 1097 1186 1169 αλλήλων
1211 1098 1475 1170 απέχονται

331 1168 475 1240 εύνῆς
502 1174 584 1225 καὶ
611 1173 886 1241 φιλότητος;

188 1297 274 1350 25.
309 1292 476 1350 παλιν
514 1291 574 1350 τὸ
615 1290 858 1350 δυνατὸν
899 1296 959 1350 ἐν
998 1296 1132 1349 πᾶσι
1182 1311 1586 1366 προσαπτουσι
1613 1295 1705 1350 καὶ
1747 1319 1799 1351 οι

189 1375 322 1450 παρ’
342 1375 570 1451 Ελλησι
602 1375 922 1449 λογιωτατοι
951 1381 1026 1453 τῷ
1058 1381 1203 1453 θεῷ·
1235 1375 1263 1434 6
1295 1375 1418 1450 μεν’
1449 1373 1797 1452 Επίχαρμος,

116 1489 167 1522 15
191 1462 581 1536 Πυθαγόρειος
614 1463 675 1518 δε
706 1463 803 1534 ἠν,
837 1462 1014 1534 λέγων

330 1565 478 1620 οὐδὲν
505 1568 730 1635 ἐκφεύγει
754 1562 807 1622 τὸ
837 1574 1003 1633 θεῖον,
1031 1574 1172 1619 τοῦτο
1197 1568 1460 1655 γινώσκειν
1485 1585 1537 1620 σε
1564 1570 1656 1620 δεῖ·
1824 1596 1843 1628 b

331 1635 479 1701 αὐτός
504 1636 603 1692 ἐστ’
632 1639 773 1706 αμῶν
799 1636 1032 1705 ἐπόπτης,
1060 1635 1300 1691 ἀδυνατεῖ
1318 1634 1365 1690 6’
1396 1636 1541 1691 οὐδὲν
1567 1639 1701 1701 θεός.

186 1743 217 1802 6
247 1744 535 1818 μελοποιὸς
569 1745 622 1801 6
607 1768 631 1801 ε

330 1855 436 1922 θεῷ
464 1846 677 1903 δυνατὸν
702 1851 755 1902 ἐκ
780 1853 1008 1918 μελαίνας

115 1941 168 1973 -20
332 1918 507 1984 νυκτὸς
533 1918 774 1989 ἀμίαντον
799 1919 940 1990 όρσαι
966 1943 1118 1987 φαος,

332 1999 614 2058 κελαινεφεῖ
632 1993 684 2044 δὲ
710 1991 871 2045 σκότει
897 1989 1121 2058 καλύψαι

333 2059 563 2142 καθαρὸν
587 2059 770 2132 αμέρας
797 2065 953 2125 σέλας.

187 2181 216 2239 6
249 2181 415 2255 μόνος
444 2180 648 2255 ἡμέρας
682 2179 984 2253 ἐνεστώσης
1014 2179 1187 2239 νύκτα
1211 2185 1436 2252 ποιῆσαι
1470 2177 1798 2252 δυνάμενος,

192 2268 357 2339 φησὶ,
389 2265 520 2331 θεὸς
551 2258 709 2332 οὗτός
742 2267 906 2322 ἐστιν.
978 2269 1062 2322 26.
1098 2272 1160 2322 ἔν
1190 2289 1248 2322 τε
1288 2279 1401 2330 τοῖς
1436 2264 1800 2336 Φαινομένοις

115 2377 169 2410 '25
197 2352 654 2425 ἐπιγραφομένοις
685 2348 714 2406 6
733 2346 960 2422 ’Ἄρατος

328 2451 414 2506 Ἐκ
443 2453 562 2519 Διὸς
588 2452 886 2524 ἀρχοίμεσθα

195 2560 368 2619 εἰπών

870 2637 955 2691 τὸν
981 2634 1205 2691 οὐδέποτ’
1236 2636 1455 2727 ανδρες
1437 2644 1589 2704 εῶμεν

337 2729 574 2795 αρρητον·
610 2709 780 2798 μεσταὶ
808 2709 860 2760 δὲ
887 2705 1007 2771 Διὸς
1030 2715 1186 2762 πᾶσαι
1211 2709 1300 2775 μὲν
1326 2707 1523 2776 ἀγυιαὶ,

129 2796 172 2829 30
335 2787 490 2832 πᾶσαι
517 2775 565 2832 6’
595 2778 884 2848 ἀνθρώπων
909 2775 1116 2865 ἀγοραὶ,
1144 2776 1296 2846 μεστὴ
1323 2781 1375 2831 δὲ
1399 2779 1657 2841 θαλασσα,

336 2852 420 2902 καὶ
446 2852 659 2918 λιμένες,
685 2851 847 2918 πάντη
874 2849 927 2902 δὲ
953 2847 1074 2913 Διὸς
1101 2849 1382 2919 κεχρημεθα
1407 2869 1610 2911 παντες,
