2014 3146
679 131 892 172 PRAEP.
923 131 1145 173 EVANG.
1175 133 1230 175 X.
1265 133 1304 172 7.
1726 130 1790 183 13

181 245 400 320 ὄπωπε,
441 249 533 304 καὶ
574 245 814 319 ἀναθρεῖ
852 248 943 303 καὶ
983 249 1251 319 λογίζεται
1288 250 1448 304 τοῦτο
1485 244 1514 303 ὃ
1544 244 1789 320 ὄπωπεν,
1818 264 1837 296 b

184 338 278 390 ἵνα
307 324 343 406 ’ᾗ
375 329 652 404 άναθρῶν,
674 328 708 387 ἂ
738 328 980 388 ὅπωπε.”

278 421 394 474 17
449 414 635 474 Πάλιν
679 411 962 516 ξηΕβραῖοι
986 413 1082 472 τὸν
1139 413 1320 488 άνὸρα
1381 414 1486 482 εἷς
1544 418 1789 473 καλοῦσι.

183 503 457 574 παρῆκται
509 501 570 557 δὲ
620 495 813 567 αὐτοῖς
860 497 1106 573 τοῦνομα
1155 497 1263 556 απὸ
1311 503 1409 557 τοῦ
1462 502 1545 572 ἒς,
1596 496 1673 556 δι’
1726 492 1793 557 οὗ

139 609 160 642 5
185 592 519 683 σημαίνουσι
557 583 618 642 τὸ
657 591 799 658 πῦρ,
840 588 934 642 ἵνα
966 584 1002 658 ᾗ
1033 606 1182 656 παρα
1210 583 1271 640 τὸ
1288 582 1515 686 θερμὸν
1545 585 1636 641 καὶ
1670 582 1793 641 διά-

181 691 363 743 πυρον
393 674 489 742 τῆς
517 672 617 727 τοῦ
647 665 850 740 ἀνδρὸς
880 666 1103 740 φύσεως
1132 666 1161 724 6
1202 664 1344 742 ἀνὴρ
1385 667 1788 741 ὠνομασμένος.

185 758 266 810 18.
299 749 334 826 ἡ
369 754 430 810 δὲ
467 776 642 825 γυνη,
686 754 910 826 ἐπείπερ
943 761 1154 825 εἴρηται
1186 756 1245 808 ἐκ
1274 755 1375 809 τοῦ
1404 751 1608 826 ἀνδρὸς
1641 756 1793 825 εἰλῆ-

181 847 356 910 φθαι,
405 839 500 895 καὶ
545 835 648 909 τὴν
687 842 1066 910 προσηγορίαν
1108 838 1462 894 ἐπικοινωνεῖ
1494 841 1570 913 τῷ
1608 836 1789 907 ἀνδρί.

182 928 349 979 ἔσσα
387 919 558 995 γὰρὴ
600 919 744 995 γυνὴ
783 923 1001 993 λέγεται
1040 919 1171 996 παρ’
1209 919 1426 993 αὐτοῖς,
1469 917 1654 994 ὥσπερ
1694 920 1791 988 εἷς

117 1001 209 1063 106
238 1004 396 1079 ἀνήρ.
444 1005 473 1063 6
506 1006 568 1063 δὲ
590 1003 832 1064 Πλάτων
860 1005 957 1062 τὸν
987 1002 1167 1079 ἄνδρα
1197 1005 1346 1079 παρά
1374 1005 1478 1078 τὴν
1507 1003 1624 1063 ἅνω
1655 1004 1792 1079 ῥοὴν

179 1086 548 1164 ὀνομάζεσθαι
578 1091 750 1162 λέγει·
797 1091 888 1147 καὶ
921 1092 1159 1162 ἐπιλέγει

310 1171 368 1194 “r

364 1183 427 1232 H
444 1177 505 1232 δὲ
537 1172 681 1248 γυνὴ
710 1173 849 1247 γονή
871 1198 963 1247 μοι
986 1181 1244 1247 φαίνεται
1267 1172 1576 1247 βούλεσθαι
1602 1169 1790 1231 εἷναι.”

312 1263 391 1316 19.
436 1257 620 1317 Πάλιν
662 1265 877 1331 Μωσῆς
915 1258 1014 1316 τὸν
1054 1258 1298 1330 οὐρανὸν
1345 1258 1555 1332 ἐτύμως
1605 1262 1670 1332 τῇ
1706 1253 1792 1314 E-
1818 1285 1834 1304 e

182 1349 398 1416 βραίων
437 1340 715 1416 γλώσσῃ“
731 1339 1051 1444 στερέωμα”
1082 1342 1510 1417 προσαγορεύει,
1551 1366 1701 1444 παρα
1730 1341 1790 1398 τὸ

119 1451 161 1484 15
182 1449 404 1498 πρωτον
435 1427 580 1485 εἶναι
618 1425 754 1499 μετά
783 1426 886 1498 τὴν
915 1425 1210 1499 άσωματον
1240 1429 1333 1484 καὶ
1362 1449 1564 1500 νοεραν
1594 1425 1793 1484 οὐσίαν

179 1516 348 1569 τοῦδε
385 1516 483 1569 τοῦ
513 1509 723 1584 κόσμου
754 1509 979 1585 στερεὸν
1009 1513 1102 1568 καὶ
1133 1509 1404 1584 αἰσθητὸν
1435 1512 1606 1583 σῶμα.
1668 1509 1696 1567 6
1733 1511 1793 1567 δὲ

181 1595 422 1654 Πλάτων
459 1599 535 1672 τῷ
566 1592 790 1671 οὐρανῷ
821 1614 996 1668 φησιν
1023 1593 1211 1669 ὀρθῶς
1240 1593 1415 1669 ὄνομα
1446 1605 1669 1652 κεῖσθαι
1702 1593 1794 1652 διὰ

179 1679 239 1737 τὸ
271 1678 388 1738 ἅνω
418 1679 558 1754 ὁρᾶν
587 1694 782 1738 ποιεῖν.
838 1679 923 1737 20.
958 1679 1126 1738 πάλιν
1150 1676 1393 1754 Ἑβραῖοι
1422 1679 1482 1737 τὸ
1512 1680 1615 1752 μὲν
1645 1678 1794 1736 ἀνω-

178 1763 322 1822 τάτω
346 1770 443 1822 τοῦ
467 1767 610 1823 θεοῦ
631 1762 828 1838 κύριον
850 1762 1023 1838 ὄνομα
1047 1762 1287 1839 ἄρρητον
1306 1764 1448 1823 εἶναι
1464 1766 1556 1821 καὶ
1573 1762 1793 1836 ἄφθεγ-

43 1911 47 1914 ,
117 1872 159 1906 20
181 1873 340 1922 κτον,
383 1845 518 1906 οὐδὲ
557 1855 838 1925 φαντασία
880 1853 1127 1917 διανοίας
1167 1848 1375 1922 ληπτὸν
1416 1849 1568 1907 εἷναί
1602 1864 1790 1924 φασιν·

182 1932 316 1990 αὐτὸ
358 1934 419 1990 δὲ
456 1936 616 1990 τοῦτο
658 1930 795 1991 καθ’
827 1930 857 1990 ὃ
896 1931 1036 1990 θεὸν
1074 1932 1410 2007 ὀνομάζομεν
1433 1932 1663 2006 Ἐλωεὶμ
1693 1957 1793 1989 κα-

181 2021 362 2089 λοῦσι,
395 2017 542 2091 παρὰ
571 2017 632 2075 τό
663 2014 751 2090 ἢλ,
785 2014 861 2084 ὦς
893 2024 1036 2076 ἔοικε
1052 2018 1088 2042 ·“’
1109 2022 1270 2075 τοῦτο
1303 2020 1364 2076 δὲ
1387 2017 1792 2092 ἑρμηνεύουσιν

183 2100 343 2176 ἰσχὺν
384 2105 478 2159 καὶ
521 2101 787 2175 δύναμιν·
865 2099 990 2159 ὥστ’
1038 2102 1183 2159 εἶναι
1226 2105 1327 2158 τοῦ
1366 2105 1510 2159 θεοῦ
1549 2099 1790 2173 τοῦνομα

181 2185 312 2259 παρ’
361 2184 548 2252 αὐτοῖς
589 2183 697 2243 άπὸ
738 2190 834 2258 τῆς
873 2183 1016 2258 ἀμφὶ
1055 2183 1226 2242 αὐτὸν
1268 2183 1556 2257 δυνάμεως
1597 2208 1657 2241 τε
1698 2186 1790 2240 καὶ

118 2291 160 2325 25
184 2269 373 2344 ἰσχύος
405 2272 905 2342 ἐπιλελογισμένου,
939 2265 1007 2325 δι’
1028 2261 1094 2341 ἧς
1127 2283 1335 2327 νοεῖται
1367 2267 1791 2342 παντοδύναμος

181 2357 275 2410 καὶ
314 2353 495 2410 πάντα
536 2351 773 2425 ἰσχύων,
815 2349 888 2418 (ὃς
927 2349 997 2409 ἂν
1035 2351 1101 2409 τά
1137 2353 1317 2411 πάντα
1357 2352 1786 2426 συστησάμενος.

181 2435 210 2493 6
255 2437 314 2493 δὲ
344 2436 584 2494 Πλάτων
621 2434 760 2494 θεὸν
803 2439 895 2493 καὶ
933 2436 1102 2505 θεοὺς
1141 2437 1291 2510 παρὰ
1330 2436 1391 2494 τὸ
1429 2439 1614 2509 θέειν,
1654 2435 1789 2511 ὅπερ

184 2523 298 2579 ἐστὶ
339 2523 580 2595 τρέχειν,
630 2520 760 2587 τούς
802 2523 863 2578 ἐν
902 2519 1125 2599 οὐρανῷ
1162 2525 1460 2594 φωστῇρας
1503 2524 1790 2595 ἐπικεκλῆ-

182 2611 326 2662 σθαί
350 2623 501 2678 φησι.

118 2710 159 2742 30
308 2694 391 2746 21.
434 2691 671 2747 Τοιαῦτα
703 2687 772 2762 δή
800 2713 943 2761 τινα,
978 2688 1051 2755 ὥς
1083 2692 1143 2746 ἐν
1168 2687 1324 2766 τύπω
1347 2688 1541 2761 φάναι,
1573 2687 1639 2746 τά
1661 2686 1784 2763 παρ’

185 2883 269 2922 394
297 2819 600 2922 173ξ15λῖτων]
637 2824 759 2865 Crat.
790 2839 833 2878 p.
856 2827 937 2867 396
950 2839 991 2866 c.
1022 2826 1236 2867 Proxima
1265 2826 1324 2868 ib.
1357 2827 1454 2867 397.
1483 2827 1564 2867 393
1577 2839 1619 2866 a.
1650 2827 1783 2866 395a.

290 2895 326 2922 c.
494 2911 502 2922 .

1817 2114 1840 2146 d
