2014 3146
259 134 362 186 318
935 132 1182 173 EUSEBII

259 247 505 322 πεφυκὸς
534 245 899 321 ἀμετρότερον
925 243 1112 320 εῦρειῒν
1134 245 1204 303 ἄν
1225 271 1367 319 τινα,
1400 251 1503 304 νοῦ
1533 249 1593 305 δὲ
1623 251 1715 306 καὶ
1749 252 1862 306 ε’πι-

260 332 467 406 στήμης
499 330 894 406 ἐμμετρότερον
924 328 1052 388 οὐδ’
1086 329 1156 389 ἂν
1187 334 1247 388 ἕν
1277 354 1423 388 ποτε.

385 422 433 474 4.
475 421 666 483 Καλῶς
708 425 944 489 εἴρηκας.
1007 413 1152 488 ὅμως
1195 413 1252 472 δ’
1296 421 1373 472 ε’τι
1414 417 1539 488 λέγε
1568 414 1628 472 τὸ
1659 424 1858 490 τρίτον.

262 507 392 567 νοῦς
432 499 566 574 ἡμῖν
607 499 842 566 κάλλους
871 506 1167 572 μετείληφε
1192 502 1360 557 πλέον
1387 495 1421 572 ἢ
1450 498 1512 556 τὸ
1535 502 1629 571 τῆς
1659 498 1862 574 ἡδονῆς

259 588 434 657 γένος,
469 583 608 642 ὥστε
639 585 782 642 εἶναι
806 591 1012 641 καλλίω
1036 590 1176 642 νοῦν
1198 580 1422 657 ἡδονῆς,
1454 579 1510 685 ἧς
1511 582 1862 655 τοῦναντίον;
1886 609 1906 641 5

377 662 496 743 Αρ’
541 662 643 726 οῦν
682 667 956 742 φρόνησιν
994 693 1096 742 μεν
1134 671 1226 725 καὶ
1256 672 1423 742 νοῦν,
1470 692 1512 724 ω
1544 667 1865 741 Σώκρατες,

260 750 448 820 οὐδεὶς
490 752 710 811 πώποτε
749 751 880 811 οὔθ’
927 750 1078 827 ῦπαρ
1131 750 1251 810 οὔτ’
1295 751 1431 827 ὄναρ
1471 751 1702 826 αἰσχρὸν
1740 750 1867 810 οὔτε

262 837 412 895 εἶδεν
430 835 576 895 οὔτι-ό
610 837 913 911 ἐπενόησεν
942 834 1192 911 ουδαμοῦ
1215 836 1491 911 οὐδαμοῖς,
1523 835 1652 894 οὔτε
1681 835 1871 910 γιγνό-

260 946 429 995 μενον
459 921 587 980 οὕτε
617 921 750 979 ὅντα
781 920 907 980 οὔτε
941 920 1234 996 ε’σόμενον;

147 1034 240 1075 (771)
383 1004 607 1079 Ορθῶς.
1890 1029 1930 1059 10

387 1088 693 1158 ΟἪδονάς
741 1093 807 1147 δέ
840 1115 903 1162 γε
935 1088 1144 1163 δήπου,
1189 1092 1279 1147 καὶ
1310 1088 1510 1155 ταύτας
1541 1087 1741 1163 σχεδὸν
1772 1087 1868 1157 τὰς

259 1182 517 1248 μεγίστας
537 1221 551 1248 ,
593 1174 727 1232 ὅταν
758 1181 969 1248 ἴδωμεν
1008 1171 1282 1248 ἡδόμενον
1312 1173 1595 1247 ὁντινοῦν,
1626 1171 1660 1246 ἢ
1691 1173 1750 1230 τὸ
1781 1198 1867 1246 γε·

260 1267 413 1316 λοϊον
460 1259 545 1316 ἐπ’
597 1258 788 1325 αὐταῖς
833 1257 866 1332 ἢ
904 1258 964 1317 τὸ
1010 1258 1237 1317 πάντων
1282 1268 1565 1332 αἴσχιστον
1597 1256 1868 1331 επόμενον

259 1339 498 1417 ὁρῶντες
571 1341 735 1402 αὐτοί
791 1369 851 1402 τε
911 1343 1292 1418 αἰσχυνόμεθα
1354 1346 1446 1400 καὶ
1509 1341 1869 1415 ἀφανίζοντες

260 1426 574 1502 κρύπτομεν
603 1426 685 1486 ὅτι
715 1427 975 1502 μάλιστα,
1018 1432 1178 1486 νυκτὶ
1219 1428 1399 1486 πάντα
1438 1426 1504 1484 τὰ
1534 1431 1758 1484 τοιαῦτα
1790 1432 1867 1484 δι·
1891 1448 1932 1480 15

264 1510 480 1586 δόντες,
514 1512 587 1580 ὡς
610 1516 729 1586 φώς
760 1511 827 1570 οὐ
863 1517 991 1571 δέον
1021 1509 1158 1587 ὁρᾶν
1190 1511 1344 1570 αὐτά.

388 1603 435 1654 6.
470 1598 666 1670 Πάντη
698 1590 767 1671 δὴ
798 1596 1021 1671 φήσεις,
1056 1590 1098 1653 ὦ
1128 1596 1459 1672 Πρώταρχε,
1490 1591 1600 1653 ῦπό
1623 1618 1681 1652 τε
1710 1593 1869 1668 ἀγγέ-

261 1689 376 1738 λων
416 1686 648 1755 πέμπων
686 1685 776 1739 καὶ
823 1688 1062 1755 παροῦσι
1106 1680 1331 1755 φράζων
1373 1677 1444 1747 ὦς
1488 1676 1663 1753 ἡδονὴ
1694 1683 1870 1752 κτῆμα

261 1765 364 1822 οὐκ
396 1772 509 1823 ἔστι
541 1772 761 1840 πρῶτον
791 1764 917 1824 οὐδ’
952 1758 1025 1824 αῦ
1056 1765 1336 1838 δεύτερον,
1362 1762 1502 1821 ἄλλα
1526 1770 1746 1836 πρῶτον
1767 1765 1870 1836 μέν

263 1872 338 1922 πη
369 1853 496 1922 περὶ
539 1854 741 1925 μέτρον
779 1854 871 1908 καὶ
917 1850 975 1908 τὸ
1020 1856 1244 1923 μέτριον
1287 1851 1382 1906 καὶ
1423 1848 1484 1906 τὸ
1528 1854 1745 1922 καίριον
1776 1849 1867 1904 καὶ
1891 1870 1932 1902 20

219 1962 238 1993 b
262 1932 435 1990 πάνθ’
479 1930 655 1992 ὁπόσα
693 1935 796 2009 χρὴ
835 1941 1060 1992 τοιαῦτα
1105 1941 1346 2007 νομίζειν
1386 1933 1489 2005 τὴν
1519 1931 1702 1990 ἀΐδιον
1735 1929 1870 2006 ᾑρῆ-

264 2028 398 2075 σθαι
429 2018 617 2090 φύσιν.

393 2110 659 2161 Φαίνεται
689 2110 829 2177 γοῦν
862 2108 919 2161 ἐκ
949 2107 1062 2161 τῶν
1092 2108 1199 2160 νῦν
1230 2105 1557 2176 λεγομένων.

394 2192 436 2243 7.
470 2187 753 2298 Δεύτερον
775 2213 877 2262 μεν
900 2191 1025 2262 περὶ
1049 2186 1109 2246 τὸ
1126 2186 1446 2292 σύμμετρον
1469 2188 1561 2243 καὶ
1584 2182 1755 2242 καλὸν
1779 2186 1872 2241 καὶ

262 2270 322 2326 τὸ
352 2274 561 2329 τέλειον
593 2277 684 2330 καὶ
716 2273 911 2331 ικανὸν
941 2276 1033 2331 καὶ
1062 2271 1237 2330 πανθ’
1272 2270 1448 2329 ὁπόσα
1478 2274 1572 2343 τῆς
1604 2271 1869 2342 γενέσεως
1893 2290 1932 2322 25

266 2346 338 2410 αῦ
365 2355 564 2428 ταύτης
598 2361 726 2416 ε’στί.

382 2437 559 2497 ”anm
590 2445 743 2513 γοῦν.

394 2528 439 2580 8.
496 2525 568 2581 Τὸ
607 2535 802 2584 τοίνυν
841 2533 1053 2599 τρίτον,
1105 2520 1178 2592 ὥς
1220 2524 1253 2597 ἡ
1296 2522 1394 2597 ε’μὴ
1434 2528 1690 2596 μαντεία,
1730 2524 1868 2578 νοῦν

266 2609 356 2664 καὶ
402 2606 676 2681 φρόνησιν
727 2613 902 2678 τιθεὶς
957 2608 1058 2667 οὐκ
1099 2605 1169 2667 ἂν
1219 2612 1356 2683 μέγα
1397 2633 1448 2666 τι
1477 2611 1571 2680 τῆς
1602 2605 1868 2677 ἀληθείας

265 2695 640 2766 παρεξέλθοις.
1889 2710 1929 2741 30

376 2775 551 2842 Ἴσως.

395 2866 443 2917 9.
472 2853 579 2935 Ἆρ’
617 2853 720 2918 οῦν
751 2859 816 2919 οῦ
847 2863 1104 2936 τέταρτα,
1146 2859 1180 2918 ἃ
1210 2864 1304 2933 τῆς
1335 2862 1512 2932 ψυχῆς
1545 2855 1713 2930 αὐτῆς
1745 2863 1866 2915 ἔθε-
