2014 3146
249 111 352 163 366
696 148 702 152 ,
933 111 1180 152 EUSEBII

247 220 318 299 ἦν
339 222 581 298 τέλεονῆ
615 224 834 292 ἑκόντος
864 221 898 299 ἢ
928 224 1157 292 ἄκοντος
1187 229 1281 298 τῆς
1305 230 1539 302 ψυχικῆς
1562 226 1734 301 ἀξίας,
1767 232 1860 287 καὶ

248 309 504 383 οὐδαμῶς
525 309 946 382 καθεωρακότος
978 309 1050 377 ὡς
1088 317 1366 386 παρουσίᾳ
1405 312 1506 385 μὲν
1543 316 1639 385 τῆς
1680 318 1859 387 ψυχῆς

249 393 473 464 ζωτικὸν
497 399 691 468 γέγονε
706 394 765 451 τὸ
789 399 887 453 τοῦ
907 395 1046 472 ζῴου
1078 399 1255 469 σῶμα,
1288 394 1361 461 ὡς
1385 397 1557 469 πυρὸς
1581 405 1858 473 παρουσίᾳ

246 479 461 587 θερμὸν
473 478 532 536 τὸ
556 486 963 554 παρακείμενον
983 479 1159 553 ὕδωρ,
1184 479 1400 553 ψυχρὸν
1420 476 1485 537 ὂν
1506 478 1639 538 καθ’
1665 482 1828 540 ἑαυτό
1843 499 1853 507 “

247 566 339 621 καὶ
381 562 543 637 ἡλίου
585 563 826 640 ἀνατολῇ
864 563 1214 637 πεφώτισταί
1245 589 1308 636 γε
1338 563 1366 622 ὁ
1399 562 1534 638 ἀὴρ,
1579 567 1855 633 σκοτεινὸς
1877 590 1898 623 5

247 673 326 705 ων
351 647 487 705 ἄνευ
510 652 605 721 τῆς
629 673 827 706 τουτου
852 648 1185 722 ἐκλάμψεως.
1228 653 1275 706 3
1304 648 1423 706 ἀλλ’
1454 647 1581 706 ου’τε
1611 646 1644 722 ἡ
1675 653 1856 724 θέρμη

245 738 342 790 τοῦ
369 732 569 801 υδατος
601 732 634 806 ἡ
675 733 951 831 θερμότης
994 735 1064 806 ην
1103 757 1200 791 του
1232 731 1405 806 πυρὸς
1457 733 1583 791 οὔτε
1622 734 1682 792 τὸ
1724 740 1855 810 πῦρ,

245 816 374 875 οὔτε
417 818 477 875 τὸ
525 821 775 890 ἐναέριον
819 822 936 891 φῶς
981 816 1040 875 τὸ
1087 816 1379 891 σύμφυτον
1422 820 1502 894 τῷ
1540 817 1677 896 ἡλίῳ
1708 823 1855 892 φῶς·

204 938 221 960 c
247 900 510 968 ὡσαύτως
543 903 606 959 δὲ
635 901 767 959 οὐδὲ
798 899 831 975 ἡ
863 909 961 960 τοῦ
991 901 1239 975 σώματος
1274 905 1540 976 ἐμψυχία,
1572 902 1689 975 ἥτις
1715 908 1857 962 ἐοικε

243 990 311 1061 τῇ
341 985 607 1060 βαρύτητι
647 990 740 1044 καὶ
783 991 848 1061 τῇ
890 989 1017 1062 περὶ
1048 991 1204 1061 σῶμα
1249 986 1524 1060 ποιότητι,
1567 987 1601 1060 ἡ
1643 987 1790 1061 ψυχὴ
1820 988 1918 1061 ἡιο

245 1075 413 1148 ἐντῷ
442 1071 651 1145 σώματι
691 1082 1127 1144 καταταχθεῐσα,
1172 1069 1242 1127 δι’
1279 1069 1350 1144 ἣν
1381 1075 1472 1128 καὶ
1504 1076 1675 1145 πνοῆς
1707 1097 1854 1140 τινος

245 1160 469 1229 ζωτικῆς
500 1158 724 1229 μετέσχε
753 1155 812 1213 τὸ
845 1154 1036 1229 σῶμα.’

370 1245 418 1297 4.
453 1240 587 1297 Εἶθ’
627 1243 750 1341 ἑξης
780 1238 911 1314 μεθ’
948 1243 1106 1314 ἕτερα
1138 1242 1377 1312 ἐπιλέγει

362 1321 487 1381 “Ta
516 1325 619 1397 μὲν
650 1326 753 1383 οὐν
783 1323 923 1382 αλλα
951 1322 1055 1382 ὅσα
1085 1327 1213 1399 περὶ
1244 1323 1412 1397 αυτῆς
1444 1324 1732 1398 εἰρήκασιν
1761 1324 1854 1383 αλ-

241 1417 327 1466 λοι
358 1407 633 1482 αἰσχύνην
677 1406 811 1483 ἡμιν
856 1412 1030 1484 φέρει.
1106 1432 1223 1475 πως
1262 1434 1367 1483 γαρ
1407 1407 1511 1466 οὐκ
1557 1410 1779 1483 αἰσχρὸς
1822 1435 1851 1468 ο
1876 1434 1916 1466 15

243 1497 583 1566 ἐντελέχειαν
605 1497 780 1560 τιθεὶς
803 1493 906 1568 τὴν
928 1494 1114 1568 ψυχὴν
1145 1492 1305 1566 λόγος
1335 1492 1586 1567 σώματος
1611 1499 1853 1567 φυσικοῦ

241 1577 568 1652 ὀργανικου;
615 1601 731 1647 πως
777 1580 836 1636 δε
882 1578 985 1636 οὐκ
1025 1577 1292 1652 αἰσχύνης
1337 1580 1523 1651 γέμων
1566 1578 1595 1636 ὁ
1635 1578 1855 1653 πνεῦμά

242 1686 358 1730 πως
390 1671 535 1736 ἔχειν
567 1661 740 1735 αὐτὴν
771 1662 1100 1737 αποδιὸους,
1133 1660 1168 1735 ἢ
1198 1685 1309 1737 πυρ
1342 1663 1574 1739 νοερὸν,
1606 1669 1672 1738 τῇ
1696 1687 1855 1735 περι-

241 1746 403 1815 ψύξει
433 1749 525 1804 καὶ
558 1744 679 1806 οἷον
708 1753 863 1822 βαφῇ
893 1750 995 1805 τοῦ
1016 1747 1176 1822 ἀέρος
1199 1744 1460 1820 ἀναφθὲν
1483 1743 1517 1819 ἢ
1541 1749 1850 1820 στομωθὲν,
1918 1807 1923 1809 ,

240 1830 269 1887 ὅ
299 1854 358 1888 τε
388 1828 610 1904 ἀτόμων
630 1831 910 1906 ἄθροισμα
940 1833 1064 1898 θεὶς
1094 1828 1128 1903 ἢ
1158 1829 1298 1897 ὅλως
1329 1829 1436 1888 ἀπὸ
1468 1830 1716 1904 σώματος
1747 1829 1849 1888 αὕ-
1873 1855 1916 1887 20

197 1941 218 1973 d
239 1914 343 1988 τὴν
373 1922 683 1987 γεννᾶσθαι
715 1914 1194 1990 αποφαινόμενος·
1181 1917 1211 1986 ,’

353 1995 451 2058 Ον
483 1998 552 2073 δὴ
583 1999 748 2074 λόγον
780 2005 839 2059 ἐν
863 1999 1073 2074 Νόμοις
1097 1997 1317 2072 ασεβῶν
1341 1996 1515 2072 ασεβῆ
1542 1999 1684 2056 εἶναι
1713 1998 1846 2056 ἀπε-

239 2083 471 2157 φήνατο.
549 2084 815 2158 αἰσχυνης
846 2110 948 2143 ουν
989 2108 1192 2152 παντες
1223 2085 1375 2141 οὑτοι
1415 2082 1639 2159 πληρεις
1681 2082 1847 2156 λόγοι

241 2172 327 2226 ε’πὶ
374 2170 436 2226 δε
474 2173 550 2245 τῷ
594 2173 810 2242 λέγοντι
852 2168 1215 2242 αὐτοκίνητον
1257 2165 1457 2225 ουσιάν
1506 2166 1609 2226 οὐκ
1649 2193 1719 2225 αν
1749 2192 1848 2240 τις,

240 2255 443 2327 φησὶν,
478 2260 826 2327 αἰσχυνθείη.
1870 2277 1912 2309 25

129 2361 219 2403 (814)
365 2349 468 2398 XII.
494 2333 646 2397 “''Em
669 2343 770 2417 τοῦ
791 2337 1092 2406 Πλάτωνος
1116 2339 1369 2410 λέγοντος
1391 2335 1494 2410 τὴν
1516 2334 1703 2410 ψυχὴν
1729 2341 1851 2393 δια-

238 2435 467 2494 κοσμεῖν
506 2421 572 2478 τὰ
611 2422 792 2481 πάντα
826 2422 1133 2495 διήκουσαν
1166 2420 1257 2479 διὰ
1296 2420 1554 2494 πάντων,
1593 2423 1685 2478 καὶ
1715 2419 1850 2478 ταύ-

238 2529 340 2578 την
369 2504 474 2577 ὑφ’
511 2532 574 2578 ης
605 2510 698 2564 και
729 2513 786 2564 οι
822 2509 1004 2564 λοιποὶ
1038 2513 1373 2564 διοικεῖσθαι
1404 2520 1747 2579 συγχωροιεν
1777 2501 1848 2562 οὶν

238 2593 465 2662 ἕκαστα,
513 2593 604 2647 καὶ
649 2593 824 2664 μηδεν
853 2589 986 2649 αλλο
1032 2591 1175 2649 εἶναι
1219 2590 1319 2663 τὴν
1349 2589 1525 2663 φύσιν
1568 2614 1603 2661 η
1642 2586 1844 2662 ψυχὴν,

237 2677 329 2731 καὶ
362 2673 617 2746 δηλονότι
646 2674 831 2749 ψυχὴν
849 2675 952 2732 οὐκ
974 2674 1204 2778 αλογον,
1236 2677 1327 2732 καὶ
1362 2678 1421 2731 ἐκ
1443 2673 1655 2731 τούτων
1678 2692 1844 2730 συνα-
1869 2695 1912 2729 3ο

237 2783 429 2831 γοντος
468 2757 552 2817 ότι
591 2782 771 2816 παντα
810 2785 946 2816 κατα
985 2759 1254 2835 πρόνοιαν
1298 2764 1536 2832 γίνεται,
1583 2766 1723 2829 εἴγε
1753 2758 1845 2813 καὶ

236 2842 373 2899 κατὰ
418 2843 618 2917 φύσιν·
677 2842 812 2918 πρὸς
857 2843 1024 2902 οὐδὲν
1053 2843 1265 2902 τούτων
1308 2842 1441 2916 ἡμῖν
1476 2839 1845 2916 Ἀριστοτέλης
