2014 3146
260 103 363 157 326
948 106 1196 147 EUSEBH

259 220 360 293 τὴν
390 225 502 277 τῶν
531 218 842 294 φωστήρων
875 218 1216 294 ἐπιβάθραν,
1263 222 1617 288 ἐπιλέξωνταί
1645 249 1701 282 τε
1736 227 1868 282 ἑαυ-

258 319 376 371 ταῖς
407 307 469 360 αί
493 310 835 378 συνωμοσιάι
865 310 979 363 τῶν
1009 309 1257 378 χυδαίων
1286 303 1506 378 ἀτόμων
1534 307 1732 382 μονὰς,
1775 311 1866 366 καὶ

263 387 750 462 διακληρώσωνται
789 387 885 446 τὸν
925 387 1275 461 οὐρανόννείς
1306 400 1492 456 οἴκους
1526 391 1743 460 ἑαυταῖς
1774 396 1865 452 καὶ

261 471 558 546 σταθμούς.
573 470 599 491 ”

390 562 469 614 16.
519 557 656 615 Εἶτα
687 554 818 633 μεθ’
854 556 1011 631 ἕτερα
1042 575 1214 630 φησιν
1911 580 1929 612 5

149 665 239 706 (777)
378 640 408 661 “
430 639 578 700 Ἀλλ
620 640 754 699 οὐδε
791 641 858 699 τὰ
897 641 1113 715 φανερὰ
1153 638 1358 715 ὁρῶσιν
1402 634 1554 700 οὑτοι
1594 648 1651 700 οἱ
1695 641 1869 717 ἀπρο-

257 723 472 799 νόητοι,
526 732 732 783 πολλοῦ
784 749 846 798 γε
901 727 1088 784 δέουσι
1139 729 1386 799 συνορᾶν
1427 729 1518 784 καὶ
1558 725 1623 784 τὰ
1663 725 1866 801 αφανῆ.

258 814 466 868 ἐοίκασι
514 810 619 885 γὰρ
659 811 798 884 μηδὲ
846 809 1115 879 ἀνατολὰς
1163 809 1490 868 ἐποπτεύειν
1540 815 1869 885 τεταγμένας

257 896 349 951 καὶ
385 894 571 963 δύσεις
601 894 736 968 μήτε
766 899 879 952 τῶν
920 894 1106 953 ἄλλων
1135 894 1271 969 μήτε
1303 893 1397 963 τὰς
1430 896 1868 970 ἐκπρεπεστάτας

257 974 446 1052 ἡλίου,
488 981 628 1053 μηδὲ
667 983 907 1053 χρῆσθαι
948 995 1067 1047 ταῖς
1110 977 1184 1038 δι’
1229 978 1415 1037 αὐτῶν
1456 984 1867 1054 δεδωρημέναις
1894 1001 1932 1032 10

256 1061 578 1137 ἀνθρώποις
621 1067 988 1138 ἐπικουρίαις,
1042 1063 1394 1140 ἆναπτομένῃ
1437 1066 1540 1139 μὲν
1582 1072 1659 1133 εἰς
1707 1069 1870 1138 ἐργα-

233 1151 385 1205 ’σίαν
415 1147 610 1225 ἡμέρα,
639 1148 1055 1223 ἐπηλυγαζούσῃ
1096 1150 1157 1206 δὲ
1180 1151 1339 1207 νυκτὶ
1363 1149 1498 1221 πρὸς
1519 1146 1864 1208 ἀνάπαυλαν.

251 1227 634 1300 “ε’ξελευ’σεται
663 1231 769 1307 γὰρ
801 1231 1100 1306 ἅνθρωπος
1126 1233 1348 1308 (φησὶν)
1376 1236 1464 1291 ἐπὶ
1495 1232 1736 1307 τὸέργον
1766 1231 1868 1292 αὑ-

255 1321 352 1374 τοῦ
412 1319 503 1374 καὶ
557 1319 646 1374 ἐπὶ
704 1316 805 1389 τὴν
869 1320 1132 1391 ἐργασίαν
1183 1314 1360 1376 αὑτοῦ
1421 1321 1522 1386 ἕως
1576 1318 1863 1393 ἑσπέρας.”

258 1406 337 1458 17.
384 1398 506 1459 ἀλλ’
543 1398 678 1459 οὐδὲ
707 1400 810 1474 τὴν
842 1405 1035 1475 ἑτέραν
1068 1406 1462 1462 ἐπισκοποῦσιν
1486 1401 1867 1477 ἄνακύκλησιν
1891 1422 1931 1455 15

206 1505 228 1537 b
256 1483 462 1559 αὐτοῦ,
495 1484 628 1544 καθ’
674 1483 744 1559 ἣν
777 1485 1085 1560 ὡρισμένας
1117 1486 1261 1559 ὥρας
1293 1490 1385 1545 καὶ
1415 1488 1643 1561 καιροὺς
1676 1485 1869 1546 εὐκαί-

255 1594 387 1640 ρους
429 1573 520 1627 καὶ
558 1593 762 1644 τροπας
803 1567 1259 1645 απαρατρέπτους
1288 1569 1573 1646 αποτελεῖ,
1615 1569 1724 1630 υπὸ
1756 1577 1867 1631 τῶν

255 1657 310 1721 ἐξ
342 1679 421 1711 ων
454 1658 602 1712 ἐστιν
632 1653 854 1729 ἀτόμων
882 1652 1274 1730 ὁδηγούμενος.
1351 1654 1489 1714 ἄλλα
1533 1681 1638 1715 καν
1667 1655 1740 1730 μὴ
1772 1659 1867 1715 θέ-

254 1746 426 1795 λωσιν
456 1764 508 1797 οι
540 1745 799 1812 δείλαιοι,
844 1764 916 1807 ως
958 1738 1012 1798 δ’
1055 1733 1159 1798 οὖν
1189 1739 1549 1799 πιστεύουσιν
1579 1747 1637 1799 οἱ
1664 1750 1865 1799 δίκαιοι

247 1817 455 1894 “μέγας
495 1822 682 1896 κύριος
721 1822 749 1880 ὁ
789 1823 1021 1894 ποιήσας
1062 1822 1233 1881 αὐτὸν
1263 1826 1354 1881 καὶ
1388 1828 1448 1882 ἐν
1478 1824 1661 1897 λόγοις
1692 1823 1866 1883 αὐτοῦ
1887 1845 1928 1876 20

254 1907 592 1965 κατέσπευσε
651 1914 894 1982 πορείαν.
903 1905 930 1927 ”
1027 1913 1105 1965 18
1167 1906 1357 1981 ἄτομοι
1405 1934 1509 1983 γαρ
1558 1908 1718 2011 ὑμῖν
1753 1933 1866 1983 χει-

252 1994 410 2063 μῶνα
441 1993 728 2065 φέρουσιν,
763 2017 805 2048 ω
838 1995 1056 2065 τυφλοὶ,
1089 1994 1180 2049 καὶ
1211 2017 1426 2065 υετους,
1459 1998 1554 2050 ἵνα
1585 1992 1618 2065 ἡ
1650 1997 1719 2065 γῆ
1743 2018 1864 2066 τρο-

252 2074 360 2147 φὰς
390 2070 525 2148 υμῖν
555 2100 612 2134 τε
644 2079 735 2133 καὶ
766 2080 900 2133 πᾶσι
929 2091 1043 2145 τοῖς
1077 2074 1161 2133 ἐπ’
1197 2075 1367 2150 αὐτῆς
1399 2076 1551 2153 ζῴοις
1582 2075 1717 2152 ανῇ;
1769 2080 1864 2136 θέ·

253 2183 346 2231 ρος
397 2183 455 2216 τε
508 2159 838 2233 ἐπάγουσιν,
893 2186 985 2218 ινα
1026 2163 1116 2218 καὶ
1167 2185 1295 2228 τους
1334 2159 1441 2218 ἀπὸ
1485 2163 1737 2235 δένδρων
1787 2169 1864 2230 εἰς

251 2242 472 2317 τρυφὴν
503 2267 746 2318 καρπους
777 2244 1008 2318 λαβητε;
1063 2248 1154 2303 καὶ
1188 2244 1279 2302 δια
1309 2253 1364 2302 τί
1391 2244 1465 2319 μὴ
1495 2259 1613 2313 ταῖς
1643 2243 1861 2332 ατόμοις
1885 2263 1925 2296 25

210 2356 227 2378 e
253 2343 614 2399 προσκυνεῖτε
650 2331 740 2386 καὶ
770 2328 940 2387 θύετε
971 2343 1090 2397 ταῖς
1117 2328 1462 2404 ἐπικαρποις;
1494 2328 1782 2405 ἀχάριστοί
1799 2355 1862 2403 γε

251 2411 391 2483 μηδε
422 2409 668 2486 ἆπαρχας
699 2410 892 2480 αυταῖς
923 2411 1111 2487 ὀλίγας
1135 2439 1246 2472 των
1271 2417 1492 2472 πολλῶν
1525 2411 1820 2490 δωρεων,
1798 2440 1861 2482 ας

251 2493 380 2567 παρ’
419 2494 607 2554 αὐτῶν
638 2504 804 2570 ἔχετε,
837 2495 1256 2572 ἀφιεροῦντες.”

380 2584 459 2636 19.
510 2583 618 2637 Καὶ
648 2580 783 2654 μετὰ
813 2585 1021 2656 βραχέα
1051 2584 1224 2656 φησὶν

371 2658 469 2721 ‘’‘0
501 2665 562 2721 δὲ
593 2665 909 2739 πολυεθνὴς
933 2669 1023 2723 καὶ
1047 2664 1354 2740 πολυμιγὴς
1380 2669 1549 2739 δῆμος
1571 2670 1682 2723 τῶν
1705 2663 1859 2723 ἀστέ-
1884 2689 1923 2722 30

251 2771 396 2819 ρων,
448 2745 543 2815 οὓς
585 2753 646 2804 αἱ
694 2757 1066 2818 πολυπλανεῖς
1108 2754 1198 2808 καὶ
1239 2749 1324 2808 ἀεὶ
1371 2748 1859 2823 διαρριπτούμεναι

251 2832 597 2905 συνέστησαν
635 2831 853 2907 ἄτομοι,
905 2834 1085 2909 χώρας
1136 2838 1350 2902 ἑαυτοῖς
1395 2833 1532 2891 κατὰ
1570 2832 1858 2905 συνθήκας
