2014 3146
260 111 365 163 376
938 109 1186 151 EUSEBII

260 227 472 298 ἀΐδιον,
518 223 612 292 τὰς
647 226 708 282 δὲ
738 224 930 290 λοιπὰς
961 231 1382 299 συμμίγνυσθαι
1415 228 1503 283 ε’πὶ
1533 232 1761 303 τελευτῇ
1794 234 1875 296 εἰς

263 317 496 382 ἐκείνην.
567 315 713 382 ἔχειν
767 310 828 365 δὲ
874 313 1065 366 ,πᾶσαν
1115 308 1300 383 ψυχὴν
1347 306 1679 384 ἡγεμονικόν
1717 337 1767 370 τι
1810 317 1873 370 ἐν

262 392 430 468 αὐτῇ,
462 391 491 450 ὃ
526 392 594 466 δὴ
627 392 733 466 ζωὴ
766 396 856 450 καὶ
888 400 1151 467 αἴσθησίς
1183 398 1295 451 ἐστι
1327 396 1418 451 καὶ
1449 393 1645 468 ὁρμή.”

389 484 436 536 6.
484 480 597 536 Καὶ
628 483 706 534 ἔτι
736 474 855 551 μετ’
888 475 1047 551 ὀλίγα

380 561 411 582 “
438 562 553 635 Τὴν
586 562 647 619 δὲ
678 562 864 636 ψυχὴν
894 561 1170 636 γεννητήν
1199 587 1257 620 τε
1280 564 1372 620 καὶ
1396 562 1658 637 φθαρτὴν
1682 565 1867 637 λέγου-
1914 595 1936 628 5

262 663 378 705 σιν·
427 645 529 705 οὐκ
562 644 734 713 εὐθὺς
768 647 829 704 δὲ
858 648 960 704 τοῦ
989 646 1238 720 σώματος
1262 644 1678 721 ἀπαλλαγεῖσαν
1708 654 1871 722 φθεί-

264 743 492 805 ρεσθαι,
535 729 655 788 ἀλλ’
705 734 983 804 ἐπιμένειν
1022 730 1175 798 τινας
1205 731 1437 806 χρόνους
1469 731 1600 790 καθ’
1638 731 1869 805 ἑαυτήν·

261 817 363 890 τὴν
402 817 504 890 μὲν
544 819 657 873 τῶν
698 820 1024 873 σπουδαίων
1074 819 1228 890 μέχρι
1274 819 1368 889 τῆς
1411 823 1487 884 εἰς
1519 820 1630 888 πῦρ
1662 815 1874 874 ἀναλύ-

263 920 404 967 σεως
443 903 556 958 τῶν
596 899 850 973 πάντων,
897 898 998 974 τὴν
1041 901 1102 957 δὲ
1141 904 1253 958 τῶν
1292 899 1561 974 ἀφρόνων
1609 900 1745 975 πρὸς
1778 924 1874 958 πο-

219 1018 236 1040 c
265 984 397 1051 σούς
440 1009 593 1051 τινας
633 983 880 1058 χρόνους.
960 990 1004 1042 7.
1051 982 1109 1042 τὸ
1153 986 1213 1042 δὲ
1258 988 1539 1059 διαμένειν
1568 983 1663 1051 τας
1694 984 1872 1059 ψυχας
1896 1013 1942 1045 10

264 1067 408 1127 οὕτω
442 1072 716 1142 λέγουσιν,
749 1067 832 1126 ὅτι
864 1071 1195 1143 διαμένομεν
1217 1066 1374 1143 ἡμεῖς
1398 1073 1570 1144 ψυχαὶ
1593 1068 1874 1142 γινόμενοι

263 1158 362 1211 τοῦ
393 1153 642 1227 σώματος
672 1155 1044 1227 χωρισθέντος
1074 1156 1167 1210 καὶ
1200 1161 1277 1220 εἰς
1312 1153 1514 1211 ἐλάττω
1537 1153 1874 1227 μεταβαλόν-

263 1264 355 1305 τος
387 1235 585 1295 οὐσίαν
623 1237 726 1310 τὴν
763 1241 858 1311 τῆς
888 1244 1082 1311 ψυχῆς.
1130 1236 1224 1305 τοὶς
1257 1239 1317 1295 δὲ
1346 1242 1458 1295 τῶν
1488 1235 1752 1312 ἀφρόνων
1783 1241 1875 1296 καὶ

264 1321 482 1396 ἀλόγων
514 1321 666 1400 ζῴων
698 1322 875 1396 ψυχὰς
908 1321 1371 1381 συναπόλλυσθαι
1401 1336 1515 1389 τοῖς
1546 1319 1809 1396 στόμασι.”

391 1413 435 1464 8.
494 1410 733 1466 Τοιαῦτα
772 1409 864 1463 καὶ
906 1405 970 1464 τὰ
1001 1409 1096 1480 τῆς
1128 1411 1380 1480 Στωϊκῆς
1412 1413 1743 1480 φιλοσοφίας
1779 1406 1874 1464 δό-
1898 1432 1940 1465 15

264 1516 441 1565 γματα
479 1490 586 1548 ἀπὸ
625 1494 737 1549 τῶν
772 1488 1075 1565 Ἐπιτομῶν
1119 1488 1334 1566 Ἀρειόυ
1374 1491 1635 1566 Διδύμου
1687 1509 1871 1549 συνει-

264 1580 516 1650 λεγμένα.
560 1574 695 1648 πρὸς
720 1577 781 1634 δὲ
804 1573 908 1649 τὴν
931 1578 1058 1650 περὶ
1083 1581 1261 1649 ψυχῆς
1286 1574 1490 1634 ἄτοπον
1513 1580 1625 1633 τῶν
1649 1573 1874 1646 ἄνδρων

266 1659 432 1729 δόξαν
464 1660 704 1733 ἀπαρκεῖ
731 1660 796 1717 τὰ
826 1659 975 1734 παρα
1005 1667 1264 1738 Λογγίνῳ
1295 1664 1374 1738 τῷ
1403 1660 1533 1718 καθ’
1572 1657 1711 1734 ἡμᾶς
1743 1678 1873 1718 συν·

264 1744 438 1818 τόμως
469 1744 836 1818 ἀντειρημένα
869 1745 960 1802 διὰ
989 1745 1201 1802 τούτων
1833 1768 1836 1770 ’

219 1850 240 1881 d
393 1840 519 1889 XXI.
574 1827 922 1886 “Evvesto'vn
956 1827 1005 1885 δ’
1045 1835 1242 1899 εἰπεῖν,
1268 1828 1456 1903 πόρρω
1487 1853 1578 1901 μοι
1611 1833 1873 1885 δοκοῦσιν
1897 1855 1940 1888 20

266 1911 638 1985 ἀφεστηκέναι
666 1918 763 1970 τοῦ
786 1912 853 1970 τὰ
879 1915 1075 1970 δέοντα
1099 1920 1417 1986 λογίζεσθαι
1441 1911 1641 1978 πάντες
1677 1915 1874 1985 ἐφεξῆς

265 1994 457 2054 ὁπόσοι
487 1997 588 2071 τὴν
619 1996 805 2070 ψυχὴν
846 2002 1002 2070 σῶμα
1033 1995 1404 2070 ἀπεφήναντο.
1455 2001 1569 2063 πῶς
1599 1995 1702 2068 γὰρ
1734 1995 1874 2063 ὅλως

267 2084 498 2156 ἐγχωρεῖ
546 2080 935 2154 παραπλήσιον
990 2083 1138 2139 εἷναί
1182 2107 1290 2139 τινι
1335 2085 1447 2139 τῶν
1489 2088 1776 2155 στοιχείων
1813 2079 1873 2138 τὸ

265 2163 387 2222 κατ’
434 2165 609 2237 αὐτὴν
647 2176 866 2237 θεῖναι;
919 2169 1030 2224 ποῦ
1071 2167 1131 2223 δὲ
1163 2168 1253 2223 ε’πὶ
1283 2164 1379 2234 τας
1410 2165 1630 2238 κράσεις
1661 2168 1752 2222 καὶ
1783 2171 1876 2238 μί-

266 2254 370 2318 ξεις
403 2247 757 2323 ανενεγκεῖν;
790 2258 852 2307 αἳ
871 2250 1007 2308 κατὰ
1032 2251 1267 2318 πολλους
1292 2250 1613 2324 γιγνόμεναι
1636 2248 1873 2323 τρόπους
1897 2273 1941 2306 25

154 2355 238 2396 (823)
229 2332 449 2396 )ἄλλων
500 2359 602 2407 μεν
654 2332 960 2407 αμυθήτων
1014 2338 1165 2403 ι’δεάς
1226 2355 1496 2409 σωματων
1557 2333 1874 2405 ἀπογεννᾶν

264 2417 600 2490 πεφύκασιν,
636 2444 696 2476 εν
726 2416 807 2486 οἷς
840 2426 889 2476 ει
918 2421 1009 2476 καὶ
1039 2418 1113 2493 μὴ
1146 2439 1420 2493 συνεχως,
1453 2416 1572 2475 αλλ’
1609 2420 1712 2476 οὐν
1743 2416 1873 2489 πόρ-

265 2513 453 2574 ρωθεν
490 2508 634 2559 ἰδεῖν
674 2511 756 2560 ε’νι
797 2501 898 2576 τὴν
939 2507 1048 2560 τῶν
1090 2511 1377 2577 στοιχείων
1419 2509 1603 2560 αἰτίαν
1641 2505 1732 2560 καὶ
1771 2502 1874 2573 τὴν

265 2584 400 2658 πρὸς
440 2584 505 2643 τα
552 2586 784 2660 δεύτερα
825 2590 918 2644 καὶ
963 2595 1118 2661 τρίτα
1157 2591 1269 2645 τῶν
1311 2586 1546 2660 πρώτων
1595 2583 1869 2660 ἀφορμήν,

263 2674 375 2727 τῶν
418 2671 478 2727 δὲ
517 2673 643 2744 περὶ
684 2671 868 2745 ψυχὴν
914 2681 1063 2745 ι”χνος
1103 2670 1270 2729 οὐδὲν
1310 2671 1443 2729 οὐδὲ
1489 2669 1781 2744 τεκμήριον
1815 2673 1873 2727 ἐν
1895 2694 1938 2727 3ο

379 2866 430 2905 18
461 2862 705 2921 Λογγίνῳ]
744 2865 925 2917 Fragm.
961 2866 1060 2906 V11.
