<?xml version="1.0" encoding="UTF-8"?>
<!DOCTYPE html PUBLIC "-//W3C//DTD XHTML 1.0 Transitional//EN"
    "http://www.w3.org/TR/xhtml1/DTD/xhtml1-transitional.dtd">
<html xmlns="http://www.w3.org/1999/xhtml" xml:lang="en" lang="en">
 <head>
  <title>
</title>
<meta http-equiv="Content-Type" content="text/html;charset=utf-8" />
  <meta name='ocr-system' content='tesseract 3.04.00' />
  <meta name='ocr-capabilities' content='ocr_page ocr_carea ocr_par ocr_line ocrx_word'/>
</head>
<body>
  <div class='ocr_page' id='page_1' title='image "./operaeusebius02euseuoft_0342.png"; bbox 0 0 2014 3146; ppageno 0'>
   <div class='ocr_carea' id='block_1_1' title="bbox 279 113 1204 173">
    <p class='ocr_par' dir='ltr' id='par_1_1' title="bbox 279 113 1204 173">
     <span class='ocr_line' id='line_1_1' title="bbox 279 113 1204 173; baseline -0.013 -8"><span class='ocrx_word' id='word_1_1' title='bbox 279 113 382 173; x_wconf 82' lang='lat'><em>336</em></span> <span class='ocrx_word' id='word_1_2' title='bbox 956 113 1204 155; x_wconf 79' lang='lat' dir='ltr'>EUSEBH</span> 
     </span>
    </p>
   </div>
   <div class='ocr_carea' id='block_1_2' title="bbox 175 225 1949 2918">
    <p class='ocr_par' dir='ltr' id='par_1_2' title="bbox 232 225 1949 1062">
     <span class='ocr_line' id='line_1_2' title="bbox 232 225 1883 303; baseline 0.003 -20"><span class='ocrx_word' id='word_1_3' title='bbox 232 251 252 283; x_wconf 85' lang='lat' dir='ltr'>d</span> <span class='ocrx_word' id='word_1_4' title='bbox 277 227 655 303; x_wconf 76' lang='grc' dir='ltr'><em>περιστάσεις,</em></span> <span class='ocrx_word' id='word_1_5' title='bbox 709 226 1035 295; x_wconf 77' lang='grc' dir='ltr'><em>ἀκολούθως</em></span> <span class='ocrx_word' id='word_1_6' title='bbox 1075 241 1188 296; x_wconf 88' lang='grc' dir='ltr'><em>τοῖς</em></span> <span class='ocrx_word' id='word_1_7' title='bbox 1227 225 1336 286; x_wconf 77' lang='grc' dir='ltr'><em>ὑπὸ</em></span> <span class='ocrx_word' id='word_1_8' title='bbox 1376 232 1488 287; x_wconf 77' lang='grc' dir='ltr'><em>τῶν</em></span> <span class='ocrx_word' id='word_1_9' title='bbox 1530 229 1883 288; x_wconf 85' lang='grc' dir='ltr'><em>παλαιτάτων</em></span> 
     </span>
     <span class='ocr_line' id='line_1_3' title="bbox 276 309 1882 386; baseline 0.001 -16"><span class='ocrx_word' id='word_1_10' title='bbox 276 314 804 386; x_wconf 89' lang='grc' dir='ltr'><em>μνημονευομένοις,</em></span> <span class='ocrx_word' id='word_1_11' title='bbox 857 309 994 368; x_wconf 87' lang='grc' dir='ltr'><em>κατά</em></span> <span class='ocrx_word' id='word_1_12' title='bbox 1045 335 1104 368; x_wconf 88' lang='grc' dir='ltr'><em>τε</em></span> <span class='ocrx_word' id='word_1_13' title='bbox 1146 311 1242 379; x_wconf 73' lang='grc' dir='ltr'><em>τὰς</em></span> <span class='ocrx_word' id='word_1_14' title='bbox 1279 313 1525 386; x_wconf 81' lang='grc' dir='ltr'><em>τελετὰς,</em></span> <span class='ocrx_word' id='word_1_15' title='bbox 1572 320 1634 372; x_wconf 80' lang='grc' dir='ltr'><em>ἕν</em></span> <span class='ocrx_word' id='word_1_16' title='bbox 1670 338 1730 372; x_wconf 89' lang='grc' dir='ltr'><em>τε</em></span> <span class='ocrx_word' id='word_1_17' title='bbox 1769 328 1882 382; x_wconf 88' lang='grc' dir='ltr'><em>τοῖς</em></span> 
     </span>
     <span class='ocr_line' id='line_1_4' title="bbox 275 393 1882 472; baseline 0.001 -18"><span class='ocrx_word' id='word_1_18' title='bbox 275 395 500 469; x_wconf 77' lang='grc' dir='ltr'><em>ὕμνοις,</em></span> <span class='ocrx_word' id='word_1_19' title='bbox 532 399 624 453; x_wconf 85' lang='grc' dir='ltr'><em>καὶ</em></span> <span class='ocrx_word' id='word_1_20' title='bbox 653 411 774 462; x_wconf 91' lang='grc' dir='ltr'><em>ταῖς</em></span> <span class='ocrx_word' id='word_1_21' title='bbox 807 402 884 463; x_wconf 88' lang='grc' dir='ltr'><em>εἰς</em></span> <span class='ocrx_word' id='word_1_22' title='bbox 907 394 1035 464; x_wconf 81' lang='grc' dir='ltr'><em>τούς</em></span> <span class='ocrx_word' id='word_1_23' title='bbox 1064 395 1235 463; x_wconf 78' lang='grc' dir='ltr'><em>θεοὺς</em></span> <span class='ocrx_word' id='word_1_24' title='bbox 1268 393 1467 463; x_wconf 78' lang='grc' dir='ltr'><em>αὐτοὺς</em></span> <span class='ocrx_word' id='word_1_25' title='bbox 1492 401 1882 472; x_wconf 86' lang='grc' dir='ltr'><em>πεποιημέναις</em></span> 
     </span>
     <span class='ocr_line' id='line_1_5' title="bbox 277 478 1882 558; baseline 0.002 -21"><span class='ocrx_word' id='word_1_26' title='bbox 277 478 445 558; x_wconf 75' lang='grc' dir='ltr'><em>ςόδαῖς</em></span> <span class='ocrx_word' id='word_1_27' title='bbox 485 479 957 555; x_wconf 87' lang='grc' dir='ltr'><em>παραλαμβάνειν.</em></span> <span class='ocrx_word' id='word_1_28' title='bbox 1029 484 1076 536; x_wconf 83' lang='grc'><em>3.</em></span> <span class='ocrx_word' id='word_1_29' title='bbox 1111 478 1256 555; x_wconf 84' lang='grc' dir='ltr'><em>πλὴν</em></span> <span class='ocrx_word' id='word_1_30' title='bbox 1284 478 1430 554; x_wconf 79' lang='grc' dir='ltr'><em>ὅμως</em></span> <span class='ocrx_word' id='word_1_31' title='bbox 1463 485 1521 539; x_wconf 85' lang='grc' dir='ltr'><em>ἐκ</em></span> <span class='ocrx_word' id='word_1_32' title='bbox 1561 490 1882 556; x_wconf 75' lang='grc' dir='ltr'><em>περιουσίας</em></span> 
     </span>
     <span class='ocr_line' id='line_1_6' title="bbox 277 563 1925 642; baseline 0.001 -21"><span class='ocrx_word' id='word_1_33' title='bbox 277 567 367 622; x_wconf 89' lang='grc' dir='ltr'><em>καὶ</em></span> <span class='ocrx_word' id='word_1_34' title='bbox 398 563 608 622; x_wconf 82' lang='grc' dir='ltr'><em>τούτων</em></span> <span class='ocrx_word' id='word_1_35' title='bbox 650 564 835 623; x_wconf 80' lang='grc' dir='ltr'><em>αὐτων</em></span> <span class='ocrx_word' id='word_1_36' title='bbox 875 564 969 632; x_wconf 75' lang='grc' dir='ltr'><em>τὰς</em></span> <span class='ocrx_word' id='word_1_37' title='bbox 1009 568 1496 642; x_wconf 78' lang='grc' dir='ltr'><em>τετραγῳδημένας</em></span> <span class='ocrx_word' id='word_1_38' title='bbox 1530 568 1589 624; x_wconf 85' lang='grc' dir='ltr'><em>ἐν</em></span> <span class='ocrx_word' id='word_1_39' title='bbox 1619 582 1882 638; x_wconf 87' lang='grc' dir='ltr'><em>φυσικαῖς</em></span> <span class='ocrx_word' id='word_1_40' title='bbox 1906 590 1925 622; x_wconf 85' lang='grc'>5</span> 
     </span>
     <span class='ocr_line' id='line_1_7' title="bbox 276 647 1887 751; baseline 0.001 -45"><span class='ocrx_word' id='word_1_41' title='bbox 276 647 575 707; x_wconf 80' lang='grc' dir='ltr'><em>ἀποδόσεσι</em></span> <span class='ocrx_word' id='word_1_42' title='bbox 614 655 879 723; x_wconf 90' lang='grc' dir='ltr'><em>κομπείας</em></span> <span class='ocrx_word' id='word_1_43' title='bbox 918 647 1012 716; x_wconf 87' lang='grc' dir='ltr'><em>τάς</em></span> <span class='ocrx_word' id='word_1_44' title='bbox 1052 673 1111 706; x_wconf 83' lang='grc' dir='ltr'><em>τε</em></span> <span class='ocrx_word' id='word_1_45' title='bbox 1150 652 1262 707; x_wconf 73' lang='grc' dir='ltr'><em>τῶν</em></span> <span class='ocrx_word' id='word_1_46' title='bbox 1293 654 1574 751; x_wconf 76' lang='grc' dir='ltr'><em>σοφιστῶν</em></span> <span class='ocrx_word' id='word_1_47' title='bbox 1603 653 1695 708; x_wconf 84' lang='grc' dir='ltr'><em>καὶ</em></span> <span class='ocrx_word' id='word_1_48' title='bbox 1725 659 1887 724; x_wconf 84' lang='grc' dir='ltr'><em>φιλο-</em></span> 
     </span>
     <span class='ocr_line' id='line_1_8' title="bbox 277 732 1885 809; baseline 0.001 -19"><span class='ocrx_word' id='word_1_49' title='bbox 277 732 467 807; x_wconf 90' lang='grc' dir='ltr'><em>σόφων</em></span> <span class='ocrx_word' id='word_1_50' title='bbox 522 733 897 807; x_wconf 83' lang='grc' dir='ltr'><em>εὑρεσιλογίας</em></span> <span class='ocrx_word' id='word_1_51' title='bbox 941 739 1017 801; x_wconf 90' lang='grc' dir='ltr'><em>εἰς</em></span> <span class='ocrx_word' id='word_1_52' title='bbox 1070 732 1318 808; x_wconf 85' lang='grc' dir='ltr'><em>φανερὸν</em></span> <span class='ocrx_word' id='word_1_53' title='bbox 1368 733 1602 808; x_wconf 80' lang='grc' dir='ltr'><em>ἤγαγον·</em></span> <span class='ocrx_word' id='word_1_54' title='bbox 1663 733 1729 792; x_wconf 82' lang='grc' dir='ltr'><em>οὐ</em></span> <span class='ocrx_word' id='word_1_55' title='bbox 1775 735 1885 809; x_wconf 86' lang='grc' dir='ltr'><em>μὴν</em></span> 
     </span>
     <span class='ocr_line' id='line_1_9' title="bbox 277 814 1884 894; baseline 0.002 -20"><span class='ocrx_word' id='word_1_56' title='bbox 277 814 415 874; x_wconf 71' lang='grc' dir='ltr'><em>ἄλλα</em></span> <span class='ocrx_word' id='word_1_57' title='bbox 446 819 536 875; x_wconf 90' lang='grc' dir='ltr'><em>καὶ</em></span> <span class='ocrx_word' id='word_1_58' title='bbox 566 817 663 876; x_wconf 81' lang='grc' dir='ltr'><em>τὸν</em></span> <span class='ocrx_word' id='word_1_59' title='bbox 694 820 819 891; x_wconf 86' lang='grc' dir='ltr'><em>περὶ</em></span> <span class='ocrx_word' id='word_1_60' title='bbox 850 842 962 875; x_wconf 89' lang='grc' dir='ltr'><em>των</em></span> <span class='ocrx_word' id='word_1_61' title='bbox 993 821 1295 892; x_wconf 87' lang='grc' dir='ltr'><em>βοωμένων</em></span> <span class='ocrx_word' id='word_1_62' title='bbox 1319 826 1669 894; x_wconf 77' lang='grc' dir='ltr'><em>χρηστηρίων</em></span> <span class='ocrx_word' id='word_1_63' title='bbox 1699 818 1884 892; x_wconf 89' lang='grc' dir='ltr'><em>λογον,</em></span> 
     </span>
     <span class='ocr_line' id='line_1_10' title="bbox 274 901 1887 978; baseline 0.002 -20"><span class='ocrx_word' id='word_1_64' title='bbox 274 901 376 974; x_wconf 88' lang='grc' dir='ltr'><em>τήν</em></span> <span class='ocrx_word' id='word_1_65' title='bbox 417 927 474 960; x_wconf 88' lang='grc' dir='ltr'><em>τε</em></span> <span class='ocrx_word' id='word_1_66' title='bbox 505 902 650 977; x_wconf 76' lang='grc' dir='ltr'><em>παρὰ</em></span> <span class='ocrx_word' id='word_1_67' title='bbox 693 918 807 968; x_wconf 91' lang='grc' dir='ltr'><em>τοῖς</em></span> <span class='ocrx_word' id='word_1_68' title='bbox 839 910 1059 970; x_wconf 82' lang='grc' dir='ltr'><em>πολλοῖς</em></span> <span class='ocrx_word' id='word_1_69' title='bbox 1094 908 1609 978; x_wconf 79' lang='grc' dir='ltr'><em>διατεθρυλημένην</em></span> <span class='ocrx_word' id='word_1_70' title='bbox 1649 907 1775 977; x_wconf 85' lang='grc' dir='ltr'><em>περὶ</em></span> <span class='ocrx_word' id='word_1_71' title='bbox 1807 909 1887 961; x_wconf 78' lang='grc' dir='ltr'><em>εί-</em></span> 
     </span>
     <span class='ocr_line' id='line_1_11' title="bbox 274 985 1949 1062; baseline -0.001 -19"><span class='ocrx_word' id='word_1_72' title='bbox 274 989 555 1062; x_wconf 85' lang='grc' dir='ltr'><em>μαρμένης</em></span> <span class='ocrx_word' id='word_1_73' title='bbox 585 991 767 1060; x_wconf 80' lang='grc' dir='ltr'><em>ψευδῆ</em></span> <span class='ocrx_word' id='word_1_74' title='bbox 794 985 959 1055; x_wconf 83' lang='grc' dir='ltr'><em>δόξαν</em></span> <span class='ocrx_word' id='word_1_75' title='bbox 986 990 1045 1045; x_wconf 84' lang='grc' dir='ltr'><em>ἐν</em></span> <span class='ocrx_word' id='word_1_76' title='bbox 1071 989 1274 1062; x_wconf 81' lang='grc' dir='ltr'><em>ἑτέροις</em></span> <span class='ocrx_word' id='word_1_77' title='bbox 1297 990 1443 1060; x_wconf 86' lang='grc' dir='ltr'><em>τρισὶ</em></span> <span class='ocrx_word' id='word_1_78' title='bbox 1466 1001 1581 1055; x_wconf 88' lang='grc' dir='ltr'><em>τοῖς</em></span> <span class='ocrx_word' id='word_1_79' title='bbox 1607 990 1727 1060; x_wconf 80' lang='grc' dir='ltr'><em>ἑξῆς</em></span> <span class='ocrx_word' id='word_1_80' title='bbox 1749 987 1884 1062; x_wconf 78' lang='grc' dir='ltr'><em>μετὰ</em></span> <span class='ocrx_word' id='word_1_81' title='bbox 1910 1011 1949 1043; x_wconf 83' lang='grc' dir='ltr'><em>ιο</em></span> 
     </span>
    </p>

    <p class='ocr_par' dir='ltr' id='par_1_3' title="bbox 175 1070 1947 1821">
     <span class='ocr_line' id='line_1_12' title="bbox 175 1070 1884 1146; baseline 0.001 -19"><span class='ocrx_word' id='word_1_82' title='bbox 175 1070 340 1135; x_wconf 70' lang='grc' dir='ltr'><em>(789)τόι</em></span> <span class='ocrx_word' id='word_1_83' title='bbox 371 1075 560 1145; x_wconf 79' lang='grc' dir='ltr'><em>πρῶτα</em></span> <span class='ocrx_word' id='word_1_84' title='bbox 591 1070 980 1146; x_wconf 79' lang='grc' dir='ltr'><em>συγγράμμασι</em></span> <span class='ocrx_word' id='word_1_85' title='bbox 1010 1080 1227 1139; x_wconf 82' lang='grc' dir='ltr'><em>λευκοῖς</em></span> <span class='ocrx_word' id='word_1_86' title='bbox 1267 1086 1380 1140; x_wconf 88' lang='grc' dir='ltr'><em>τοῖς</em></span> <span class='ocrx_word' id='word_1_87' title='bbox 1413 1075 1650 1146; x_wconf 83' lang='grc' dir='ltr'><em>ἐλέγχοις</em></span> <span class='ocrx_word' id='word_1_88' title='bbox 1681 1071 1884 1146; x_wconf 81' lang='grc' dir='ltr'><em>ἀπεγύ-</em></span> 
     </span>
     <span class='ocr_line' id='line_1_13' title="bbox 276 1153 1885 1230; baseline 0 -17"><span class='ocrx_word' id='word_1_89' title='bbox 276 1176 500 1229; x_wconf 90' lang='grc' dir='ltr'><em>μνωσα,</em></span> <span class='ocrx_word' id='word_1_90' title='bbox 543 1153 608 1212; x_wconf 82' lang='grc' dir='ltr'><em>οὐ</em></span> <span class='ocrx_word' id='word_1_91' title='bbox 648 1155 836 1229; x_wconf 89' lang='grc' dir='ltr'><em>μόνοις</em></span> <span class='ocrx_word' id='word_1_92' title='bbox 875 1169 988 1223; x_wconf 87' lang='grc' dir='ltr'><em>τοῖς</em></span> <span class='ocrx_word' id='word_1_93' title='bbox 1019 1165 1249 1214; x_wconf 74' lang='grc' dir='ltr'><em>οἴκοθεν·</em></span> <span class='ocrx_word' id='word_1_94' title='bbox 1282 1155 1715 1230; x_wconf 82' lang='grc' dir='ltr'><em>ἐπιχειρήμασιν,</em></span> <span class='ocrx_word' id='word_1_95' title='bbox 1747 1155 1885 1214; x_wconf 72' lang='grc' dir='ltr'><em>ἄλλα</em></span> 
     </span>
     <span class='ocr_line' id='line_1_14' title="bbox 276 1237 1886 1315; baseline 0.002 -19"><span class='ocrx_word' id='word_1_96' title='bbox 276 1242 367 1296; x_wconf 86' lang='grc' dir='ltr'><em>καὶ</em></span> <span class='ocrx_word' id='word_1_97' title='bbox 396 1253 515 1307; x_wconf 91' lang='grc' dir='ltr'><em>ταῖς</em></span> <span class='ocrx_word' id='word_1_98' title='bbox 547 1237 733 1297; x_wconf 77' lang='grc' dir='ltr'><em>αὐτῶν</em></span> <span class='ocrx_word' id='word_1_99' title='bbox 755 1239 990 1313; x_wconf 87' lang='grc' dir='ltr'><em>μάλιστα</em></span> <span class='ocrx_word' id='word_1_100' title='bbox 1012 1244 1125 1298; x_wconf 79' lang='grc' dir='ltr'><em>τῶν</em></span> <span class='ocrx_word' id='word_1_101' title='bbox 1154 1239 1288 1314; x_wconf 83' lang='grc' dir='ltr'><em>παρ’</em></span> <span class='ocrx_word' id='word_1_102' title='bbox 1312 1239 1533 1314; x_wconf 88' lang='grc' dir='ltr'><em>Ἕλλησι</em></span> <span class='ocrx_word' id='word_1_103' title='bbox 1559 1239 1886 1315; x_wconf 87' lang='grc' dir='ltr'><em>φιλοσόφων</em></span> 
     </span>
     <span class='ocr_line' id='line_1_15' title="bbox 275 1322 1883 1401; baseline 0.002 -21"><span class='ocrx_word' id='word_1_104' title='bbox 275 1337 491 1397; x_wconf 79' lang='grc' dir='ltr'><em>φωναῖς</em></span> <span class='ocrx_word' id='word_1_105' title='bbox 534 1330 610 1392; x_wconf 87' lang='grc' dir='ltr'><em>εἰς</em></span> <span class='ocrx_word' id='word_1_106' title='bbox 648 1324 745 1382; x_wconf 90' lang='grc' dir='ltr'><em>τὸν</em></span> <span class='ocrx_word' id='word_1_107' title='bbox 788 1323 908 1381; x_wconf 80' lang='grc' dir='ltr'><em>κατ’</em></span> <span class='ocrx_word' id='word_1_108' title='bbox 948 1322 1133 1382; x_wconf 72' lang='grc' dir='ltr'><em>αὐτῶν</em></span> <span class='ocrx_word' id='word_1_109' title='bbox 1165 1331 1388 1399; x_wconf 80' lang='grc' dir='ltr'><em>ἔλεγχον</em></span> <span class='ocrx_word' id='word_1_110' title='bbox 1427 1328 1883 1401; x_wconf 84' lang='grc' dir='ltr'><em>συγκεχρημένος.</em></span> 
     </span>
     <span class='ocr_line' id='line_1_16' title="bbox 276 1407 1947 1483; baseline -0.001 -18"><span class='ocrx_word' id='word_1_111' title='bbox 276 1413 322 1465; x_wconf 85' lang='grc'><em>4.</em></span> <span class='ocrx_word' id='word_1_112' title='bbox 357 1408 596 1482; x_wconf 73' lang='grc' dir='ltr'><em>μεταβὰς</em></span> <span class='ocrx_word' id='word_1_113' title='bbox 641 1410 700 1466; x_wconf 74' lang='grc' dir='ltr'><em>δὲ</em></span> <span class='ocrx_word' id='word_1_114' title='bbox 741 1413 962 1467; x_wconf 83' lang='grc' dir='ltr'><em>ἐκεῖθεν</em></span> <span class='ocrx_word' id='word_1_115' title='bbox 1003 1411 1092 1466; x_wconf 88' lang='grc' dir='ltr'><em>ἐπὶ</em></span> <span class='ocrx_word' id='word_1_116' title='bbox 1131 1407 1197 1466; x_wconf 77' lang='grc' dir='ltr'><em>τὰ</em></span> <span class='ocrx_word' id='word_1_117' title='bbox 1230 1409 1502 1483; x_wconf 86' lang='grc' dir='ltr'><em>Ἑβραίων</em></span> <span class='ocrx_word' id='word_1_118' title='bbox 1546 1409 1732 1482; x_wconf 85' lang='grc' dir='ltr'><em>λόγια,</em></span> <span class='ocrx_word' id='word_1_119' title='bbox 1773 1417 1885 1468; x_wconf 91' lang='grc' dir='ltr'><em>τίσι</em></span> <span class='ocrx_word' id='word_1_120' title='bbox 1909 1432 1947 1464; x_wconf 88' lang='lat'><em>15</em></span> 
     </span>
     <span class='ocr_line' id='line_1_17' title="bbox 276 1493 1884 1595; baseline 0.002 -46"><span class='ocrx_word' id='word_1_121' title='bbox 276 1493 405 1550; x_wconf 75' lang='grc' dir='ltr'><em>ποτὲ</em></span> <span class='ocrx_word' id='word_1_122' title='bbox 447 1501 727 1567; x_wconf 88' lang='grc' dir='ltr'><em>λογισμοῖς</em></span> <span class='ocrx_word' id='word_1_123' title='bbox 767 1493 870 1566; x_wconf 85' lang='grc' dir='ltr'><em>τὴν</em></span> <span class='ocrx_word' id='word_1_124' title='bbox 913 1498 972 1551; x_wconf 84' lang='grc' dir='ltr'><em>ἐν</em></span> <span class='ocrx_word' id='word_1_125' title='bbox 1013 1493 1225 1561; x_wconf 83' lang='grc' dir='ltr'><em>τούτοις</em></span> <span class='ocrx_word' id='word_1_126' title='bbox 1257 1496 1651 1569; x_wconf 82' lang='grc' dir='ltr'><em>περιεχομένην</em></span> <span class='ocrx_word' id='word_1_127' title='bbox 1684 1499 1884 1595; x_wconf 80' lang='grc' dir='ltr'><em>δογμα-</em></span> 
     </span>
     <span class='ocr_line' id='line_1_18' title="bbox 275 1576 1886 1653; baseline 0.001 -19"><span class='ocrx_word' id='word_1_128' title='bbox 275 1576 432 1649; x_wconf 84' lang='grc' dir='ltr'><em>τικὴν</em></span> <span class='ocrx_word' id='word_1_129' title='bbox 462 1585 790 1650; x_wconf 82' lang='grc' dir='ltr'><em>θεολογίαν,</em></span> <span class='ocrx_word' id='word_1_130' title='bbox 830 1603 931 1650; x_wconf 91' lang='grc' dir='ltr'><em>την</em></span> <span class='ocrx_word' id='word_1_131' title='bbox 969 1603 1028 1636; x_wconf 91' lang='grc' dir='ltr'><em>τε</em></span> <span class='ocrx_word' id='word_1_132' title='bbox 1059 1603 1196 1635; x_wconf 92' lang='grc' dir='ltr'><em>κατα</em></span> <span class='ocrx_word' id='word_1_133' title='bbox 1225 1578 1428 1636; x_wconf 82' lang='grc' dir='ltr'><em>τούσδε</em></span> <span class='ocrx_word' id='word_1_134' title='bbox 1460 1583 1711 1653; x_wconf 80' lang='grc' dir='ltr'><em>ἱστορίαν</em></span> <span class='ocrx_word' id='word_1_135' title='bbox 1741 1577 1886 1636; x_wconf 87' lang='grc' dir='ltr'><em>άπα-</em></span> 
     </span>
     <span class='ocr_line' id='line_1_19' title="bbox 276 1660 1886 1763; baseline 0.001 -45"><span class='ocrx_word' id='word_1_136' title='bbox 276 1679 408 1733; x_wconf 89' lang='grc' dir='ltr'><em>σαν,</em></span> <span class='ocrx_word' id='word_1_137' title='bbox 452 1664 543 1718; x_wconf 88' lang='grc' dir='ltr'><em>καὶ</em></span> <span class='ocrx_word' id='word_1_138' title='bbox 575 1660 710 1736; x_wconf 78' lang='grc' dir='ltr'><em>πρὸς</em></span> <span class='ocrx_word' id='word_1_139' title='bbox 742 1661 928 1719; x_wconf 77' lang='grc' dir='ltr'><em>αὐτῶν</em></span> <span class='ocrx_word' id='word_1_140' title='bbox 949 1661 1228 1763; x_wconf 84' lang='grc' dir='ltr'><em>Ελλήνων</em></span> <span class='ocrx_word' id='word_1_141' title='bbox 1266 1665 1791 1738; x_wconf 84' lang='grc' dir='ltr'><em>μεμαρτυρημένην,</em></span> <span class='ocrx_word' id='word_1_142' title='bbox 1825 1667 1886 1720; x_wconf 89' lang='grc' dir='ltr'><em>ἐν</em></span> 
     </span>
     <span class='ocr_line' id='line_1_20' title="bbox 279 1745 1879 1821; baseline 0.002 -19"><span class='ocrx_word' id='word_1_143' title='bbox 279 1751 592 1819; x_wconf 85' lang='grc' dir='ltr'><em>ἰσαρίθμοις</em></span> <span class='ocrx_word' id='word_1_144' title='bbox 623 1748 694 1804; x_wconf 85' lang='grc' dir='ltr'><em>αὐ</em></span> <span class='ocrx_word' id='word_1_145' title='bbox 724 1745 893 1804; x_wconf 89' lang='grc' dir='ltr'><em>πάλιν</em></span> <span class='ocrx_word' id='word_1_146' title='bbox 924 1745 1104 1819; x_wconf 89' lang='grc' dir='ltr'><em>λόγων</em></span> <span class='ocrx_word' id='word_1_147' title='bbox 1123 1746 1412 1815; x_wconf 87' lang='grc' dir='ltr'><em>συντάξεσι</em></span> <span class='ocrx_word' id='word_1_148' title='bbox 1436 1746 1879 1821; x_wconf 89' lang='grc' dir='ltr'><em>παρεστησάμην.</em></span> 
     </span>
    </p>

    <p class='ocr_par' dir='ltr' id='par_1_4' title="bbox 275 1826 1946 1988">
     <span class='ocr_line' id='line_1_21' title="bbox 276 1826 1946 1904; baseline 0.001 -18.002"><span class='ocrx_word' id='word_1_149' title='bbox 276 1833 322 1886; x_wconf 94' lang='grc'><em>5.</em></span> <span class='ocrx_word' id='word_1_150' title='bbox 358 1827 468 1887; x_wconf 79' lang='grc' dir='ltr'><em>εἷθ’</em></span> <span class='ocrx_word' id='word_1_151' title='bbox 505 1832 625 1902; x_wconf 84' lang='grc' dir='ltr'><em>εξῆς</em></span> <span class='ocrx_word' id='word_1_152' title='bbox 665 1829 762 1887; x_wconf 89' lang='grc' dir='ltr'><em>τὸν</em></span> <span class='ocrx_word' id='word_1_153' title='bbox 785 1826 1104 1903; x_wconf 87' lang='grc' dir='ltr'><em>Ελληνικὸν</em></span> <span class='ocrx_word' id='word_1_154' title='bbox 1142 1830 1440 1904; x_wconf 80' lang='grc' dir='ltr'><em>ἀπελέγξας</em></span> <span class='ocrx_word' id='word_1_155' title='bbox 1470 1830 1704 1903; x_wconf 87' lang='grc' dir='ltr'><em>τρόπον,</em></span> <span class='ocrx_word' id='word_1_156' title='bbox 1734 1830 1882 1898; x_wconf 82' lang='grc' dir='ltr'><em>ὅπως</em></span> <span class='ocrx_word' id='word_1_157' title='bbox 1906 1853 1946 1884; x_wconf 80' lang='lat'><em>20</em></span> 
     </span>
     <span class='ocr_line' id='line_1_22' title="bbox 275 1911 1883 1988; baseline 0.001 -18"><span class='ocrx_word' id='word_1_158' title='bbox 275 1936 334 1970; x_wconf 87' lang='grc' dir='ltr'><em>τε</em></span> <span class='ocrx_word' id='word_1_159' title='bbox 375 1913 552 1971; x_wconf 90' lang='grc' dir='ltr'><em>πάντα</em></span> <span class='ocrx_word' id='word_1_160' title='bbox 595 1912 743 1986; x_wconf 77' lang='grc' dir='ltr'><em>παρά</em></span> <span class='ocrx_word' id='word_1_161' title='bbox 782 1913 1082 1988; x_wconf 89' lang='grc' dir='ltr'><em>βαρβάρων</em></span> <span class='ocrx_word' id='word_1_162' title='bbox 1125 1912 1438 1988; x_wconf 73' lang='grc' dir='ltr'><em>ὦφέληντο,</em></span> <span class='ocrx_word' id='word_1_163' title='bbox 1486 1917 1576 1972; x_wconf 86' lang='grc' dir='ltr'><em>καὶ</em></span> <span class='ocrx_word' id='word_1_164' title='bbox 1610 1911 1682 1983; x_wconf 72' lang='grc' dir='ltr'><em>ὧς</em></span> <span class='ocrx_word' id='word_1_165' title='bbox 1714 1914 1883 1972; x_wconf 73' lang='grc' dir='ltr'><em>οὐδὲν</em></span> 
     </span>
    </p>

    <p class='ocr_par' dir='ltr' id='par_1_5' title="bbox 232 1996 1946 2664">
     <span class='ocr_line' id='line_1_23' title="bbox 232 1996 1884 2072; baseline 0.001 -18"><span class='ocrx_word' id='word_1_166' title='bbox 232 2021 250 2053; x_wconf 84' lang='lat' dir='ltr'>b</span> <span class='ocrx_word' id='word_1_167' title='bbox 275 2006 502 2055; x_wconf 77' lang='grc' dir='ltr'><em>οἴκοθεν</em></span> <span class='ocrx_word' id='word_1_168' title='bbox 543 1996 748 2072; x_wconf 81' lang='grc' dir='ltr'><em>σεμνὸν</em></span> <span class='ocrx_word' id='word_1_169' title='bbox 790 1997 1084 2072; x_wconf 76' lang='grc' dir='ltr'><em>ἐπάγονται</em></span> <span class='ocrx_word' id='word_1_170' title='bbox 1123 1998 1383 2072; x_wconf 83' lang='grc' dir='ltr'><em>μάθημα,</em></span> <span class='ocrx_word' id='word_1_171' title='bbox 1428 2002 1519 2056; x_wconf 87' lang='grc' dir='ltr'><em>καὶ</em></span> <span class='ocrx_word' id='word_1_172' title='bbox 1551 1999 1650 2072; x_wconf 85' lang='grc' dir='ltr'><em>τήν</em></span> <span class='ocrx_word' id='word_1_173' title='bbox 1680 2023 1743 2072; x_wconf 80' lang='grc' dir='ltr'><em>γε</em></span> <span class='ocrx_word' id='word_1_174' title='bbox 1772 2004 1884 2057; x_wconf 79' lang='grc' dir='ltr'><em>τῶν</em></span> 
     </span>
     <span class='ocr_line' id='line_1_24' title="bbox 275 2079 1888 2156; baseline 0.001 -17"><span class='ocrx_word' id='word_1_175' title='bbox 275 2081 491 2156; x_wconf 87' lang='grc' dir='ltr'><em>χρόνων</em></span> <span class='ocrx_word' id='word_1_176' title='bbox 542 2079 1012 2156; x_wconf 84' lang='grc' dir='ltr'><em>άντιπαράθεσιν,</em></span> <span class='ocrx_word' id='word_1_177' title='bbox 1068 2081 1203 2141; x_wconf 77' lang='grc' dir='ltr'><em>καθ’</em></span> <span class='ocrx_word' id='word_1_178' title='bbox 1260 2081 1353 2151; x_wconf 73' lang='grc' dir='ltr'><em>οὓς</em></span> <span class='ocrx_word' id='word_1_179' title='bbox 1396 2079 1674 2156; x_wconf 82' lang='grc' dir='ltr'><em>Ἑλλήνων</em></span> <span class='ocrx_word' id='word_1_180' title='bbox 1724 2109 1782 2142; x_wconf 88' lang='grc' dir='ltr'><em>τε</em></span> <span class='ocrx_word' id='word_1_181' title='bbox 1831 2089 1888 2141; x_wconf 79' lang='grc' dir='ltr'><em>οἰ</em></span> 
     </span>
     <span class='ocr_line' id='line_1_25' title="bbox 276 2166 1883 2243; baseline 0.001 -20"><span class='ocrx_word' id='word_1_182' title='bbox 276 2166 547 2240; x_wconf 72' lang='grc' dir='ltr'><em>βοωμενοι</em></span> <span class='ocrx_word' id='word_1_183' title='bbox 580 2166 854 2242; x_wconf 84' lang='grc' dir='ltr'><em>Ἑβραίων</em></span> <span class='ocrx_word' id='word_1_184' title='bbox 904 2193 962 2225; x_wconf 92' lang='grc' dir='ltr'><em>τε</em></span> <span class='ocrx_word' id='word_1_185' title='bbox 1012 2174 1069 2225; x_wconf 80' lang='grc' dir='ltr'><em>οἱ</em></span> <span class='ocrx_word' id='word_1_186' title='bbox 1105 2172 1384 2243; x_wconf 84' lang='grc' dir='ltr'><em>προφῆται</em></span> <span class='ocrx_word' id='word_1_187' title='bbox 1423 2167 1750 2240; x_wconf 89' lang='grc' dir='ltr'><em>γεγόνασιν,</em></span> <span class='ocrx_word' id='word_1_188' title='bbox 1807 2174 1883 2235; x_wconf 86' lang='grc' dir='ltr'><em>εἰς</em></span> 
     </span>
     <span class='ocr_line' id='line_1_26' title="bbox 277 2244 1946 2326; baseline 0.001 -19"><span class='ocrx_word' id='word_1_189' title='bbox 277 2255 395 2323; x_wconf 76' lang='grc' dir='ltr'><em>φῶς</em></span> <span class='ocrx_word' id='word_1_190' title='bbox 426 2250 675 2324; x_wconf 77' lang='grc' dir='ltr'><em>ἀγαγών·</em></span> <span class='ocrx_word' id='word_1_191' title='bbox 731 2244 900 2318; x_wconf 76' lang='grc' dir='ltr'><em>αὖθις</em></span> <span class='ocrx_word' id='word_1_192' title='bbox 933 2250 1024 2308; x_wconf 77' lang='grc' dir='ltr'><em>διά</em></span> <span class='ocrx_word' id='word_1_193' title='bbox 1063 2256 1174 2310; x_wconf 72' lang='grc' dir='ltr'><em>τῶν</em></span> <span class='ocrx_word' id='word_1_194' title='bbox 1213 2251 1348 2326; x_wconf 79' lang='grc' dir='ltr'><em>μετὰ</em></span> <span class='ocrx_word' id='word_1_195' title='bbox 1377 2256 1552 2309; x_wconf 81' lang='grc' dir='ltr'><em>ταῦτα</em></span> <span class='ocrx_word' id='word_1_196' title='bbox 1581 2256 1751 2326; x_wconf 75' lang='grc' dir='ltr'><em>τριῶν</em></span> <span class='ocrx_word' id='word_1_197' title='bbox 1780 2251 1882 2324; x_wconf 81' lang='grc' dir='ltr'><em>τὴν</em></span> <span class='ocrx_word' id='word_1_198' title='bbox 1904 2277 1946 2309; x_wconf 81' lang='lat'><em>25</em></span> 
     </span>
     <span class='ocr_line' id='line_1_27' title="bbox 276 2333 1882 2410; baseline 0.001 -20"><span class='ocrx_word' id='word_1_199' title='bbox 276 2338 388 2391; x_wconf 73' lang='grc' dir='ltr'><em>τῶν</em></span> <span class='ocrx_word' id='word_1_200' title='bbox 433 2333 566 2409; x_wconf 86' lang='grc' dir='ltr'><em>παρ’</em></span> <span class='ocrx_word' id='word_1_201' title='bbox 595 2333 855 2408; x_wconf 84' lang='grc' dir='ltr'><em>Ἕλλησιν</em></span> <span class='ocrx_word' id='word_1_202' title='bbox 895 2335 1207 2410; x_wconf 84' lang='grc' dir='ltr'><em>εὐδοκίμων</em></span> <span class='ocrx_word' id='word_1_203' title='bbox 1247 2335 1572 2410; x_wconf 88' lang='grc' dir='ltr'><em>φιλοσόφων</em></span> <span class='ocrx_word' id='word_1_204' title='bbox 1614 2337 1749 2410; x_wconf 88' lang='grc' dir='ltr'><em>πρὸς</em></span> <span class='ocrx_word' id='word_1_205' title='bbox 1788 2335 1882 2403; x_wconf 77' lang='grc' dir='ltr'><em>τὰς</em></span> 
     </span>
     <span class='ocr_line' id='line_1_28' title="bbox 268 2418 1883 2494; baseline 0.002 -20"><span class='ocrx_word' id='word_1_206' title='bbox 268 2419 540 2493; x_wconf 85' lang='grc' dir='ltr'><em>Ἑβραίων</em></span> <span class='ocrx_word' id='word_1_207' title='bbox 583 2418 740 2487; x_wconf 82' lang='grc' dir='ltr'><em>δόξας</em></span> <span class='ocrx_word' id='word_1_208' title='bbox 786 2419 1108 2494; x_wconf 80' lang='grc' dir='ltr'><em>συνδρομὴν</em></span> <span class='ocrx_word' id='word_1_209' title='bbox 1152 2419 1441 2493; x_wconf 80' lang='grc' dir='ltr'><em>ὑπέδειξα,</em></span> <span class='ocrx_word' id='word_1_210' title='bbox 1496 2418 1663 2487; x_wconf 78' lang='grc' dir='ltr'><em>αὐτας</em></span> <span class='ocrx_word' id='word_1_211' title='bbox 1715 2420 1883 2478; x_wconf 84' lang='grc' dir='ltr'><em>πάλιν</em></span> 
     </span>
     <span class='ocr_line' id='line_1_29' title="bbox 275 2500 1883 2578; baseline 0.001 -20"><span class='ocrx_word' id='word_1_212' title='bbox 275 2500 369 2569; x_wconf 78' lang='grc' dir='ltr'><em>τὰς</em></span> <span class='ocrx_word' id='word_1_213' title='bbox 400 2508 604 2569; x_wconf 84' lang='grc' dir='ltr'><em>οἰκείας</em></span> <span class='ocrx_word' id='word_1_214' title='bbox 634 2507 745 2562; x_wconf 72' lang='grc' dir='ltr'><em>τῶν</em></span> <span class='ocrx_word' id='word_1_215' title='bbox 775 2502 1000 2577; x_wconf 74' lang='grc' dir='ltr'><em>ἀνδρῶν</em></span> <span class='ocrx_word' id='word_1_216' title='bbox 1039 2503 1231 2578; x_wconf 75' lang='grc' dir='ltr'><em>φωνάς</em></span> <span class='ocrx_word' id='word_1_217' title='bbox 1260 2504 1539 2578; x_wconf 86' lang='grc' dir='ltr'><em>μάρτυρας</em></span> <span class='ocrx_word' id='word_1_218' title='bbox 1583 2504 1883 2578; x_wconf 82' lang='grc' dir='ltr'><em>ποιησάμε-</em></span> 
     </span>
     <span class='ocr_line' id='line_1_30' title="bbox 276 2585 1882 2664; baseline 0.001 -21"><span class='ocrx_word' id='word_1_219' title='bbox 276 2610 385 2652; x_wconf 92' lang='grc' dir='ltr'><em>νος.</em></span> <span class='ocrx_word' id='word_1_220' title='bbox 448 2592 494 2643; x_wconf 87' lang='grc'><em>6.</em></span> <span class='ocrx_word' id='word_1_221' title='bbox 529 2585 596 2644; x_wconf 85' lang='grc' dir='ltr'><em>οὐ</em></span> <span class='ocrx_word' id='word_1_222' title='bbox 638 2586 747 2660; x_wconf 84' lang='grc' dir='ltr'><em>μὴν</em></span> <span class='ocrx_word' id='word_1_223' title='bbox 778 2587 916 2645; x_wconf 73' lang='grc' dir='ltr'><em>ἀλλὰ</em></span> <span class='ocrx_word' id='word_1_224' title='bbox 955 2591 1048 2646; x_wconf 85' lang='grc' dir='ltr'><em>καὶ</em></span> <span class='ocrx_word' id='word_1_225' title='bbox 1087 2588 1214 2655; x_wconf 79' lang='grc' dir='ltr'><em>τοὺς</em></span> <span class='ocrx_word' id='word_1_226' title='bbox 1257 2592 1708 2664; x_wconf 82' lang='grc' dir='ltr'><em>ἕτεροὸοξοῦντας</em></span> <span class='ocrx_word' id='word_1_227' title='bbox 1749 2587 1882 2661; x_wconf 81' lang='grc' dir='ltr'><em>ἡμῖν</em></span> 
     </span>
    </p>

    <p class='ocr_par' dir='ltr' id='par_1_6' title="bbox 232 2667 1944 2918">
     <span class='ocr_line' id='line_1_31' title="bbox 232 2667 1944 2748; baseline 0.002 -23"><span class='ocrx_word' id='word_1_228' title='bbox 232 2703 247 2724; x_wconf 83' lang='lat' dir='ltr'>c</span> <span class='ocrx_word' id='word_1_229' title='bbox 276 2675 388 2728; x_wconf 79' lang='grc' dir='ltr'><em>τῶν</em></span> <span class='ocrx_word' id='word_1_230' title='bbox 418 2667 550 2744; x_wconf 78' lang='grc' dir='ltr'><em>παρ’</em></span> <span class='ocrx_word' id='word_1_231' title='bbox 577 2668 802 2744; x_wconf 59' lang='grc' dir='ltr'><em>’Ἑλλησι</em></span> <span class='ocrx_word' id='word_1_232' title='bbox 844 2672 1167 2745; x_wconf 89' lang='grc' dir='ltr'><em>φιλοσόφων</em></span> <span class='ocrx_word' id='word_1_233' title='bbox 1212 2672 1278 2731; x_wconf 83' lang='grc' dir='ltr'><em>οὐ</em></span> <span class='ocrx_word' id='word_1_234' title='bbox 1308 2672 1443 2748; x_wconf 81' lang='grc' dir='ltr'><em>πρὸς</em></span> <span class='ocrx_word' id='word_1_235' title='bbox 1487 2669 1627 2746; x_wconf 80' lang='grc' dir='ltr'><em>ἡμᾶς</em></span> <span class='ocrx_word' id='word_1_236' title='bbox 1656 2671 1878 2746; x_wconf 86' lang='grc' dir='ltr'><em>μόνους,</em></span> <span class='ocrx_word' id='word_1_237' title='bbox 1904 2696 1944 2729; x_wconf 90' lang='grc' dir='ltr'><em>3ο</em></span> 
     </span>
     <span class='ocr_line' id='line_1_32' title="bbox 277 2753 1880 2829; baseline 0.002 -18"><span class='ocrx_word' id='word_1_238' title='bbox 277 2753 414 2811; x_wconf 78' lang='grc' dir='ltr'><em>ἀλλὰ</em></span> <span class='ocrx_word' id='word_1_239' title='bbox 445 2757 537 2812; x_wconf 87' lang='grc' dir='ltr'><em>καὶ</em></span> <span class='ocrx_word' id='word_1_240' title='bbox 569 2755 702 2828; x_wconf 89' lang='grc' dir='ltr'><em>πρὸς</em></span> <span class='ocrx_word' id='word_1_241' title='bbox 733 2754 858 2822; x_wconf 81' lang='grc' dir='ltr'><em>τούς</em></span> <span class='ocrx_word' id='word_1_242' title='bbox 898 2760 1058 2829; x_wconf 72' lang='grc' dir='ltr'><em>σφῶν</em></span> <span class='ocrx_word' id='word_1_243' title='bbox 1088 2762 1326 2826; x_wconf 82' lang='grc' dir='ltr'><em>οἰκείους</em></span> <span class='ocrx_word' id='word_1_244' title='bbox 1360 2759 1652 2823; x_wconf 71' lang='grc' dir='ltr'><em>διεστῶτας</em></span> <span class='ocrx_word' id='word_1_245' title='bbox 1683 2755 1792 2814; x_wconf 83' lang='grc' dir='ltr'><em>ὑπό</em></span> <span class='ocrx_word' id='word_1_246' title='bbox 1822 2781 1880 2814; x_wconf 88' lang='grc' dir='ltr'><em>τε</em></span> 
     </span>
     <span class='ocr_line' id='line_1_33' title="bbox 276 2838 1878 2918; baseline 0.003 -24"><span class='ocrx_word' id='word_1_247' title='bbox 276 2843 386 2895; x_wconf 71' lang='grc' dir='ltr'><em>τῶν</em></span> <span class='ocrx_word' id='word_1_248' title='bbox 425 2845 722 2913; x_wconf 91' lang='grc' dir='ltr'><em>γνωρίμων</em></span> <span class='ocrx_word' id='word_1_249' title='bbox 762 2841 1274 2915; x_wconf 85' lang='grc' dir='ltr'><em>ἀνατετραμμένους</em></span> <span class='ocrx_word' id='word_1_250' title='bbox 1307 2845 1367 2900; x_wconf 84' lang='grc' dir='ltr'><em>ἐν</em></span> <span class='ocrx_word' id='word_1_251' title='bbox 1406 2844 1481 2918; x_wconf 78' lang='grc' dir='ltr'><em>τῷ</em></span> <span class='ocrx_word' id='word_1_252' title='bbox 1532 2838 1638 2916; x_wconf 80' lang='grc' dir='ltr'><em>πρὸ</em></span> <span class='ocrx_word' id='word_1_253' title='bbox 1679 2840 1878 2899; x_wconf 79' lang='grc' dir='ltr'><em>τούτου</em></span> 
     </span>
    </p>
   </div>
  </div>
 </body>
</html>
