2014 3146
245 66 253 74 ⁶
272 95 375 148 396
948 95 1196 142 EUSEBH

115 863 117 866 ⁴
169 837 257 878 (839)

236 2775 252 2796 C

273 280 423 329 XXX.
463 265 492 286 “
512 272 605 333 Τίς
637 262 668 339 ἡ
701 263 864 324 οὐσία
894 269 1005 324 τῶν
1035 263 1331 338 πλανήτων
1362 263 1580 341 ἄστρων
1610 270 1702 324 καὶ

937 347 1219 408 ἀπλανῶν.

408 468 452 520 1.
490 468 673 535 Θαλῆς
704 460 888 535 γεῶδη
920 463 1053 535 μὲν,
1087 467 1303 535 ἔμπυρα
1337 463 1396 519 δὲ
1427 460 1492 519 τά
1524 459 1712 537 ἄστρα.

403 565 450 618 2.
477 559 848 634 Ἐμπεδοκλῆς
890 559 1131 634 πύρινα,
1174 562 1233 617 ἐκ
1263 564 1359 618 τοῦ
1391 558 1719 634 πυρῶδους,
1750 558 1885 635 ὅπερ

274 642 302 703 ὁ
334 644 441 719 ἀὴρ
475 648 535 702 ἐν
567 647 747 721 ἑαυτῷ
777 647 1047 718 περιέχων
1079 645 1408 714 ἐξανέθλιψε
1438 644 1575 702 κατὰ
1602 645 1706 717 τὴν
1735 644 1888 719 πρῶ-
1931 675 1952 708 5

278 754 380 802 την
414 727 711 803 διάκρισιν.

404 818 451 871 3.
487 812 855 887 Ἀναξαγόρας
896 811 992 870 τὸν
1030 819 1417 886 περικείμενον
1466 811 1602 884 ἀέρα
1645 812 1889 888 πύρινον

276 898 380 971 μὲν
413 897 555 955 εἶναι
594 898 731 954 κατὰ
762 896 864 969 τὴν
895 895 1125 968 οὐσίαν,
1167 901 1232 970 τῇ
1266 893 1320 954 δ’
1355 893 1578 973 εὐτονία
1608 901 1703 971 τῆς
1733 921 1890 970 περι-

279 980 551 1054 δινήσεως
601 980 997 1055 ἀναρπάσαντα
1045 983 1279 1055 πέτρους
1341 979 1449 1038 ἀπὸ
1500 985 1595 1054 τῆς
1645 987 1745 1055 γῆς
1797 984 1890 1039 καὶ

277 1069 724 1139 καταφλέξαντα,
755 1064 982 1131 τούτους
1012 1063 1373 1139 ἠστερικέναι.
1912 1095 1952 1127 10

402 1169 451 1221 4.
486 1166 758 1236 Διογένης
803 1148 1122 1238 κισσηρῶδη
1162 1161 1228 1219 τά
1267 1161 1469 1236 ἄστρα,
1514 1161 1780 1229 διαπνοὰς
1829 1164 1890 1221 δὲ

278 1246 418 1305 αὐτὰ
449 1255 653 1320 νομίζει
682 1251 781 1304 τοῦ
812 1245 1035 1321 κόσμου.
1100 1245 1270 1305 πάλιν
1304 1248 1364 1305 δὲ
1393 1246 1421 1305 ὁ
1463 1245 1626 1315 αὐτὸς
1656 1244 1891 1321 ἀφανεῖς

277 1333 378 1406 μὲν
410 1338 627 1403 λίθους,
659 1338 959 1398 πίπτοντας
985 1332 1046 1389 δὲ
1068 1329 1330 1399 πολλάκις
1356 1334 1444 1389 ἐπὶ
1467 1329 1568 1405 τὴν
1591 1336 1697 1405 γῆν
1729 1335 1890 1405 σβέν-

279 1427 519 1489 νυσθαι,
561 1415 817 1489 καθάπερ
849 1415 943 1473 τὸν
977 1419 1036 1473 ἐν
1068 1413 1241 1488 Αἰγὸς
1271 1426 1550 1490 Ποταμοῖς
1580 1421 1890 1490 πυροειδῶς

279 1503 683 1574 κατενεχθέντα
715 1498 917 1575 ἀστέρα
948 1502 1221 1574 πέτρινον.
1911 1524 1952 1557 15

404 1603 454 1656 5.
495 1596 864 1672 Ἐμπεδοκλῆς
903 1595 1030 1665 τούς
1070 1598 1173 1672 μὲν
1204 1596 1468 1664 ἀπλανεῖς
1498 1596 1729 1672 ἀστέρας
1761 1618 1890 1657 συν-

280 1686 546 1741 δεδέσθαι
576 1686 654 1760 τςδ
684 1680 1026 1759 κρυστάλλῳ,
1057 1681 1185 1750 τούς
1211 1684 1273 1740 δὲ
1305 1681 1584 1756 πλανήτας
1615 1681 1888 1741 ἀνεῖσθαι.

405 1786 452 1838 6.
487 1780 726 1839 Πλάτων
753 1783 810 1836 ἐκ
835 1781 938 1854 μὲν
962 1783 1062 1837 τοῦ
1084 1787 1347 1837 πλείστου
1369 1783 1570 1854 μέρους
1601 1785 1891 1855 πυρίνους,

276 1867 602 1938 μετέχοντας
635 1864 697 1920 δὲ
727 1866 819 1921 καὶ
849 1868 961 1921 τῶν
991 1862 1204 1936 ἄλλων,
1238 1864 1435 1937 κόλλης
1468 1870 1645 1937 δίκην.

407 1967 451 2019 7.
487 1961 811 2035 Ξενοφάνης
838 1965 897 2020 ἐκ
919 1967 1110 2034 νεφῶν
1133 1962 1234 2034 μὲν
1258 1964 1694 2036 πεπυρωμένων,
1726 1969 1887 2035 σβεν-
1912 1986 1953 2018 20

278 2049 554 2119 νυμένους
597 2047 657 2104 δὲ
688 2042 824 2104 καθ’
859 2044 1095 2118 ἑκάστην
1124 2042 1337 2120 ἡμέραν
1376 2044 1760 2120 ἀναζωπυρεῖν
1789 2046 1892 2105 νύ-

279 2154 456 2205 κτωρ,
502 2130 758 2203 καθάπερ
798 2128 926 2197 τούς
966 2128 1281 2203 ἄνθρακας·
1339 2128 1434 2196 τοὶς
1474 2129 1580 2204 γὰρ
1621 2129 1891 2197 ἀνατολάς

278 2216 370 2271 καὶ
401 2214 496 2281 τὰς
531 2213 719 2281 δύσεις
753 2212 968 2283 ἐξάψεις
1001 2214 1143 2271 εἶναι
1175 2216 1266 2271 καὶ
1299 2217 1529 2287 σβέσεις.

405 2319 451 2370 8.
489 2311 850 2387 “Ηρακλείδης
892 2314 954 2370 δὲ
993 2315 1084 2370 καὶ
1135 2318 1192 2370 οὗ
1227 2311 1608 2386 Πυθαγόρειοι
1660 2315 1890 2370 ἕκαστον

275 2399 388 2453 τῶν
411 2393 660 2469 ἀστέρων
691 2396 897 2470 κόσμον
918 2393 1207 2473 ὑπάρχειν,
1240 2401 1346 2470 γῆν
1378 2398 1699 2470 περιέχοντα
1734 2393 1889 2470 [ἀέρα
1910 2418 1952 2451 25

276 2502 335 2536 τε
366 2480 477 2552 καὶ]
513 2483 714 2554 αἰθέρα
747 2485 808 2538 ἐν
836 2485 911 2557 τῷ
943 2478 1171 2558 ἀπείρῳ.
1242 2484 1414 2538 ταῦτα
1453 2480 1519 2538 τὰ
1551 2479 1796 2554 δόγματα
1827 2485 1888 2538 ἐν

275 2578 389 2631 τοῖς
417 2561 691 2637 Ὀρφικοῖς
725 2566 1046 2639 ἐμφέρεται·
1094 2568 1489 2638 κοσμοποιοῦσι
1519 2563 1622 2639 γάρ
1655 2567 1887 2622 ἕκαστον

277 2652 390 2706 τῶν
420 2644 682 2722 ἀστέρων.

407 2738 453 2790 9.
494 2730 815 2806 Ἐπίκουρος
859 2730 1029 2790 οὐδὲν
1073 2730 1443 2806 ἀπογινώσκει
1483 2730 1723 2804 τούτων,
1766 2731 1886 2805 ε’χό-

275 2841 437 2891 μενος
467 2821 564 2874 τοῦ
596 2813 1015 2889 ἐνδεχομένου.”
1905 2839 1947 2872 30
