2014 3146
237 123 337 176 155
914 122 1159 164 EUSEBII

351 233 466 312 Ἆρ’
512 232 613 296 οὖν
653 236 717 296 οὐ
762 241 1015 313 ῥᾳθυμίᾳ
1055 237 1157 310 μὲν
1198 239 1290 294 καὶ
1330 244 1514 312 τρυφῇ
1555 237 1839 296 ἀδύνατον

234 323 439 390 αὐτούς
480 321 770 396 ὁμολογεῖν
810 319 1070 395 πράττειν
1110 319 1297 378 ὁτιοῦν
1327 322 1387 379 τὸ
1418 322 1707 396 παράπαν,
1748 321 1838 381 ὅν-

233 431 327 473 τας
378 431 439 479 γε
487 411 637 473 οἵους
689 408 946 479 λέγομεν;
1017 410 1226 471 δειλίας
1265 406 1368 479 γὰρ
1410 412 1634 479 ἔγγονος
1676 415 1736 466 ἔν
1777 430 1839 480 γε

234 490 366 564 ἡμῖν
398 488 582 564 ἀργία,
616 494 868 565 ῥᾳθυμία
901 490 962 547 δὲ
993 487 1188 564 ἀργίας
1219 493 1310 547 καὶ
1340 495 1568 564 τρυφῆς.

364 600 442 652 13.
486 593 854 667 Ἀληθέστατα
885 597 1076 668 λέγεις.
1349 614 1358 620 ·
1883 627 1906 660 5

353 679 544 755 Ἀργίᾳ
574 680 675 752 μὲν
709 679 777 751 δὴ
809 681 899 736 καὶ
941 684 1194 755 ῥᾳθυμίᾳ
1232 678 1418 747 οὐδεὶς
1447 677 1640 754 ἀμελεῖ
1667 683 1839 753 θεῶν,

232 761 298 821 οὐ
330 762 714 837 γὰρμέτεστιν
745 762 895 841 αὐτῷ
925 786 1034 821 που
1066 769 1288 831 δειλίας.

353 846 658 921 Ὀρθότατα
689 851 878 920 λέγεις.

365 931 590 990 Οὐκοῦν
617 930 677 989 τὰ
708 930 928 1003 λοιπὸν,
972 941 1124 1005 εἴπερ
1156 928 1421 1005 αμελοῦσι
1451 935 1562 988 τῶν
1594 950 1842 1006 σμικρων

233 1017 324 1073 καὶ
366 1015 570 1088 ὀλίγων
610 1012 722 1073 τῶν
761 1018 888 1088 περὶ
929 1015 987 1073 τὸ
1029 1020 1173 1088 πᾶν,
1217 1012 1250 1088 ἢ
1281 1014 1644 1088 γινώσκοντες
1677 1013 1750 1084 ὥς
1779 1015 1839 1073 τὸ
1865 1047 1906 1079 10

233 1099 496 1174 παράπαν
546 1099 782 1166 οὐδενὸς
827 1124 939 1156 των
990 1099 1256 1157 τοιούτων
1310 1103 1692 1173 ἐπιμελεῖσθαι
1735 1106 1839 1173 δεῖ,

234 1187 413 1261 δρῷεν
444 1181 513 1240 ἂν
544 1189 731 1241 τοῦτο·
780 1180 812 1257 ἢ
844 1191 899 1241 τί
924 1182 983 1241 τὸ
1016 1183 1237 1256 λοιπὸν,
1279 1182 1425 1257 πλὴν
1455 1183 1515 1242 τὸ
1544 1184 1842 1258 γινώσκειν

188 1293 210 1324 d
233 1265 590 1338 τοῦναντίον;

366 1349 563 1411 Οὐδέν.

568 1456 581 1474 Ι
823 1449 843 1474 3
966 1450 986 1475 3
1023 1456 1048 1474 ,Ι
1302 1458 1319 1482 'x
1411 1460 1423 1480 1
1721 1461 1739 1471 “
1798 1460 1808 1479 Ι

364 1462 443 1514 14.
493 1466 743 1530 Ποτερον
774 1482 906 1530 ουν,
940 1482 981 1514 ω
1014 1475 1201 1531 αριστε
1232 1482 1322 1515 και
1355 1464 1618 1531 βελτιστε,
1650 1468 1840 1531 θωμεν
1864 1486 1906 1519 15

234 1560 297 1598 σε
327 1546 575 1614 λέγοντα,
609 1567 681 1608 ως
711 1539 1050 1614 αγνοοῦντάς
1081 1565 1139 1599 τε
1170 1544 1260 1599 καὶ
1300 1545 1428 1600 δεόν
1462 1545 1842 1616 ἐπιμελεῖσθαι

236 1625 309 1682 δι’
345 1624 577 1698 ἄγνοιαν
606 1623 964 1700 αμελοῦντας,
996 1621 1028 1699 ἢ
1070 1625 1443 1699 γινώσκοντας
1483 1625 1566 1684 ότι
1598 1632 1709 1700 δεῖ,
1743 1651 1843 1684 κα-

232 1708 414 1783 θαπερ
446 1715 504 1767 οι
529 1709 865 1783 φαυλότατοι
887 1735 998 1767 των
1022 1707 1342 1785 ανθρώπων
1365 1707 1617 1783 λέγονται
1641 1725 1840 1783 ποιεῖν,

235 1792 442 1859 εἰδότες
482 1792 621 1850 αλλα
662 1795 804 1851 εἶναι
845 1796 1063 1866 βέλτιον
1103 1817 1363 1869 πραττειν
1420 1819 1499 1852 ων
1555 1793 1623 1866 δὴ
1669 1818 1842 1868 πρατ-

232 1896 388 1934 τουσι
422 1877 513 1934 διά
542 1902 694 1945 τινας
725 1876 887 1950 ἥττας
917 1874 1139 1950 ἡδονῶν
1170 1875 1203 1950 ἢ
1234 1882 1426 1935 λυπῶν
1457 1876 1524 1934 οὐ
1557 1892 1768 1949 ποιεῖν;
1862 1906 1905 1939 20

365 1986 444 2039 15.
493 1985 625 2049 Παῖς
655 1981 760 2055 γὰρ
791 1980 890 2053 ἅνς

366 2063 590 2124 Οὐκοῦν
631 2065 699 2138 δὴ
729 2065 796 2123 τά
824 2090 888 2138 γε
932 2065 1266 2138 ἀνθρώπινα
1307 2065 1599 2140 πράγματα
1647 2070 1742 2139 τῆς
1780 2090 1839 2124 τε

235 2149 484 2224 ἐμψύχου
534 2154 745 2223 μετέχει
796 2149 1018 2221 φύσεως
1081 2149 1191 2224 ἅμα
1253 2154 1345 2208 καὶ
1403 2153 1839 2223 θεοσεβέστατον

234 2231 373 2291 αὐτό
404 2238 515 2292 ἐστι
547 2234 772 2292 πάντων
804 2234 957 2311 ζῴων
988 2233 1302 2309 ἅνθρωπος.

347 2316 528 2375 ’Ἐοικε
558 2323 708 2391 γοῦν.
1861 2345 1902 2378 25

362 2406 519 2458 Θεῶν
550 2426 612 2472 γε
641 2403 751 2474 μὴν
781 2401 1025 2475 κτήματά
1055 2427 1238 2476 φαμεν
1270 2403 1411 2460 εἶναι
1451 2401 1632 2460 πάντα
1662 2401 1838 2460 ὁπόσα

233 2483 414 2556 θνητὰ
445 2488 551 2560 ζῷα
586 2482 637 2558 [ἢ
670 2484 851 2559 νοερὰ]
888 2479 1071 2561 ὦνπερ
1104 2490 1196 2544 καὶ
1225 2485 1322 2544 τὸν
1353 2486 1595 2560 οὐρανὸν
1625 2484 1771 2544 ὅλον.

119 2591 208 2631 (633)
361 2572 492 2634 Πῶς
521 2568 625 2640 γὰρ
650 2568 748 2637 οὕς

363 2677 441 2730 16.
492 2671 639 2746 ”Ηδη
679 2680 871 2730 τοίνυν
909 2669 942 2745 ἢ
983 2674 1183 2747 σμικρὰ
1224 2672 1256 2747 ἢ
1295 2673 1509 2748 μεγάλα
1546 2698 1627 2741 τις
1678 2672 1834 2746 φάτω

231 2759 401 2814 ταῦτα
445 2755 586 2813 εἶναι
626 2771 738 2823 τοῖς
767 2767 949 2824 θεοῖς·
1025 2758 1328 2831 οὐδετέρως
1370 2759 1473 2831 γὰρ
1502 2772 1615 2824 τοῖς
1646 2781 1832 2831 κεκτη·
1856 2784 1899 2818 30

230 2843 415 2914 μένοις
445 2836 582 2914 ἡμᾶς
613 2839 835 2914 ἀμελεῖν
865 2838 934 2897 ἂν
966 2851 1049 2914 εἴη
1074 2845 1369 2917 προσῆκον,
1398 2840 1833 2916 ἐπιμελεστάτοις
