2014 3146
573 108 784 148 PRAEP.
817 106 1036 147 EVANG.
1070 107 1167 147 XV.
1192 108 1231 148 7.
1255 107 1294 146 8.
1638 105 1739 157 357

129 223 294 298 ματός
325 248 383 281 τε
427 226 519 280 καὶ
550 221 867 297 ἀχρώματος
899 224 989 279 καὶ
1022 219 1266 295 ἀναφὴς,
1309 220 1437 280 οὔτε
1479 225 1741 295 γινομένη

127 307 255 366 οὔτε
278 310 623 381 φθειρομένη
647 306 774 365 οὕτε
795 308 1102 380 τρεπομένη
1126 305 1252 364 οὔτε
1275 309 1741 380 μεταβαλλομένη,

129 392 214 478 ἀεὶ
248 394 309 449 δὲ
341 392 478 449 κατὰ
509 390 575 448 τὰ
606 390 746 448 αὐτοὶ
783 394 874 448 καὶ
916 388 1176 458 ωσαύτως
1214 399 1442 495 ἔχουσα,
1485 392 1653 448 πάλιν
1684 391 1735 449 δ’

131 469 204 534 αὖ
234 480 360 551 περὶ
390 481 504 534 τῶν
535 475 654 533 κατ’
692 473 934 550 οὐρανὸν
958 474 1201 547 ἀκούων,
1234 475 1306 541 ὡς
1339 473 1471 532 ὄντα
1495 486 1626 532 θεῖα
1650 478 1741 533 καὶ

87 582 107 614 5
130 559 395 636 ἄφθαρτα
420 563 510 617 καὶ
536 557 729 634 ἀπαθῆ
756 565 868 618 ε’στι
887 559 1130 634 σώματα,
1157 563 1437 633 συνέθηκε
1461 563 1552 617 καὶ
1577 578 1743 618 συνε-

130 645 399 717 κόλλησεν
444 649 496 713 ἐξ
538 644 747 718 ἀμφοῖν
779 645 1070 719 πράγματα
1111 643 1184 718 μὴ
1216 644 1559 720 συνᾴδοντα·
1607 642 1740 717 παρ’

131 722 210 787 οἷν
252 732 354 803 μὲν
393 730 498 803 γὰρ
540 728 598 786 τὸ
643 730 785 787 εἶναι
828 733 1012 802 σῶμα,
1054 728 1184 801 παρ’
1225 722 1303 786 ὦν
1335 730 1397 786 δὲ
1437 728 1496 786 τό
1528 727 1743 795 ἀπαθὲς

133 815 274 871 εἶναι
316 813 533 886 λαβών,
576 817 732 887 σῶμα
773 811 986 879 ἀπαθὲς
1028 811 1367 885 ἐτεκτήνατο.
1433 819 1476 870 7.
1514 816 1600 870 ἐπὶ
1642 815 1744 886 μὲν

131 891 235 956 οὖν
265 902 375 955 τῶν
406 897 783 998 ἀνδριαντων,
820 904 870 955 εἰ
898 900 988 954 καὶ
1019 895 1093 970 μὴ
1124 897 1295 954 καλὸν
1326 895 1385 954 τὸ
1412 900 1470 954 ἐκ
1493 901 1604 954 τῶν
1628 903 1743 954 δια

68 1004 108 1035 10
133 982 438 1057 φερόντων,
464 981 583 1039 οὔτι
606 1006 670 1054 γε
688 980 969 1040 ἀδύνατον
998 983 1277 1053 γενέσθαι.
1328 981 1577 1040 διδασκει
1607 986 1746 1055 γοῦν

131 1093 198 1126 τα
228 1070 454 1124 τοιαῦτα
486 1070 578 1123 καὶ
594 1065 832 1140 Όμηρος
903 1116 956 1143 4

348 1169 537 1238 ὄμματα
548 1174 595 1243 ἐξ
588 1174 642 1243 ξ
1748 1185 1857 1228 [(806)

132 1303 267 1352 9⁷⁰⁶9’
301 1300 437 1350 φησι
457 1322 471 1349 ⁷
578 1315 662 1363 καὶ
690 1309 914 1379 κεφαλὴν
942 1315 1102 1372 ἴκελος
1134 1314 1217 1363 Διὶ
1245 1312 1639 1385 τερπικεραύνω,

70 1403 111 1436 15
329 1381 478 1448 ’Ἀρεῖ
507 1384 558 1435 δὲ
586 1385 775 1450 ζώνην
804 1385 1007 1446 στέρνον
1033 1386 1084 1435 δὲ
1113 1383 1439 1435 Ποσειδαωνι.

131 1487 191 1546 τὸ
237 1490 297 1546 δε
347 1495 506 1562 σῶμα
546 1487 762 1554 ἀπαθες
802 1487 905 1546 οὐκ
947 1513 1016 1545 αν
1057 1511 1187 1545 ποτε
1226 1489 1456 1560 γένοιτο.
1520 1492 1746 1563 παθητῇ

133 1572 237 1646 γὰρ
280 1576 371 1629 καὶ
416 1579 619 1646 τρεπτῇ
664 1576 1075 1646 συνδεδεμένον
1114 1571 1282 1645 φύσει
1333 1571 1583 1646 ἀνάγκην
1635 1581 1746 1647 ἔχει

134 1668 498 1733 συμπαθεῖν
481 1682 523 1714 ω
556 1660 926 1726 συνέζευκται.
973 1664 1022 1714 εἰ
1046 1660 1114 1714 δέ
1128 1681 1179 1714 τι
1204 1654 1419 1725 απαθες
1449 1666 1552 1730 εἴη,
1585 1661 1745 1715 τοῦτο

133 1739 436 1816 αφειμένον
475 1744 566 1798 καὶ
609 1740 910 1814 ἐλεύθερον
947 1739 1057 1799 ἀπὸ
1109 1745 1209 1798 τοῦ
1257 1740 1561 1815 πάσχοντος
1603 1743 1745 1800 εἶναι

70 1847 112 1880 20
137 1832 250 1884 δεῖ
299 1824 437 1884 ω’στε
476 1828 642 1900 χωρὶς
683 1851 754 1884 αν
797 1837 880 1899 εἰη
910 1829 1005 1899 τῆς
1036 1823 1202 1899 υλης,
1246 1827 1310 1899 ἧς
1341 1828 1747 1901 κεχωρισμένον

133 1908 425 1984 ασιόματον
455 1913 768 1982 ἀναγκαίως
799 1902 1108 1984 ὁμολογοῖτ’
1143 1908 1227 1968 ἄν.
1239 1909 1270 1930 ”

251 1994 365 2053 ’Ἐτι
405 1997 496 2052 καὶ
538 1994 750 2062 τούτοις
790 1995 1154 2068 πρόσσχωμεν
1196 1993 1292 2052 τὸν
1332 1998 1469 2053 νοῦν
1511 1999 1570 2052 ἐν
1599 1994 1747 2061 ὅσοις
1776 2014 1795 2045 b

135 2077 320 2146 ἄλλοις
374 2082 744 2152 διαφέρεσθαι
795 2084 872 2155 τῷ
923 2079 1186 2136 Πλάτωνι
1236 2079 1332 2136 τὸν
1369 2076 1749 2152 Ἀριστοτέλην

138 2170 471 2236 παρίστησιν

71 2269 114 2300 25
278 2259 399 2307 VllI.
463 2243 707 2305 ”Ἐπειτα
757 2271 970 2313 τουτοις
1026 2246 1266 2320 ἑπόμενα
1318 2245 1494 2304 πολλα
1553 2250 1612 2304 έν
1662 2244 1796 2322 οἷςε

138 2335 511 2404 διαφέρονται.
582 2330 610 2388 ὁ
650 2356 753 2404 μεν
791 2356 896 2406 γαρ
937 2349 1073 2405 φησι
1115 2356 1180 2388 τα
1221 2328 1341 2388 κατ’
1374 2329 1616 2406 οὐρανὸν
1645 2330 1748 2404 τὴν

136 2422 402 2489 πλείστην
434 2417 592 2473 ἰδέαν
625 2419 684 2473 ἐκ
714 2415 887 2489 πυρὸς
920 2422 1095 2489 ἔχειν,
1137 2412 1165 2473 ὁ
1209 2418 1270 2474 δὲ
1299 2421 1526 2491 μηδαμῆ
1572 2433 1746 2490 μετεῖ-

138 2525 229 2557 ναι
260 2513 371 2567 τοῖς
411 2498 694 2573 οὐρανίοις
735 2499 924 2574 πυρός.
998 2503 1088 2557 καὶ
1122 2500 1150 2557 ὃ
1181 2504 1284 2574 μέν
1323 2520 1497 2575 φησιν
1536 2500 1747 2568 ἀνάψαι

135 2584 232 2642 τὸν
262 2582 400 2642 θεὸν
430 2590 548 2657 φῶς
589 2587 649 2641 ἐν
677 2587 744 2657 τῇ
785 2587 1017 2661 δευτέρᾳ
1049 2584 1183 2658 πρὸς
1214 2591 1321 2658 γῆν
1360 2584 1632 2663 περιόδῳ,
1667 2582 1744 2642 ἵν’

73 2690 114 2722 30
137 2667 219 2725 ὅτι
259 2667 493 2742 μαλιστα
537 2674 612 2736 εἰς
662 2667 878 2727 ἅπαντα
917 2675 1108 2743 φαίνοι
1157 2670 1254 2728 τὸν
1295 2667 1565 2744 οὐρανὸν,
1619 2671 1745 2742 περὶ

139 2749 298 2824 ηλίου
329 2751 388 2810 τὸ
419 2756 669 2811 τοιοῦτον
699 2750 1165 2857 ἀποφαινόμενος·
1213 2780 1242 2812 ο
1275 2751 1414 2829 δε,“
1379 2778 1475 2812 ατε
1498 2752 1601 2811 οὐκ
1626 2755 1745 2810 ἐθέ-

141 2845 254 2894 λων
284 2842 394 2913 πῦρ
428 2838 571 2896 εἶναι
600 2838 696 2895 τὸν
727 2835 904 2912 ἥλιον,
936 2839 995 2897 τὸ
1021 2841 1080 2897 δε
1104 2864 1221 2913 φως
1247 2839 1408 2906 εἰδως
1431 2842 1541 2914 πῦρ
1567 2848 1746 2895 καθα-

1767 2239 1855 2283 [471]
