2014 3146
317 142 425 194 274
973 96 1243 186 ⁷EUSEBII

320 263 533 330 ἐκείνης
562 256 937 330 ὑπετίθεσαν,
970 281 1091 315 τοτε
1124 258 1186 314 δε
1215 256 1347 315 οὐδὲ
1369 257 1570 331 ἀλλην,
1604 258 1696 315 διὰ
1728 256 1789 316 τὸ
1821 267 1928 317 οἴε-

318 342 454 399 σθαι
495 344 688 419 ἐκείνῳ
729 366 791 414 γε
831 301 1205 414 ἀκάτάληπτα
1219 347 1476 415 ἔσεσθαι,
1517 347 1611 400 καὶ
1650 339 1793 400 οὕτω
1833 345 1924 400 καὶ

317 424 509 492 ἄλλως.
573 430 618 482 8.
666 422 694 482 ὁ
729 428 790 483 δε
833 418 1106 483 είσελθων
1139 428 1445 483 ἐσκοπεῖτο
1505 425 1823 500 ἀσήμαντον
1865 428 1926 484 δε

316 508 375 566 τὸ
405 524 779 583 γραμματεῖον
808 513 1065 584 θεωρῶν,
1097 507 1131 582 ἢ
1157 512 1577 583 σεσημασμένον
1598 511 1719 583 μὲν,
1751 529 1924 584 σφρα-

269 617 291 649 d
315 599 430 666 γῑδι
463 593 511 650 δ’
550 592 708 669 ἄλλῃ,
740 592 1061 667 ἠγανάκτει·
1123 600 1236 651 τῶν
1269 595 1328 651 δὲ
1358 593 1708 668 σεσημάνθαι
1730 594 1923 667 λεγόν·
1968 620 1992 652 5

313 702 453 750 των,
486 676 674 746 αὐτοῖς
704 685 844 751 γοῦν
873 676 975 751 τὴν
1017 683 1298 752 σφραγῖδα
1329 676 1570 751 ὁρᾶσθαι
1599 677 1702 751 τὴν
1732 677 1924 753 αὐτοῦ,

314 760 729 836 ἠκριβολογεῑτο
769 759 838 820 ἂν
878 764 970 819 καὶ
1018 761 1380 821 ἀπεδείκνυε·
1442 767 1555 821 τῶν
1597 761 1647 819 δ’
1684 761 1926 836 ἡττωμέ-

312 850 546 920 νων·τῇ
586 845 867 915 ἀποδείξει
909 849 1001 903 καὶ
1042 850 1308 920 φαμένων
1350 853 1401 904 εἰ
1428 845 1503 920 μή
1541 871 1592 904 τι
1633 852 1853 905 ἔπεστιν
1891 846 1925 920 ἡ

314 933 554 1004 σφραγὶς
585 928 754 988 αὐτὸν
787 939 919 998 ἴσως
946 935 1304 1003 ἐπιλελῆσθαι
1328 934 1420 988 καὶ
1443 929 1517 1004 μὴ
1540 930 1923 1004 σημήνασθαι·

314 1017 405 1071 καὶ
437 1015 547 1087 μὴν
577 1012 740 1081 αὐτός
770 1040 833 1088 γε
865 1022 970 1088 ἔφη
1002 1014 1384 1089 σημηνάμενος
1411 1014 1799 1088 μνημονεύειν,
1831 1019 1923 1073 καὶ
1945 1041 1990 1072 10

313 1098 665 1172 ἀπεδείκνυε,
697 1104 789 1156 καὶ
822 1099 1036 1174 περιῄει
1066 1103 1141 1175 τῷ
1173 1098 1348 1175 λόγῳ,
1391 1102 1483 1156 καὶ
1529 1102 1922 1172 ἐδεινολογεῖτο

312 1181 449 1257 πρὸς
489 1180 725 1256 αὐτοὺς,
768 1183 1017 1257 οἰόμενος
1059 1189 1382 1256 παίζεσθαι,
1414 1185 1507 1242 καὶ
1537 1182 1919 1257 προσώμνυεν.

313 1272 359 1323 9.
409 1272 466 1324 oc
507 1264 558 1323 δ’
601 1266 979 1340 ὑπολαβόντες
1018 1267 1115 1335 τὰς
1156 1265 1469 1340 προσβολὰς
1510 1271 1725 1325 ἐκείνου
1766 1266 1932 1326 αὐτοί

311 1373 374 1422 γε
416 1347 586 1427 ᾤοντο
616 1350 715 1408 ὑπ’
763 1349 938 1409 αὐτοῦ
976 1358 1299 1424 παίζεσθαι,
1346 1354 1463 1410 ἐπεὶ
1504 1356 1660 1428 σοφῷ
1699 1376 1763 1424 γε
1801 1350 1922 1410 ὅντι

314 1433 580 1508 δεδόχθαι
609 1442 684 1511 τῷ
709 1435 943 1511 Λακύδῃ
978 1436 1121 1494 εἶναι
1144 1435 1426 1512 ἀδοξάστῳ
1461 1433 1598 1494 ὥστε
1629 1439 1722 1493 καὶ
1744 1434 1915 1509 ἀμνη-
1942 1459 1986 1492 15

311 1518 585 1595 μονεύτςο·
657 1520 880 1594 μνήμην
919 1520 1023 1594 γάρ
1065 1521 1209 1578 εἶναι
1254 1519 1443 1588 δόξαν·
1506 1526 1733 1593 ἔναγχος
1781 1524 1921 1593 γοῦν

200 1618 287 1658 (736)
313 1609 411 1660 τοῦ
443 1603 645 1677 χρόνου
678 1611 894 1676 ἔφασαν
935 1604 1171 1662 ἀκοῦσαι
1210 1611 1381 1661 ταῦτα
1424 1603 1598 1661 αὐτοῦ
1629 1604 1764 1678 πρὸς
1793 1602 1920 1671 τούς

310 1695 523 1759 φίλους.
590 1683 668 1744 10.
719 1696 817 1746 τοῦ
861 1688 908 1745 δ’
957 1688 1398 1761 ἀναστρέφοντος
1439 1687 1625 1762 αὐτοῖς
1665 1687 1759 1755 τάς
1801 1692 1919 1745 ἐπι-

309 1770 582 1844 χειρήσεις
613 1774 704 1829 καὶ
736 1775 990 1844 λέγοντος
1031 1771 1132 1829 οὐκ
1157 1770 1560 1845 Ἀκαδημαϊκά,
1604 1769 1761 1829 αὐτοὶ
1791 1797 1919 1845 φοι-

309 1858 509 1920 τωντες
543 1861 620 1922 εἰς
652 1863 922 1914 Στωϊκῶν
951 1880 1098 1921 τινος
1130 1856 1194 1912 τὰ
1225 1858 1416 1912 λεκτέα
1441 1859 1654 1923 ἑαυτοῖς
1681 1853 1914 1928 ἀνεμάν-
1938 1882 1981 1914 20

285 1948 508 2010 .θανον,
534 1937 801 1997 κάκεῖθεν
824 1939 1119 2014 ἀρξάμενοι
1143 1939 1631 2013 ἀντεσοφίστευον,
1658 1942 1749 1997 καὶ
1774 1933 1916 2012 ἦσαν

309 2020 614 2095 ἀντίτεχνοι
637 2026 864 2080 κλέπται
888 2023 1285 2097 Ἀκαδημαϊκοί
1299 2041 1307 2048 ·
1354 2022 1381 2080 ὁ
1417 2025 1475 2080 δὲ
1500 2033 1770 2091 Στωϊκοῖς
1797 2027 1916 2081 ἐνε-

307 2105 485 2162 κάλει
549 2111 605 2164 οί
639 2114 835 2174 παιδες
876 2109 937 2165 δε
988 2108 1053 2165 τὰ
1096 2106 1404 2181 ἐγκλήματα
1450 2110 1727 2182 παρέλυον
1767 2107 1914 2184 αὐτῷ

307 2188 417 2246 ὑπὸ
441 2188 816 2291 ἀκαταληψίας
841 2216 942 2250 ουκ
965 2193 1101 2250 ἄνευ
1113 2195 1443 2300 ,τωθασμων
1462 2167 1914 2249 τινων.11.διά-

307 2277 491 2379 τριβαὶ
522 2276 624 2332 οὐν
654 2294 798 2347 ησαν
828 2275 1054 2338 πάντων
1099 2279 1210 2333 ἐκεῖ
1251 2279 1343 2332 καὶ
1381 2274 1532 2348 λόγοι
1564 2278 1655 2332 καὶ
1694 2272 1911 2334 ἀντιλο-
1934 2299 1978 2331 25

258 2380 281 2411 b
308 2363 444 2428 γίαι
500 2361 685 2416 καὶέν
715 2358 882 2417 ουδεν
914 2363 974 2417 ἐν
1003 2363 1080 2436 τῷ
1109 2363 1256 2436 μέσῳ
1287 2366 1652 2431 κατελείπετο,
1683 2358 1788 2417 οὐκ
1818 2357 1911 2431 ἀγ-

305 2455 475 2512 γεῖον,
502 2441 567 2499 οὐ
591 2447 703 2500 τῶν
729 2447 788 2500 ἐν
810 2442 1013 2521 ἀγγείῳ
1038 2446 1365 2516 τιθεμένων,
1391 2441 1489 2516 οὐχ
1510 2441 1611 2500 ὅσα
1637 2450 1713 2510 εἰς
1735 2449 1912 2509 οἰκίας

305 2525 651 2598 κατασκευὴν
691 2525 814 2583 ἀλλ’
861 2534 974 2585 ἔστι
1014 2531 1266 2600 συντελῆ.
1332 2532 1409 2584 12.
1459 2529 1548 2583 καὶ
1589 2524 1618 2583 ὁ
1651 2525 1911 2598 Λακύδης

303 2609 438 2674 τέως
468 2610 570 2680 μὲν
599 2608 812 2683 ἠπόρει,
845 2610 978 2683 μήτε
1018 2614 1416 2668 λυσιτελούσαν
1458 2614 1634 2685 ἐαυτῷ
1674 2615 1910 2681 θεωρῶν

303 2690 404 2764 τὴν
434 2705 546 2756 τοῖς
581 2695 780 2750 ἑαυτοῦ
810 2693 1043 2767 δόγμασι
1073 2694 1364 2767 βοήθειαν,
1398 2704 1505 2752 εἴτε
1534 2692 1608 2765 μὴ
1641 2696 1908 2766 ἐξελέγχοι
1931 2716 1975 2749 30

302 2774 481 2832 πάντα
513 2769 920 2849 ἀνατρέψεσθαι
955 2781 1132 2854 ἐαυτῷ
1167 2784 1374 2849 δοκῶν,
1418 2776 1602 2834 πεσών
1635 2782 1711 2842 εἰς
1741 2774 1905 2849 τάμή-

300 2883 475 2931 χανον
503 2859 628 2926 τοὺς
659 2867 911 2932 γείτονας
953 2860 1234 2934 ἐκεκράγει
1275 2863 1365 2918 καὶ
1406 2859 1766 2933 τούς-θεοὺς,
1814 2862 1906 2918 καὶ
