2014 3146
658 97 870 138 PRAEP.
902 96 1124 138 EVANG.
1163 97 1261 138 xv.
1303 98 1371 139 22.
1719 96 1820 147 381

215 213 460 289 δεομένῳ
491 210 639 313 παρὰ
671 215 848 285 ψυχῆς
869 206 1167 288 τάξεως,
1141 236 1174 284 η
1207 209 1394 285 λόγος,
1426 207 1459 285 ἢ
1489 215 1651 282 νοῦς;
1684 211 1823 269 ἀλλὰ

214 299 392 370 ψυχῆς
415 321 517 369 μεν
536 295 705 368 οὔσης
724 295 979 369 ὑπουργά
993 298 1165 353 ταῦτα
1178 294 1357 354 πάντα
1373 293 1515 370 αὐτῇ
1533 302 1609 364 εἰς
1622 295 1819 354 σύστα-

213 399 301 438 σιν
318 380 527 454 κόσμου
552 383 642 438 καὶ
671 379 810 457 ζώου
840 380 1094 454 ἑκάστου,
1117 378 1282 453 ἄλλης
1299 379 1432 455 παρ’
1458 379 1629 439 ἄλλου
1653 380 1820 439 δυνα-

212 489 356 538 μεως
382 471 460 531 είς
484 465 542 522 τὸ
569 463 700 522 ὅλον
724 464 1115 538 συντελούσης,
1137 464 1336 537 ταύτης
1363 466 1423 523 δὲ
1439 464 1512 540 μὴ
1537 465 1820 541 παρούσης

167 571 187 604 5
212 553 272 607 ἐν
303 564 415 617 τοῖς
445 547 591 616 ὅλοις
622 546 840 607 οὐδεν’
819 549 889 607 οὶν
920 559 1004 623 εἰή
1037 553 1227 622 ταῦτα,
1260 548 1360 623 οὐχ
1390 575 1472 607 οτι
1515 553 1575 607 ἐν
1618 547 1817 619 τάξει.”

342 639 420 691 1ῖ.
447 631 857 709 ‘Mapvvpoficn
888 635 948 691 δε
980 636 1068 691 καὶ
1105 631 1262 692 αὐτοὶ
1293 631 1402 691 υπὸ
1427 639 1523 707 τῆς
1546 635 1819 707 ἀληθείας

210 715 470 792 ἀγόμενοι
508 717 580 786 ὡς
624 724 715 776 δεῖ
741 743 792 776 τι
822 718 928 792 πρὸ
958 724 1070 776 τῶν
1101 719 1371 792 σωμάτων
1403 719 1546 777 εἶναι
1571 734 1818 817 κρεῖττον

211 802 399 860 αὐτων
429 808 607 877 ψυχῆς
639 804 811 875 εἶδος,
854 810 1058 860 ἐννουν
1087 801 1146 859 τὸ
1179 807 1398 876 πνεῦμα
1429 807 1521 860 καὶ
1551 807 1663 877 πῦρ
1694 828 1819 861 νοε-

211 885 311 961 ρὸν
351 890 660 961 τιθέμενοι,
714 906 900 959 ωσπερ
945 885 1081 943 ἄνευ
1123 886 1297 959 πυρὸς
1338 883 1371 960 ἢ
1413 911 1721 960 πνευματος
1753 887 1816 945 οὐ
1846 907 1866 938 d

147 995 187 1026 10
212 974 524 1045 δυναμένης
555 975 649 1045 τῆς
681 977 990 1045 κρείττονος
1021 977 1216 1044 μοίρας
1249 975 1309 1028 ἐν
1332 986 1444 1039 τοῖς
1468 973 1630 1029 οὖσιν
1655 970 1816 1043 εἶναι,

208 1055 380 1114 τόπον
422 1057 483 1113 δὲ
523 1055 786 1129 ζητούσης
835 1062 911 1123 εἰς
966 1053 1024 1113 τὸ
1069 1058 1403 1130 ἱδρυθῆναι,
1464 1059 1592 1113 δέον
1638 1064 1817 1129 ζητεῖν

207 1138 350 1198 ὅπου
389 1141 456 1197 τὰ
497 1139 721 1214 σώματα
763 1140 1116 1214 ἱδρύσουσιν,
1173 1136 1245 1207 ὥς
1286 1138 1394 1213 ἄρα
1439 1146 1528 1199 δεῖ
1554 1145 1724 1198 ταῦτα
1759 1146 1817 1198 ἐν

208 1228 388 1298 ψυχῆς
419 1224 726 1299 δυνάμεσιν
758 1228 1041 1298 ἱδρῦσθαι.
1136 1230 1215 1282 18.
1264 1232 1317 1282 εἰ
1355 1226 1414 1283 δε
1453 1226 1630 1298 μηδεν
1669 1225 1817 1296 παρὰ

207 1307 266 1366 τὸ
298 1332 520 1382 πνευμα
549 1309 650 1383 τὴν
681 1309 824 1382 ζωὴν
855 1312 945 1366 καὶ
975 1308 1077 1381 τὴν
1119 1308 1303 1383 ψυχὴν
1343 1318 1624 1382 τίθενται,
1664 1309 1723 1366 τὸ
1757 1312 1817 1366 δε

146 1417 187 1450 15
209 1394 642 1468 πολυθρύλητον
666 1393 854 1460 αὐτοῖς
886 1399 1000 1460 πῶς
1034 1400 1163 1467 ἔχει,
1190 1401 1267 1461 εἰς
1290 1392 1320 1451 ὃ
1346 1393 1814 1467 καταφεύγουσιν,

205 1477 636 1552 ἀναγκαζόμενοι
665 1486 930 1536 τίθεσθαι
959 1476 1134 1551 αλλην
1173 1478 1322 1553 παρὰ
1352 1503 1419 1536 τα
1450 1479 1674 1552 σώματα
1705 1478 1816 1552 φύ-

208 1581 300 1620 σιν
341 1562 700 1637 δραστηριον,
748 1569 799 1621 εἰ
840 1555 943 1620 οὖν
987 1562 1054 1620 οὐ
1099 1566 1210 1620 πᾶν
1254 1587 1356 1637 μεν
1397 1587 1617 1669 πνευμα
1648 1561 1814 1637 ψυχὴ,

205 1645 289 1704 ότι
320 1653 493 1722 μυρία
524 1647 810 1722 πνεύματα
841 1645 1056 1722 αψυχα,
1099 1646 1159 1705 τὸ
1203 1650 1268 1705 δέ
1295 1671 1410 1715 πως
1442 1654 1567 1721 ἔχον
1597 1651 1815 1721 πνεῦμα
1835 1668 1927 1708 (827)

207 1730 476 1804 φήσουσι·
537 1732 596 1789 τό
638 1756 753 1799 πως
795 1738 921 1805 ἔχον
960 1736 1148 1804 τοῦτο,
1192 1735 1283 1791 καὶ
1323 1731 1530 1805 ταύτην
1559 1731 1660 1805 τὴν
1690 1734 1817 1806 σχέ-

143 1840 185 1872 2ο
208 1835 327 1889 σιν,
369 1813 402 1888 ἢ
433 1819 544 1874 τῶν
574 1815 753 1875 ὄντων
782 1842 833 1874 τι
863 1815 1171 1890 φήσουσιν,
1213 1813 1246 1889 ἢ
1287 1819 1476 1890 μηδέν.
1556 1823 1636 1874 19.
1687 1814 1811 1873 ἀλλ’

209 1907 263 1958 εἰ
288 1902 390 1974 μὲν
419 1902 623 1974 μηδὲν,
656 1906 875 1975 πνεῦμα
906 1898 975 1958 ἂν
1008 1911 1092 1974 εἴη
1122 1900 1315 1975 μόνον,
1347 1901 1406 1958 τὸ
1442 1904 1508 1958 δέ
1542 1925 1657 1969 πως
1690 1908 1815 1974 ἔχον

206 1983 407 2058 ὄνομα·
441 1988 532 2042 καὶ
563 1985 708 2043 οὕτω
740 1984 1082 2059 συμβήσεται
1105 1985 1293 2053 αὐτοῖς
1327 1983 1458 2044 οὐδὲ
1489 1984 1623 2043 ἄλλο
1648 1983 1816 2051 οὐδὲν
1835 2002 1929 2045 [483]

211 2069 354 2126 εἶναι
394 2072 577 2141 λέγειν
617 2065 650 2143 ἢ
690 2068 791 2143 τὴν
831 2069 997 2142 ὕλην·
1042 2073 1131 2128 καὶ
1174 2070 1358 2143 ψυχὴν
1412 2073 1504 2127 καὶ
1542 2068 1680 2127 θεὸν
1720 2071 1813 2126 καὶ

207 2150 380 2226 ὄνομα
419 2153 485 2209 τὰ
523 2152 730 2225 πάντα,
781 2156 960 2211 ἐκεῖνο
992 2155 1052 2211 δὲ
1082 2152 1270 2227 μόνον.
1322 2160 1372 2210 εἰ
1403 2155 1463 2210 δὲ
1493 2158 1604 2212 τῶν
1634 2152 1815 2211 ὄντων

145 2268 186 2301 25
209 2236 242 2310 ἡ
263 2239 463 2310 σχέσις,
491 2239 582 2294 καὶ
606 2236 739 2295 ἄλλο
771 2236 920 2311 παρὰ
943 2236 1002 2294 τὸ
1028 2237 1398 2312 ὑποκείμενον
1418 2241 1510 2295 καὶ
1531 2236 1633 2311 τὴν
1651 2237 1812 2311 ὕλην,

210 2324 269 2379 ἐν
288 2319 394 2396 ὕλῃ
417 2323 535 2395 μὲν,
568 2319 742 2380 ἄϋλον
766 2323 827 2379 δὲ
848 2320 982 2379 αὐτὸ
1002 2329 1078 2398 τῷ
1099 2321 1173 2397 μὴ
1195 2321 1363 2380 πάλιν
1383 2314 1457 2380 αὖ
1479 2333 1813 2394 συγκεῖσθαι

210 2409 262 2474 ἐξ
284 2403 439 2478 ὕλης,
461 2405 621 2478 λόγος
644 2402 714 2464 ἂν
738 2415 822 2479 εἰή
846 2430 946 2480 τις,
962 2409 1052 2464 καὶ
1068 2404 1134 2464 ού
1150 2410 1325 2481 σῶμα,
1338 2409 1428 2465 καὶ
1446 2405 1615 2481 φύσις
1638 2409 1809 2481 ἑτέρα.

208 2494 290 2546 20.
327 2496 406 2546 ε’τι
437 2492 499 2548 δε
529 2493 620 2548 καὶ
654 2494 710 2548 ἐκ
733 2494 910 2549 τῶνδε
934 2488 1034 2564 οὐχ
1066 2483 1231 2563 ἧττον
1253 2499 1511 2566 φαίνεται
1532 2489 1813 2550 αδύνατον
1841 2521 1860 2553 b

206 2571 273 2633 ὂν
293 2572 395 2646 τὴν
422 2573 606 2648 ψυχὴν
629 2575 770 2632 εἶναι
795 2575 951 2649 σῶμα
981 2572 1181 2634 ὁτιοῦν.
1229 2574 1263 2649 ἢ
1293 2575 1398 2650 γὰρ
1428 2575 1642 2651 θερμόν
1665 2580 1813 2633 ἐστιν

144 2654 242 2730 3οῆ
279 2658 530 2732 ψυχρὸν,
573 2684 607 2732 η
647 2658 887 2732 σκληρὸν
927 2684 960 2732 η
1004 2659 1280 2734 μαλακὸν,
1331 2657 1506 2734 υγρόν
1545 2685 1604 2718 τε
1641 2685 1674 2732 η
1714 2682 1814 2716 πε-

210 2741 411 2816 πηγὸς,
451 2747 624 2816 με’λαν
664 2767 722 2800 τε
753 2768 786 2816 η
830 2742 1058 2817 λευκὸν,
1099 2747 1190 2802 καὶ
1230 2768 1408 2802 παντα
1447 2763 1550 2802 οσα
1590 2743 1813 2817 ποιότη-

209 2850 297 2894 τες
340 2827 609 2902 σωμάτων
648 2827 809 2886 ἄλλαι
851 2832 911 2886 ἐν
949 2827 1149 2898 ἄλλοις.
1218 2831 1307 2886 καὶ
1352 2835 1399 2886 εἰ
1437 2829 1540 2903 μὲν
1579 2826 1809 2903 θερμὸν,
