2014 3146
275 110 381 163 340
955 112 1202 154 EUsEBn

164 251 252 293 (792)
276 236 467 301 ληρεῖν
487 224 659 283 αὐτὸν
678 232 832 299 φαίη.
877 228 1022 300 λέγει
1043 227 1147 300 γὰρ
1178 228 1464 296 ἐπιστολὰς
1477 226 1882 303 Ἀριστοτέλους

275 309 484 369 ἁλῶναι
525 309 661 367 κατὰ
701 314 796 382 τῆς
837 309 1046 378 πόλεως
1088 315 1182 384 τῆς
1215 311 1560 387 Ἀθηναίων,
1602 317 1694 372 καὶ
1733 315 1878 374 Στά-

276 419 432 468 γειρα
461 393 564 466 τὴν
593 401 834 467 πατρίδα
863 398 1173 470 προδοῦναι
1204 395 1532 454 Μακεδόσιν
1563 397 1756 456 αὐτόν·
1805 407 1881 458 ἔτι

278 481 338 536 δὲ
362 485 806 552 κατασκαφείσης
833 476 1106 538 Ὀλύνθου
1136 480 1371 554 μηνύειν
1402 483 1491 538 ἐπὶ
1516 485 1614 539 τοῦ
1637 491 1883 557 λαφυρο-

275 569 488 621 πωλίου
517 570 779 641 Φιλίππῳ
809 563 937 631 τοὺς
957 563 1402 632 πλουσιωτάτους
1420 568 1533 624 τῶν
1557 563 1879 626 Ὀλυνθίων.
1907 592 1927 624 5

279 654 323 706 7.
358 646 553 721 ἠλίθια
587 649 648 706 δὲ
682 651 1048 722 διαβέβληκεν
1078 646 1248 707 αὐτὸν
1279 652 1372 707 καὶ
1402 649 1823 726 Κηφισόδωρος,
1856 652 1884 708 ὁ

270 731 611 807 Ἰσοκράτους
642 731 923 807 μαθητὴς,
955 733 1234 808 τρυφερὸν
1263 736 1355 791 καὶ
1386 735 1596 806 τένθην
1626 737 1718 792 καὶ
1748 732 1886 793 ἄλλα

275 816 340 874 τὰ
363 821 589 875 τοιαῦτα
619 821 801 890 λέγων
822 815 994 876 αὐτὸν
1025 819 1182 876 εἶναι.
1228 824 1274 875 8.
1307 817 1487 877 πάντα
1513 815 1565 876 δ’
1589 817 1886 893 ὑπερπαίει

277 909 458 978 μωρία
487 901 554 959 τά
583 901 691 959 ὑπὸ
716 901 983 970 Λύκωνος
1017 906 1295 977 εἰρημένα,
1328 906 1428 961 τοῦ
1458 905 1711 975 λέγοντος
1745 903 1886 962 εἶναι

232 1004 252 1035 b
278 984 678 1061 Πυθαγορικὸν
711 986 922 1044 ἑαυτόν.
994 990 1131 1059 φησὶ
1170 986 1275 1060 γὰρ
1315 986 1483 1045 θύειν
1506 986 1886 1062 Ἀριστοτέλην
1911 1013 1950 1044 10

276 1076 490 1128 θυσίαν
531 1078 950 1147 τετελευτηκυία
999 1078 1065 1146 τῇ
1106 1073 1328 1144 γυναικὶ
1379 1071 1639 1144 τοιαύτην
1689 1068 1887 1130 ὁποίαν

272 1151 560 1228 Ἀθηναῖοι
591 1159 657 1229 τῇ
689 1154 973 1230 Δήμητρι,
1015 1158 1106 1213 καὶ
1139 1160 1199 1214 ἐν
1232 1159 1395 1234 ἐλαίῳ
1437 1159 1634 1233 θερμῷ
1663 1155 1886 1230 λουόμε-

276 1263 378 1297 νον
426 1244 588 1297 τοῦτο
647 1238 715 1312 δὴ
769 1239 1131 1314 πιπράσκειν’
1197 1237 1362 1312 ἡνίκα
1415 1241 1475 1298 δὲ
1517 1247 1594 1307 εἰς
1637 1246 1887 1298 Χαλκίδα

277 1322 471 1398 ἀπῄει,
513 1323 639 1391 τούς
681 1323 921 1392 τελώνας
963 1324 1151 1399 εὑρεῖν
1191 1328 1252 1383 ἐν
1297 1329 1373 1402 τῷ
1425 1332 1600 1402 πλοίῳ
1651 1324 1889 1382 λοπάδια

276 1411 451 1482 χαλκᾶ
490 1411 718 1483 τέτταρα
764 1412 855 1466 καὶ
899 1408 1298 1483 εβδομήκοντα.
1378 1415 1425 1466 9.
1459 1412 1551 1466 καὶ
1596 1408 1795 1483 σχεδὸν
1836 1414 1892 1468 οἱ
1913 1433 1952 1476 15

275 1517 377 1565 μεν
408 1516 613 1567 πρωτοι
647 1492 1006 1602 διαβαλόντες
1035 1493 1417 1568 Ἀριστοτέλην
1445 1498 1698 1551 τοσοῦτοι
1729 1492 1890 1567 γεγό-

280 1594 466 1635 νασιν
516 1603 596 1636 ων
626 1583 683 1635 οἱ
708 1579 811 1651 μεν
842 1578 978 1636 κατὰ
1007 1603 1134 1645 τους
1155 1576 1358 1645 αὐτοὺς
1382 1571 1525 1650 ἦσαν
1555 1577 1805 1652 χρόνους,
1838 1583 1894 1635 οἱ

280 1663 342 1718 δε
371 1660 570 1736 μικρὸν
599 1661 836 1736 ύστερον
863 1665 1140 1735 ἐγένοντο
1188 1662 1387 1728 πάντες
1422 1663 1482 1719 δε
1505 1666 1765 1735 σοφισταὶ
1797 1664 1886 1720 καὶ

281 1749 543 1818 ἐριστικοὶ
593 1749 684 1803 καὶ
738 1746 992 1822 ρήτορες,
1047 1771 1127 1805 ων
1177 1750 1269 1807 καὶ
1307 1771 1372 1803 τα
1411 1745 1654 1818 ὀνόματα
1695 1749 1787 1804 καὶ
1824 1745 1890 1803 τὰ

231 1856 247 1877 c
279 1837 471 1905 βιβλία
499 1833 736 1903 τέθνηκε
766 1855 879 1887 των
910 1831 1180 1904 σωμάτων
1210 1834 1432 1904 μᾶλλον.
1496 1828 1622 1896 τούς
1653 1854 1755 1902 μεν
1784 1830 1889 1904 γὰρ
1913 1855 1954 1886 20

279 1937 414 1987 μετα
443 1919 613 1972 ταῦτα
644 1914 968 1988 γεγονότας,
1003 1916 1118 1972 εἶτα
1151 1915 1212 1971 δὲ
1242 1914 1306 1972 τὰ
1337 1911 1439 1971 υπ’
1480 1917 1708 1971 ἐκείνων
1740 1919 1890 1988 εἰρη-

280 2001 419 2072 μένα
452 2002 737 2071 λέγοντας,
771 1998 1122 2057 παντάπασιν
1156 2002 1251 2056 εἀν
1283 2004 1372 2056 δεῖ
1398 2005 1630 2071 χαίρειν,
1663 2000 1754 2055 καὶ
1786 1997 1892 2071 μά-

281 2091 438 2139 λιστα
467 2082 593 2150 τούς
634 2082 762 2156 μηδ’
802 2083 1224 2157 ἐντετυχηκότας
1270 2096 1383 2149 τοῖς
1414 2088 1651 2154 βιβλίοις
1683 2081 1889 2156 αὐτῶν,

282 2164 403 2223 ἀλλ’
448 2165 997 2241 αύτοσχεδιάζοντας,
1040 2167 1227 2226 ὁποῖοί
1263 2173 1369 2225 εἰσι
1411 2169 1502 2223 καὶ
1542 2172 1599 2230 οἱ
1640 2169 1892 2239 λέγοντες

279 2258 595 2325 τριακοσίας
627 2259 772 2326 ἔχειν
797 2252 1041 2319 λοπάδας
1063 2250 1246 2309 αυτόν.
1289 2249 1474 2316 οὐδεὶς
1496 2275 1601 2325 γαρ
1632 2247 1703 2308 ὂὶν
1735 2274 1894 2322 ευρε-
1916 2275 1956 2306 25

282 2343 413 2435 θείη
463 2343 590 2410 περὶ
639 2335 812 2394 αυτοῦ
859 2341 1110 2395 τοιοῦτον
1150 2335 1319 2394 οὐδεν
1363 2333 1592 2408 εἰρηκως
1623 2359 1736 2393 των
1774 2333 1894 2392 τότε

283 2417 461 2476 ὄντων
500 2418 582 2477 ότι
612 2420 686 2493 μὴ
717 2420 936 2479 Λύκων.
1010 2414 1167 2488 οὗτος
1196 2422 1411 2494 μέντοι,
1445 2418 1699 2491 καθάπερ
1732 2426 1893 2492 ἔφην,

286 2511 506 2576 εἴρηκεν
557 2503 830 2578 εὑρῆσθαι
881 2505 1120 2563 λοπάδια
1158 2507 1321 2563 πέντε
1365 2506 1456 2561 καὶ
1499 2502 1891 2577 ἑβδομήκοντα.

288 2592 366 2644 10.
409 2586 474 2644 οὐ
526 2587 698 2660 μόνον
752 2591 811 2646 δὲ
858 2592 949 2647 καὶ
1003 2594 1062 2647 ἐκ
1100 2593 1212 2647 τῶν
1263 2587 1480 2662 χρόνων
1530 2590 1622 2644 καὶ
1674 2591 1733 2644 ἐκ
1783 2591 1896 2644 τῶν

238 2691 261 2723 d
286 2671 734 2744 διαβεβληκότων
783 2673 1109 2747 τεκμήραιτό
1158 2698 1238 2741 τις
1281 2670 1350 2731 ἂν
1389 2671 1470 2730 ὅτι
1502 2675 1684 2743 ψευδῆ
1715 2670 1894 2728 πάντα
1918 2695 1959 2726 30

284 2754 349 2812 τὰ
402 2759 663 2830 εἰρημένα
714 2760 888 2830 ἐστὶν,
948 2755 1086 2816 ἄλλα
1146 2755 1249 2815 κάκ
1298 2761 1395 2814 τοῦ
1447 2755 1520 2829 μὴ
1573 2753 1779 2821 πάντας
1831 2755 1896 2812 τὰ·

285 2838 425 2897 αὐτοὶ
477 2839 826 2914 διαβάλλειν,
880 2838 1004 2899 ἄλλ’
1060 2845 1289 2900 ἕκαστον
1342 2841 1457 2898 ἴδιά
1507 2863 1630 2897 τινα
1682 2842 1890 2912 λέγειν·
