2014 3146
592 150 802 193 PRAEP.
833 149 1054 194 EVANG.
1086 151 1207 190 XIV.
1242 151 1309 190 18.
1650 146 1751 198 307

149 265 410 338 αἰσθήσει
451 268 583 322 πᾶσι
624 263 895 340 φανερόν·
972 263 1366 339 ἀκριβέστερον
1406 263 1511 337 γὰρ
1571 267 1758 321 θέλων

150 356 294 408 ἰδεῖν
324 349 574 422 ἀπέφησε
612 348 687 406 τῶ
728 345 1000 422 όφθαλμῶ
1043 351 1134 406 καὶ
1179 356 1501 424 προσῆλθεν
1542 347 1758 421 ἐγγύτε-

148 459 249 509 ρον
279 436 370 491 καὶ
416 432 814 507 ἐπηλυγάσατο.
882 438 966 491 24.
1014 436 1106 490 καὶ
1135 431 1246 507 μὴν
1283 432 1550 506 ἡδόμενοί
1577 458 1638 505 γε
1666 435 1758 490 καὶ

147 522 448 585 πονοῦντες
493 528 679 591 ἴσμεν
742 515 808 574 οῦ
847 543 953 591 γαρ
993 516 1113 575 οἷόν
1154 542 1214 575 τε
1253 516 1349 575 τὸν
1389 516 1686 590 καιόμενον
1724 513 1758 589 ἢ

104 628 123 660 5
146 602 484 677 τεμνόμενον
513 599 750 675 ἀγνοεῖν.
807 600 902 668 τὰς
936 603 996 659 δε
1030 600 1097 674 δὴ
1128 601 1342 676 μνήμας
1373 605 1464 658 καὶ
1496 626 1591 669 τας
1621 600 1759 659 ἀνα-

147 686 375 761 μυήσεις
406 693 487 754 τίς
518 685 620 745 οὐκ
650 682 719 743 ἂν
750 694 888 759 φαίη
913 685 1040 759 μεθ’
1077 685 1410 759 ὑπολήψεως
1433 693 1756 758 γίγνεσθαι;

148 775 276 846 περὶ
316 773 419 845 μὲν
458 770 563 843 γὰρ
593 773 705 827 τῶν
737 774 941 827 κοινῶν
984 773 1242 842 ἐννοιῶν,
1285 768 1367 827 ότι
1407 769 1466 827 τὸ
1508 777 1758 828 τοιοῦτον

146 853 444 929 ανθρωπός
477 857 643 927 ἐστιν,
677 859 754 911 ἔτι
787 855 848 910 δὲ
878 856 1007 927 περὶ
1038 860 1150 912 τῶν
1175 857 1492 927 ἐπιστημῶν
1516 858 1607 911 καὶ
1639 879 1759 928 τεχ-

147 943 293 1012 νῶν,
335 944 392 996 τί
427 941 578 1012 λέγοι
619 963 700 1006 τις
739 963 835 1008 αν;
882 935 1052 996 οὐδεν
1090 938 1196 1041 γὰρ
1227 940 1297 1011 ἠν
1326 936 1570 1011 τούτων,
1605 945 1655 995 ει
1684 937 1757 1011 μὴ

84 1049 125 1080 10
152 1022 520 1097 ἐπεφύκειμεν
557 1019 992 1096 ῦπολαμβανειν.
1069 1021 1190 1079 ἀλλ’
1238 1029 1411 1095 ἔγωγε
1459 1026 1530 1079 ἐῶ
1570 1021 1753 1081 ταλλα.
1786 1046 1808 1077 α

146 1123 258 1175 τοῖς
289 1111 476 1182 μέντοι
506 1109 821 1181 λεγομένοις
864 1103 972 1164 ὑπὸ
1012 1106 1225 1164 τούτων
1269 1106 1364 1165 ἐάν
1403 1132 1461 1165 τε
1492 1106 1757 1164 πιστεύω-

145 1216 276 1266 μεν,
333 1191 430 1250 εὀἕν
481 1215 540 1248 τε
591 1191 937 1265 ἀπιστῶμεν,
990 1188 1306 1264 ἀναγκαίως
1349 1199 1459 1266 ἔχει
1514 1191 1759 1261 δοξάζειν
1832 1198 1836 1199 ’

146 1276 325 1350 πάντη
355 1300 413 1334 τε
444 1278 537 1333 καὶ
567 1299 802 1343 παντως.

273 1366 355 1419 25.
397 1357 425 1380 “
442 1359 561 1418 Ὅτι
591 1385 695 1435 μεν
724 1353 826 1418 οῦν
856 1357 1140 1461 αμήχανόν
1173 1363 1285 1418 ἐστι
1307 1368 1638 1433 φιλοσοφεῖν
1660 1359 1758 1418 τὸν

82 1470 123 1502 15
146 1444 352 1520 τρόπον
381 1450 578 1504 τοῦτον
608 1444 876 1518 φανερόν
931 1442 1015 1501 ότι
1056 1445 1116 1501 δε
1159 1447 1250 1501 καὶ
1280 1467 1430 1517 παρα
1459 1445 1650 1546 ‹pv'mv³
1665 1448 1758 1502 καὶ

147 1529 295 1604 παρὰ
325 1529 453 1596 τοὺς
498 1529 701 1603 νόμους
743 1528 844 1586 ὡδὶ
876 1535 1195 1602 κατίδοιμεν
1225 1554 1308 1587 αν.
1366 1535 1417 1586 εἰ
1447 1554 1550 1602 γαρ
1582 1531 1652 1587 αὐ
1682 1533 1759 1606 τῷ

146 1613 262 1672 όντι
293 1614 358 1671 τὰ
388 1637 680 1688 πραγματα
720 1617 946 1672 τοιαῦτα
979 1622 1092 1686 εἴη,
1133 1620 1190 1670 τί
1217 1613 1412 1671 λοιπὸν
1441 1612 1561 1671 ἀλλ’
1598 1610 1631 1686 ἢ
1663 1638 1755 1671 κα-

146 1697 332 1773 θάπερ
366 1702 426 1755 ἐν
456 1698 618 1776 ὕπνῳ
650 1702 746 1771 ζῆν
774 1693 914 1771 ἡμᾶς
948 1701 1068 1770 εἰκῆ
1098 1700 1188 1755 καὶ
1221 1697 1569 1771 έμπλήκτως;
1617 1697 1757 1756 ὥστε

145 1792 453 1856 φλυαροῖεν
483 1778 552 1840 ἂν
582 1789 640 1840 οἱ
665 1785 962 1856 νομοθέται
994 1785 1084 1839 καὶ
1117 1785 1412 1855 στρατηγοὶ
1443 1786 1534 1840 καὶ
1558 1787 1614 1840 οἱ
1633 1806 1756 1840 παι-

81 1889 123 1921 20
148 1866 419 1935 δεύοντες.
481 1866 601 1924 ἀλλ’
639 1874 823 1941 ἔμοιγε
857 1871 1120 1925 δοκοῦσιν
1151 1871 1207 1924 οἱ
1232 1868 1334 1940 μὲν
1366 1865 1522 1925 ἄλλοι
1553 1867 1757 1935 πάντες

143 1949 434 2023 ἅνθρωποι
465 1955 561 2025 ζῆν
591 1949 728 2009 κατὰ
758 1951 951 2025 φύσιν,
982 1951 1141 2025 μόνοι
1165 1954 1352 2024 μέντοι
1374 1956 1755 2026 τετυφῶσθαι,

144 2039 354 2109 μᾶλλον
404 2038 465 2094 δὲ
516 2038 819 2109 μεμηνέναι
869 2043 1077 2109 μανίαν
1129 2039 1448 2111 ἐρρωμένην
1491 2042 1549 2094 οἱ
1584 2041 1755 2093 ταῦτα

145 2124 458 2193 ληροῦντες.
547 2125 631 2177 26.
679 2119 782 2194 οὐχ
810 2118 1005 2192 ἥκιστα
1035 2123 1223 2193 μέντοι
1251 2123 1415 2177 τοῦτο
1445 2119 1756 2193 καταμάθοι

144 2228 226 2270 τις
257 2201 326 2261 ἄν
356 2201 635 2261 κάκεῖθεν.
711 2202 1025 2276 Ἀντίγονος
1054 2208 1193 2276 γοῦν
1223 2200 1251 2260 ὁ
1284 2202 1593 2277 Καρύστιος
1619 2203 1867 2275 undu-163)

80 2312 122 2345 25
143 2287 273 2354 τοῦς
311 2286 512 2355 αὐτοῦς
551 2285 846 2360 γενόμενος
886 2286 1117 2361 χρόνους
1158 2289 1251 2345 καὶ
1294 2285 1618 2362 ἀναγράψας
1651 2287 1755 2345 αύ-

144 2376 256 2430 τῶν
295 2373 393 2430 τὸν
434 2379 559 2445 βίον
598 2374 735 2444 φησὶ
776 2371 872 2429 τὸν
913 2371 1197 2446 Πύρρωνα
1253 2371 1592 2446 διωκόμενον
1645 2372 1753 2430 ὑπὸ

146 2455 314 2524 κυνὸς
353 2454 668 2529 ἀναφυγεῖν
708 2458 802 2513 ε’πί
838 2481 889 2512 τι
935 2459 1198 2532 δένδρον,
1253 2456 1643 2530 σκωπτόμενον
1698 2455 1750 2514 δ’

143 2539 252 2598 ὑπὸ
281 2545 394 2598 τῶν
424 2539 718 2615 παρόντων
749 2546 926 2598 εἰπεῖν
959 2537 1031 2608 ῶς
1060 2540 1298 2615 χαλεπὸν
1332 2551 1416 2614 εἴη
1447 2539 1753 2615 ἄνθρωπον

147 2628 388 2683 ἐκδῦναι.
481 2630 743 2698 Φιλίστης
777 2625 837 2682 δὲ
866 2626 963 2697 τῆς
993 2624 1238 2699 ἀδελφῆς
1279 2625 1450 2683 αὐτοῦ
1480 2624 1752 2698 θυούσης,

81 2732 123 2764 30
148 2715 333 2768 ἔπειτα
371 2713 483 2767 τῶν
526 2715 707 2783 φίλων
746 2707 893 2776 τινὸς
930 2706 1314 2784 ὑποσχομένου
1354 2710 1419 2767 τὰ
1465 2709 1599 2784 πρὸς
1652 2709 1754 2782 τὴν

146 2801 357 2851 θυσίαν
387 2797 479 2851 καὶ
508 2793 580 2868 μὴ
613 2798 1069 2868 παρασχομένου,
1096 2799 1195 2852 τοῦ
1228 2797 1415 2868 μέντοι
1445 2793 1752 2867 Πύρρωνος

149 2880 454 2952 πριαμένου
492 2881 583 2936 καὶ
628 2877 1099 2951 ἀγανακτοῦντος,
1161 2877 1459 2951 ἐπειδήπερ
1510 2875 1538 2935 6
1591 2883 1751 2951 φίλος

1413 2971 1522 3024 2οε
