<?xml version="1.0" encoding="UTF-8"?>
<!DOCTYPE html PUBLIC "-//W3C//DTD XHTML 1.0 Transitional//EN"
    "http://www.w3.org/TR/xhtml1/DTD/xhtml1-transitional.dtd">
<html xmlns="http://www.w3.org/1999/xhtml" xml:lang="en" lang="en">
 <head>
  <title>
</title>
<meta http-equiv="Content-Type" content="text/html;charset=utf-8" />
  <meta name='ocr-system' content='tesseract 3.04.00' />
  <meta name='ocr-capabilities' content='ocr_page ocr_carea ocr_par ocr_line ocrx_word'/>
</head>
<body>
  <div class='ocr_page' id='page_1' title='image "./operaeusebius02euseuoft_0224.png"; bbox 0 0 2014 3146; ppageno 0'>
   <div class='ocr_carea' id='block_1_1' title="bbox 236 122 1176 175">
    <p class='ocr_par' dir='ltr' id='par_1_1' title="bbox 236 122 1176 175">
     <span class='ocr_line' id='line_1_1' title="bbox 236 122 1176 175; baseline -0.012 -2"><span class='ocrx_word' id='word_1_1' title='bbox 236 122 343 175; x_wconf 78' lang='lat'><em>220</em></span> <span class='ocrx_word' id='word_1_2' title='bbox 927 122 1176 164; x_wconf 78' lang='lat' dir='ltr'>EUSEBH</span> 
     </span>
    </p>
   </div>
   <div class='ocr_carea' id='block_1_2' title="bbox 381 219 1689 447">
    <p class='ocr_par' dir='ltr' id='par_1_2' title="bbox 381 219 1675 440">
     <span class='ocr_line' id='line_1_2' title="bbox 1085 219 1527 311; baseline -0.002 -29"><span class='ocrx_word' id='word_1_3' title='bbox 1085 226 1201 282; x_wconf 78' lang='grc' dir='ltr'><em>οὐδέ</em></span> <span class='ocrx_word' id='word_1_4' title='bbox 1226 226 1336 282; x_wconf 82' lang='grc' dir='ltr'><em>ποτ’</em></span> <span class='ocrx_word' id='word_1_5' title='bbox 1367 219 1527 311; x_wconf 84' lang='grc' dir='ltr'><em>ἠμαρ</em></span> 
     </span>
     <span class='ocr_line' id='line_1_3' title="bbox 381 297 1660 370; baseline 0.001 -17"><span class='ocrx_word' id='word_1_6' title='bbox 381 299 652 353; x_wconf 78' lang='grc' dir='ltr'><em>παύσονται</em></span> <span class='ocrx_word' id='word_1_7' title='bbox 680 300 902 368; x_wconf 74' lang='grc' dir='ltr'><em>καμάτου</em></span> <span class='ocrx_word' id='word_1_8' title='bbox 928 302 1011 353; x_wconf 81' lang='grc' dir='ltr'><em>καὶ</em></span> <span class='ocrx_word' id='word_1_9' title='bbox 1039 299 1227 366; x_wconf 79' lang='grc' dir='ltr'><em>ὀϊζύος,</em></span> <span class='ocrx_word' id='word_1_10' title='bbox 1254 297 1371 354; x_wconf 82' lang='grc' dir='ltr'><em>οὗδέ</em></span> <span class='ocrx_word' id='word_1_11' title='bbox 1393 323 1439 354; x_wconf 87' lang='grc' dir='ltr'><em>τι</em></span> <span class='ocrx_word' id='word_1_12' title='bbox 1463 298 1660 370; x_wconf 78' lang='grc' dir='ltr'><em>νύκτωρ</em></span> 
     </span>
     <span class='ocr_line' id='line_1_4' title="bbox 381 367 1689 447; baseline 0 -24"><span class='ocrx_word' id='word_1_13' title='bbox 381 370 708 438; x_wconf 86' lang='grc' dir='ltr'><em>στεινόμενοι</em></span> <span class='ocrx_word' id='word_1_14' title='bbox 749 367 965 447; x_wconf 82' lang='grc' dir='ltr'><em>χαλεπας</em></span> <span class='ocrx_word' id='word_1_15' title='bbox 990 373 1042 424; x_wconf 81' lang='grc' dir='ltr'><em>δὲ</em></span> <span class='ocrx_word' id='word_1_16' title='bbox 1067 373 1179 424; x_wconf 88' lang='grc' dir='ltr'><em>θεοὶ</em></span> <span class='ocrx_word' id='word_1_17' title='bbox 1207 369 1412 424; x_wconf 79' lang='grc' dir='ltr'><em>δώσουσι</em></span> <span class='ocrx_word' id='word_1_18' title='bbox 1439 375 1689 440; x_wconf 80' lang='grc' dir='ltr'><strong><em>μερίμνας.</em></strong></span> 
     </span>
    </p>
   </div>
   <div class='ocr_carea' id='block_1_3' title="bbox 241 474 1032 551">
    <p class='ocr_par' dir='ltr' id='par_1_3' title="bbox 241 474 1032 551">
     <span class='ocr_line' id='line_1_5' title="bbox 241 474 1032 551; baseline 0.001 -18"><span class='ocrx_word' id='word_1_19' title='bbox 241 482 323 534; x_wconf 78' lang='lat'><em>59.</em></span> <span class='ocrx_word' id='word_1_20' title='bbox 361 478 438 533; x_wconf 89' lang='grc' dir='ltr'><em>ε’τι</em></span> <span class='ocrx_word' id='word_1_21' title='bbox 453 474 692 551; x_wconf 77' lang='grc' dir='ltr'><strong><em>Όμηρος</em></strong></span> <span class='ocrx_word' id='word_1_22' title='bbox 723 501 826 550; x_wconf 89' lang='grc' dir='ltr'><em>μεν</em></span> <span class='ocrx_word' id='word_1_23' title='bbox 859 476 1032 534; x_wconf 76' lang='grc' dir='ltr'><em>εἰπὼν</em></span> 
     </span>
    </p>
   </div>
   <div class='ocr_carea' id='block_1_4' title="bbox 380 577 1892 651">
    <p class='ocr_par' dir='ltr' id='par_1_4' title="bbox 380 577 1892 651">
     <span class='ocr_line' id='line_1_6' title="bbox 380 577 1892 651; baseline 0 -19"><span class='ocrx_word' id='word_1_24' title='bbox 380 579 527 645; x_wconf 80' lang='grc' dir='ltr'><em>αὐτὸς</em></span> <span class='ocrx_word' id='word_1_25' title='bbox 553 583 606 635; x_wconf 78' lang='grc' dir='ltr'><em>δὲ</em></span> <span class='ocrx_word' id='word_1_26' title='bbox 632 580 834 651; x_wconf 78' lang='grc' dir='ltr'><em>χρύσεια</em></span> <span class='ocrx_word' id='word_1_27' title='bbox 860 577 1025 650; x_wconf 75' lang='grc' dir='ltr'><em>πατὴρ</em></span> <span class='ocrx_word' id='word_1_28' title='bbox 1053 583 1258 634; x_wconf 81' lang='grc' dir='ltr'><em>ἐτίταινε</em></span> <span class='ocrx_word' id='word_1_29' title='bbox 1283 580 1522 634; x_wconf 76' lang='grc' dir='ltr'><em>τάλαντα·</em></span> <span class='ocrx_word' id='word_1_30' title='bbox 1869 599 1892 632; x_wconf 88' lang='lat'><strong>5</strong></span> 
     </span>
    </p>
   </div>
   <div class='ocr_carea' id='block_1_5' title="bbox 241 697 1851 860">
    <p class='ocr_par' dir='ltr' id='par_1_5' title="bbox 241 697 1851 860">
     <span class='ocr_line' id='line_1_7' title="bbox 242 697 1851 775; baseline 0 -17"><span class='ocrx_word' id='word_1_31' title='bbox 242 706 458 759; x_wconf 80' lang='grc' dir='ltr'><em>δίκαιον</em></span> <span class='ocrx_word' id='word_1_32' title='bbox 496 701 594 759; x_wconf 84' lang='grc' dir='ltr'><em>τὸν</em></span> <span class='ocrx_word' id='word_1_33' title='bbox 631 699 771 759; x_wconf 78' lang='grc' dir='ltr'><em>θεὸν</em></span> <span class='ocrx_word' id='word_1_34' title='bbox 810 699 1026 775; x_wconf 79' lang='grc' dir='ltr'><strong><em>μηνύει.</em></strong></span> <span class='ocrx_word' id='word_1_35' title='bbox 1095 702 1430 775; x_wconf 78' lang='grc' dir='ltr'><em>Μένανδρος</em></span> <span class='ocrx_word' id='word_1_36' title='bbox 1463 702 1525 759; x_wconf 74' lang='grc' dir='ltr'><em>δὲ</em></span> <span class='ocrx_word' id='word_1_37' title='bbox 1555 697 1583 758; x_wconf 82' lang='grc' dir='ltr'><em>ὃ</em></span> <span class='ocrx_word' id='word_1_38' title='bbox 1614 699 1851 774; x_wconf 79' lang='grc' dir='ltr'><em>κωμικὸς</em></span> 
     </span>
     <span class='ocr_line' id='line_1_8' title="bbox 241 783 1340 860; baseline 0.001 -17"><span class='ocrx_word' id='word_1_39' title='bbox 241 783 478 859; x_wconf 80' lang='grc' dir='ltr'><em>ἆγαθὸν</em></span> <span class='ocrx_word' id='word_1_40' title='bbox 491 785 815 860; x_wconf 80' lang='grc' dir='ltr'><strong><em>ἑρμηνεύων</em></strong></span> <span class='ocrx_word' id='word_1_41' title='bbox 844 783 940 843; x_wconf 83' lang='grc' dir='ltr'><em>τὸν</em></span> <span class='ocrx_word' id='word_1_42' title='bbox 970 784 1109 843; x_wconf 88' lang='grc' dir='ltr'><em>θεόν</em></span> <span class='ocrx_word' id='word_1_43' title='bbox 1139 805 1340 859; x_wconf 83' lang='grc' dir='ltr'><em>φησιν,</em></span> 
     </span>
    </p>
   </div>
   <div class='ocr_carea' id='block_1_6' title="bbox 134 889 1917 1172">
    <p class='ocr_par' dir='ltr' id='par_1_6' title="bbox 134 889 1917 1172">
     <span class='ocr_line' id='line_1_9' title="bbox 134 889 1367 977; baseline -0.001 -32"><span class='ocrx_word' id='word_1_44' title='bbox 134 905 222 946; x_wconf 84' lang='grc'>(689)</span> <span class='ocrx_word' id='word_1_45' title='bbox 381 889 563 944; x_wconf 69' lang='grc' dir='ltr'><em>ἅπαντι</em></span> <span class='ocrx_word' id='word_1_46' title='bbox 591 895 780 958; x_wconf 81' lang='grc' dir='ltr'><em>δαίμων</em></span> <span class='ocrx_word' id='word_1_47' title='bbox 805 889 951 961; x_wconf 81' lang='grc' dir='ltr'><em>ανὸρὶ</em></span> <span class='ocrx_word' id='word_1_48' title='bbox 978 895 1367 977; x_wconf 85' lang='grc' dir='ltr'><em>συμπαρίσταται</em></span> 
     </span>
     <span class='ocr_line' id='line_1_10' title="bbox 384 958 1417 1048; baseline 0 -34"><span class='ocrx_word' id='word_1_49' title='bbox 384 958 541 1024; x_wconf 79' lang='grc' dir='ltr'><em>εὐθυς</em></span> <span class='ocrx_word' id='word_1_50' title='bbox 567 963 817 1045; x_wconf 77' lang='grc' dir='ltr'><strong><em>γενομένῳ</em></strong></span> <span class='ocrx_word' id='word_1_51' title='bbox 845 959 1165 1048; x_wconf 76' lang='grc' dir='ltr'><em>μυσταγωγὸς</em></span> <span class='ocrx_word' id='word_1_52' title='bbox 1190 970 1278 1015; x_wconf 82' lang='grc' dir='ltr'><em>τοῦ</em></span> <span class='ocrx_word' id='word_1_53' title='bbox 1302 967 1417 1031; x_wconf 87' lang='grc' dir='ltr'><em>βίου</em></span> 
     </span>
     <span class='ocr_line' id='line_1_11' title="bbox 381 1028 1917 1111; baseline 0.001 -28"><span class='ocrx_word' id='word_1_54' title='bbox 381 1028 595 1111; x_wconf 56' lang='grc' dir='ltr'><em>αἶαθός·</em></span> <span class='ocrx_word' id='word_1_55' title='bbox 638 1029 792 1085; x_wconf 79' lang='grc' dir='ltr'><em>κακὸν</em></span> <span class='ocrx_word' id='word_1_56' title='bbox 816 1055 910 1101; x_wconf 83' lang='grc' dir='ltr'><em>γαρ</em></span> <span class='ocrx_word' id='word_1_57' title='bbox 940 1028 1134 1100; x_wconf 82' lang='grc' dir='ltr'><em>δαίμον’</em></span> <span class='ocrx_word' id='word_1_58' title='bbox 1163 1029 1222 1085; x_wconf 78' lang='grc' dir='ltr'><em>οὐ</em></span> <span class='ocrx_word' id='word_1_59' title='bbox 1251 1035 1503 1101; x_wconf 81' lang='grc' dir='ltr'><em>νομιστέον</em></span> <span class='ocrx_word' id='word_1_60' title='bbox 1874 1047 1917 1080; x_wconf 87' lang='grc'><em>10</em></span> 
     </span>
     <span class='ocr_line' id='line_1_12' title="bbox 384 1102 1239 1172; baseline 0 -17"><span class='ocrx_word' id='word_1_61' title='bbox 384 1103 537 1170; x_wconf 77' lang='grc' dir='ltr'><em>εἶναι,</em></span> <span class='ocrx_word' id='word_1_62' title='bbox 564 1106 676 1170; x_wconf 89' lang='grc' dir='ltr'><em>βίον</em></span> <span class='ocrx_word' id='word_1_63' title='bbox 702 1102 987 1171; x_wconf 77' lang='grc' dir='ltr'><em>βλαπτοντα</em></span> <span class='ocrx_word' id='word_1_64' title='bbox 1013 1103 1239 1172; x_wconf 86' lang='grc' dir='ltr'><em>χρηστόν.</em></span> 
     </span>
    </p>
   </div>
   <div class='ocr_carea' id='block_1_7' title="bbox 243 1207 662 1282">
    <p class='ocr_par' dir='ltr' id='par_1_7' title="bbox 243 1207 662 1282">
     <span class='ocr_line' id='line_1_13' title="bbox 243 1207 662 1282; baseline 0 -16"><span class='ocrx_word' id='word_1_65' title='bbox 243 1207 381 1266; x_wconf 80' lang='grc' dir='ltr'><em>εἷται</em></span> <span class='ocrx_word' id='word_1_66' title='bbox 414 1212 662 1282; x_wconf 84' lang='grc' dir='ltr'><em>ἐπιφέρει</em></span> 
     </span>
    </p>
   </div>
   <div class='ocr_carea' id='block_1_8' title="bbox 382 1310 1317 1382">
    <p class='ocr_par' dir='ltr' id='par_1_8' title="bbox 382 1310 1317 1382">
     <span class='ocr_line' id='line_1_14' title="bbox 382 1310 1317 1382; baseline -0.001 -15"><span class='ocrx_word' id='word_1_67' title='bbox 382 1311 576 1367; x_wconf 68' lang='grc' dir='ltr'><em>ἅπαντα</em></span> <span class='ocrx_word' id='word_1_68' title='bbox 605 1310 654 1365; x_wconf 81' lang='grc' dir='ltr'><em>δ’</em></span> <span class='ocrx_word' id='word_1_69' title='bbox 682 1310 880 1382; x_wconf 71' lang='grc' dir='ltr'><em>ἀγαθὸν</em></span> <span class='ocrx_word' id='word_1_70' title='bbox 907 1313 1033 1366; x_wconf 82' lang='grc' dir='ltr'><em>εἶναι</em></span> <span class='ocrx_word' id='word_1_71' title='bbox 1060 1310 1147 1366; x_wconf 85' lang='grc' dir='ltr'><em>τὸν</em></span> <span class='ocrx_word' id='word_1_72' title='bbox 1173 1313 1317 1367; x_wconf 89' lang='grc' dir='ltr'><em>θεόν·</em></span> 
     </span>
    </p>
   </div>
   <div class='ocr_carea' id='block_1_9' title="bbox 243 1430 1916 1844">
    <p class='ocr_par' dir='ltr' id='par_1_9' title="bbox 244 1430 1916 1591">
     <span class='ocr_line' id='line_1_15' title="bbox 244 1430 1848 1508; baseline 0.001 -18"><span class='ocrx_word' id='word_1_73' title='bbox 244 1431 359 1506; x_wconf 86' lang='grc' dir='ltr'><em>ἤτοι</em></span> <span class='ocrx_word' id='word_1_74' title='bbox 389 1431 569 1491; x_wconf 75' lang='grc' dir='ltr'><em>πάντα</em></span> <span class='ocrx_word' id='word_1_75' title='bbox 600 1433 738 1490; x_wconf 86' lang='grc' dir='ltr'><em>θεὸν</em></span> <span class='ocrx_word' id='word_1_76' title='bbox 769 1430 987 1506; x_wconf 71' lang='grc' dir='ltr'><em>ἀγαθὸν</em></span> <span class='ocrx_word' id='word_1_77' title='bbox 1010 1436 1217 1506; x_wconf 80' lang='grc' dir='ltr'><em>λέγων,</em></span> <span class='ocrx_word' id='word_1_78' title='bbox 1251 1430 1313 1506; x_wconf 80' lang='grc' dir='ltr'><em>ἢ,</em></span> <span class='ocrx_word' id='word_1_79' title='bbox 1345 1431 1480 1508; x_wconf 78' lang='grc' dir='ltr'><em>ὅπερ</em></span> <span class='ocrx_word' id='word_1_80' title='bbox 1505 1436 1597 1491; x_wconf 81' lang='grc' dir='ltr'><em>καὶ</em></span> <span class='ocrx_word' id='word_1_81' title='bbox 1619 1437 1848 1508; x_wconf 78' lang='grc' dir='ltr'><em>μᾶλλον,</em></span> 
     </span>
     <span class='ocr_line' id='line_1_16' title="bbox 244 1516 1916 1591; baseline 0 -16"><span class='ocrx_word' id='word_1_82' title='bbox 244 1522 304 1575; x_wconf 88' lang='grc' dir='ltr'><em>ἐν</em></span> <span class='ocrx_word' id='word_1_83' title='bbox 334 1520 469 1575; x_wconf 78' lang='grc' dir='ltr'><em>πᾶσι</em></span> <span class='ocrx_word' id='word_1_84' title='bbox 498 1517 595 1575; x_wconf 88' lang='grc' dir='ltr'><em>τὸν</em></span> <span class='ocrx_word' id='word_1_85' title='bbox 625 1516 764 1575; x_wconf 80' lang='grc' dir='ltr'><em>θεὸν</em></span> <span class='ocrx_word' id='word_1_86' title='bbox 795 1516 1014 1591; x_wconf 77' lang='grc' dir='ltr'><em>ἀγαθὸν</em></span> <span class='ocrx_word' id='word_1_87' title='bbox 1046 1519 1201 1575; x_wconf 83' lang='grc' dir='ltr'><em>εἶναι.</em></span> <span class='ocrx_word' id='word_1_88' title='bbox 1872 1541 1916 1575; x_wconf 82' lang='lat'><em>15</em></span> 
     </span>
    </p>

    <p class='ocr_par' dir='ltr' id='par_1_10' title="bbox 243 1595 1851 1844">
     <span class='ocr_line' id='line_1_17' title="bbox 369 1595 1851 1680; baseline 0.002 -22"><span class='ocrx_word' id='word_1_89' title='bbox 369 1607 452 1659; x_wconf 83' lang='lat'><em>60.</em></span> <span class='ocrx_word' id='word_1_90' title='bbox 486 1600 671 1659; x_wconf 80' lang='grc' dir='ltr'><em>Πάλιν</em></span> <span class='ocrx_word' id='word_1_91' title='bbox 701 1595 773 1659; x_wconf 78' lang='grc' dir='ltr'><em>αὖ</em></span> <span class='ocrx_word' id='word_1_92' title='bbox 802 1601 1080 1676; x_wconf 81' lang='grc' dir='ltr'><em>Αἰσχύλος</em></span> <span class='ocrx_word' id='word_1_93' title='bbox 1119 1603 1222 1676; x_wconf 76' lang='grc' dir='ltr'><em>μὲν</em></span> <span class='ocrx_word' id='word_1_94' title='bbox 1252 1601 1280 1660; x_wconf 86' lang='grc' dir='ltr'>ὁ</span> <span class='ocrx_word' id='word_1_95' title='bbox 1312 1602 1719 1680; x_wconf 73' lang='grc' dir='ltr'><em>τραγῳδοποιὸς</em></span> <span class='ocrx_word' id='word_1_96' title='bbox 1749 1601 1851 1676; x_wconf 79' lang='grc' dir='ltr'><em>τὴν</em></span> 
     </span>
     <span class='ocr_line' id='line_1_18' title="bbox 243 1684 1851 1760; baseline 0.001 -17"><span class='ocrx_word' id='word_1_97' title='bbox 243 1685 487 1759; x_wconf 80' lang='grc' dir='ltr'><em>δύναμιν</em></span> <span class='ocrx_word' id='word_1_98' title='bbox 516 1689 614 1743; x_wconf 83' lang='grc' dir='ltr'><em>τοῦ</em></span> <span class='ocrx_word' id='word_1_99' title='bbox 643 1690 790 1745; x_wconf 82' lang='grc' dir='ltr'><em>θεοῦ</em></span> <span class='ocrx_word' id='word_1_100' title='bbox 818 1691 1258 1760; x_wconf 79' lang='grc' dir='ltr'><em>παρατιθέμενος</em></span> <span class='ocrx_word' id='word_1_101' title='bbox 1289 1684 1390 1745; x_wconf 81' lang='grc' dir='ltr'><em>οὐκ</em></span> <span class='ocrx_word' id='word_1_102' title='bbox 1421 1686 1577 1745; x_wconf 81' lang='grc' dir='ltr'><em>ὀκνεῖ</em></span> <span class='ocrx_word' id='word_1_103' title='bbox 1603 1691 1695 1745; x_wconf 83' lang='grc' dir='ltr'><em>καὶ</em></span> <span class='ocrx_word' id='word_1_104' title='bbox 1725 1684 1851 1756; x_wconf 76' lang='grc' dir='ltr'><em>ὕψι-</em></span> 
     </span>
     <span class='ocr_line' id='line_1_19' title="bbox 243 1767 1408 1844; baseline 0.001 -17"><span class='ocrx_word' id='word_1_105' title='bbox 243 1788 374 1828; x_wconf 88' lang='grc' dir='ltr'><em>στον</em></span> <span class='ocrx_word' id='word_1_106' title='bbox 405 1767 572 1827; x_wconf 78' lang='grc' dir='ltr'><em>αὐτὸν</em></span> <span class='ocrx_word' id='word_1_107' title='bbox 603 1770 1042 1844; x_wconf 81' lang='grc' dir='ltr'><em>προσαγορεύειν</em></span> <span class='ocrx_word' id='word_1_108' title='bbox 1074 1771 1164 1828; x_wconf 76' lang='grc' dir='ltr'><em>διὰ</em></span> <span class='ocrx_word' id='word_1_109' title='bbox 1195 1769 1408 1828; x_wconf 84' lang='grc' dir='ltr'><em>τούτων</em></span> 
     </span>
    </p>
   </div>
   <div class='ocr_carea' id='block_1_10' title="bbox 197 1871 1916 2716">
    <p class='ocr_par' dir='ltr' id='par_1_11' title="bbox 197 1871 1916 2716">
     <span class='ocr_line' id='line_1_20' title="bbox 197 1871 1440 1960; baseline 0.001 -34"><span class='ocrx_word' id='word_1_110' title='bbox 197 1900 219 1931; x_wconf 78' lang='lat' dir='ltr'>b</span> <span class='ocrx_word' id='word_1_111' title='bbox 384 1874 554 1941; x_wconf 81' lang='grc' dir='ltr'><em>χώριζε</em></span> <span class='ocrx_word' id='word_1_112' title='bbox 579 1880 785 1941; x_wconf 79' lang='grc' dir='ltr'><em>θνητῶν</em></span> <span class='ocrx_word' id='word_1_113' title='bbox 811 1871 896 1928; x_wconf 87' lang='grc' dir='ltr'><em>τὸν</em></span> <span class='ocrx_word' id='word_1_114' title='bbox 922 1872 1072 1941; x_wconf 77' lang='grc' dir='ltr'><em>θεὸν,</em></span> <span class='ocrx_word' id='word_1_115' title='bbox 1100 1877 1183 1927; x_wconf 81' lang='grc' dir='ltr'><em>καὶ</em></span> <span class='ocrx_word' id='word_1_116' title='bbox 1210 1872 1277 1960; x_wconf 76' lang='grc' dir='ltr'><em>μὴ</em></span> <span class='ocrx_word' id='word_1_117' title='bbox 1308 1875 1440 1928; x_wconf 81' lang='grc' dir='ltr'><em>δόκει</em></span> 
     </span>
     <span class='ocr_line' id='line_1_21' title="bbox 385 1944 1916 2034; baseline 0 -36"><span class='ocrx_word' id='word_1_118' title='bbox 385 1945 556 2012; x_wconf 89' lang='grc' dir='ltr'><em>όμοιον</em></span> <span class='ocrx_word' id='word_1_119' title='bbox 582 1944 723 2034; x_wconf 80' lang='grc' dir='ltr'><em>αυτῷ</em></span> <span class='ocrx_word' id='word_1_120' title='bbox 744 1962 984 2013; x_wconf 85' lang='grc' dir='ltr'><em>σαρκινον</em></span> <span class='ocrx_word' id='word_1_121' title='bbox 1011 1945 1330 1998; x_wconf 86' lang='grc' dir='ltr'><em>καθεσταναι.</em></span> <span class='ocrx_word' id='word_1_122' title='bbox 1871 1959 1916 1992; x_wconf 81' lang='lat'><em>20</em></span> 
     </span>
     <span class='ocr_line' id='line_1_22' title="bbox 384 2013 1707 2084; baseline 0.002 -16"><span class='ocrx_word' id='word_1_123' title='bbox 384 2014 476 2068; x_wconf 81' lang='grc' dir='ltr'><em>οὐκ</em></span> <span class='ocrx_word' id='word_1_124' title='bbox 503 2014 655 2067; x_wconf 75' lang='grc' dir='ltr'><em>οἶσθά</em></span> <span class='ocrx_word' id='word_1_125' title='bbox 677 2014 723 2084; x_wconf 81' lang='grc' dir='ltr'><em>γ’</em></span> <span class='ocrx_word' id='word_1_126' title='bbox 754 2014 923 2069; x_wconf 83' lang='grc' dir='ltr'><em>αυτόν.</em></span> <span class='ocrx_word' id='word_1_127' title='bbox 976 2018 1093 2069; x_wconf 84' lang='grc' dir='ltr'><em>ποτὲ</em></span> <span class='ocrx_word' id='word_1_128' title='bbox 1117 2018 1206 2084; x_wconf 82' lang='grc' dir='ltr'><em>μὲν</em></span> <span class='ocrx_word' id='word_1_129' title='bbox 1235 2013 1299 2078; x_wconf 82' lang='grc' dir='ltr'><em>ὡς</em></span> <span class='ocrx_word' id='word_1_130' title='bbox 1325 2021 1426 2084; x_wconf 85' lang='grc' dir='ltr'><em>πῦρ</em></span> <span class='ocrx_word' id='word_1_131' title='bbox 1453 2020 1707 2084; x_wconf 81' lang='grc' dir='ltr'><em>φαίνεται,</em></span> 
     </span>
     <span class='ocr_line' id='line_1_23' title="bbox 384 2082 1569 2177; baseline 0 -38"><span class='ocrx_word' id='word_1_132' title='bbox 384 2084 600 2148; x_wconf 84' lang='grc' dir='ltr'><em>απλατος</em></span> <span class='ocrx_word' id='word_1_133' title='bbox 626 2082 778 2177; x_wconf 80' lang='grc' dir='ltr'><em>ορμῇ,</em></span> <span class='ocrx_word' id='word_1_134' title='bbox 806 2088 923 2140; x_wconf 83' lang='grc' dir='ltr'><em>ποτὲ</em></span> <span class='ocrx_word' id='word_1_135' title='bbox 950 2085 996 2137; x_wconf 80' lang='grc' dir='ltr'><em>δ’</em></span> <span class='ocrx_word' id='word_1_136' title='bbox 1024 2084 1187 2155; x_wconf 72' lang='grc' dir='ltr'><em>ὕδωρ,</em></span> <span class='ocrx_word' id='word_1_137' title='bbox 1217 2088 1334 2139; x_wconf 82' lang='grc' dir='ltr'><em>ποτὲ</em></span> <span class='ocrx_word' id='word_1_138' title='bbox 1357 2087 1569 2156; x_wconf 80' lang='grc' dir='ltr'><em>γνόφος,</em></span> 
     </span>
     <span class='ocr_line' id='line_1_24' title="bbox 383 2155 1438 2245; baseline 0 -36"><span class='ocrx_word' id='word_1_139' title='bbox 383 2159 466 2209; x_wconf 81' lang='grc' dir='ltr'><em>καὶ</em></span> <span class='ocrx_word' id='word_1_140' title='bbox 501 2158 682 2225; x_wconf 81' lang='grc' dir='ltr'><em>θηρσὶν</em></span> <span class='ocrx_word' id='word_1_141' title='bbox 708 2155 855 2220; x_wconf 80' lang='grc' dir='ltr'><em>αὐτὸς</em></span> <span class='ocrx_word' id='word_1_142' title='bbox 879 2162 1066 2245; x_wconf 80' lang='grc' dir='ltr'><em>γίνεται</em></span> <span class='ocrx_word' id='word_1_143' title='bbox 1091 2179 1438 2224; x_wconf 83' lang='grc' dir='ltr'><em>παρεμφερης,</em></span> 
     </span>
     <span class='ocr_line' id='line_1_25' title="bbox 381 2226 1624 2318; baseline 0 -38"><span class='ocrx_word' id='word_1_144' title='bbox 381 2226 574 2316; x_wconf 78' lang='grc' dir='ltr'><em>ανέμῳ,</em></span> <span class='ocrx_word' id='word_1_145' title='bbox 595 2230 786 2314; x_wconf 81' lang='grc' dir='ltr'><em>νεφέλῃ</em></span> <span class='ocrx_word' id='word_1_146' title='bbox 803 2251 877 2292; x_wconf 77' lang='grc' dir='ltr'><em>τε,</em></span> <span class='ocrx_word' id='word_1_147' title='bbox 905 2226 1188 2313; x_wconf 82' lang='grc' dir='ltr'><em>καστραπῇ,</em></span> <span class='ocrx_word' id='word_1_148' title='bbox 1215 2232 1426 2318; x_wconf 81' lang='grc' dir='ltr'><em>βροντῇ,</em></span> <span class='ocrx_word' id='word_1_149' title='bbox 1454 2233 1624 2300; x_wconf 84' lang='grc' dir='ltr'><em>βροχῇ.</em></span> 
     </span>
     <span class='ocr_line' id='line_1_26' title="bbox 382 2294 1914 2365; baseline 0.003 -17"><span class='ocrx_word' id='word_1_150' title='bbox 382 2296 624 2365; x_wconf 82' lang='grc' dir='ltr'><em>υπηρετεῖ</em></span> <span class='ocrx_word' id='word_1_151' title='bbox 643 2294 693 2349; x_wconf 79' lang='grc' dir='ltr'><em>δ’</em></span> <span class='ocrx_word' id='word_1_152' title='bbox 722 2294 859 2350; x_wconf 79' lang='grc' dir='ltr'><em>αὕτω</em></span> <span class='ocrx_word' id='word_1_153' title='bbox 883 2298 1141 2362; x_wconf 80' lang='grc' dir='ltr'><em>θαλασσα,</em></span> <span class='ocrx_word' id='word_1_154' title='bbox 1169 2300 1252 2350; x_wconf 86' lang='grc' dir='ltr'><em>καὶ</em></span> <span class='ocrx_word' id='word_1_155' title='bbox 1278 2320 1474 2365; x_wconf 76' lang='grc' dir='ltr'><em>πετραι,</em></span> <span class='ocrx_word' id='word_1_156' title='bbox 1871 2320 1914 2354; x_wconf 85' lang='lat'><em>25</em></span> 
     </span>
     <span class='ocr_line' id='line_1_27' title="bbox 382 2353 1378 2453; baseline 0.002 -35"><span class='ocrx_word' id='word_1_157' title='bbox 382 2369 467 2419; x_wconf 85' lang='grc' dir='ltr'><em>καὶ</em></span> <span class='ocrx_word' id='word_1_158' title='bbox 494 2372 625 2418; x_wconf 86' lang='grc' dir='ltr'><em>πᾶσα</em></span> <span class='ocrx_word' id='word_1_159' title='bbox 649 2364 808 2453; x_wconf 71' lang='grc' dir='ltr'><em>πηγὴ,</em></span> <span class='ocrx_word' id='word_1_160' title='bbox 824 2353 1047 2436; x_wconf 79' lang='grc' dir='ltr'><em>χῦδατος</em></span> <span class='ocrx_word' id='word_1_161' title='bbox 1073 2370 1378 2436; x_wconf 81' lang='grc' dir='ltr'><em>συστήματα·</em></span> 
     </span>
     <span class='ocr_line' id='line_1_28' title="bbox 200 2434 1391 2525; baseline 0.005 -40"><span class='ocrx_word' id='word_1_162' title='bbox 200 2461 219 2484; x_wconf 83' lang='lat' dir='ltr'>e</span> <span class='ocrx_word' id='word_1_163' title='bbox 382 2439 542 2522; x_wconf 84' lang='grc' dir='ltr'><em>τρέμει</em></span> <span class='ocrx_word' id='word_1_164' title='bbox 569 2434 616 2487; x_wconf 81' lang='grc' dir='ltr'><em>δ’</em></span> <span class='ocrx_word' id='word_1_165' title='bbox 645 2436 735 2504; x_wconf 81' lang='grc' dir='ltr'><em>ὅρη</em></span> <span class='ocrx_word' id='word_1_166' title='bbox 764 2441 848 2491; x_wconf 82' lang='grc' dir='ltr'><em>καὶ</em></span> <span class='ocrx_word' id='word_1_167' title='bbox 874 2446 1019 2525; x_wconf 76' lang='grc' dir='ltr'><em>γαΐα,</em></span> <span class='ocrx_word' id='word_1_168' title='bbox 1044 2441 1128 2490; x_wconf 83' lang='grc' dir='ltr'><em>καὶ</em></span> <span class='ocrx_word' id='word_1_169' title='bbox 1155 2437 1391 2507; x_wconf 83' lang='grc' dir='ltr'><em>πελωριος</em></span> 
     </span>
     <span class='ocr_line' id='line_1_29' title="bbox 382 2503 1647 2596; baseline 0.001 -38"><span class='ocrx_word' id='word_1_170' title='bbox 382 2503 542 2589; x_wconf 80' lang='grc' dir='ltr'><em>βυθὸς</em></span> <span class='ocrx_word' id='word_1_171' title='bbox 568 2507 852 2575; x_wconf 83' lang='grc' dir='ltr'><em>θαλασσης,</em></span> <span class='ocrx_word' id='word_1_172' title='bbox 881 2511 965 2561; x_wconf 83' lang='grc' dir='ltr'><em>καὶ</em></span> <span class='ocrx_word' id='word_1_173' title='bbox 993 2506 1149 2596; x_wconf 81' lang='grc' dir='ltr'><em>ὀρέων</em></span> <span class='ocrx_word' id='word_1_174' title='bbox 1176 2509 1334 2593; x_wconf 71' lang='grc' dir='ltr'><em>ὕψος,</em></span> <span class='ocrx_word' id='word_1_175' title='bbox 1366 2510 1494 2579; x_wconf 78' lang='grc' dir='ltr'><em>[ἐπὶ]</em></span> <span class='ocrx_word' id='word_1_176' title='bbox 1523 2509 1647 2576; x_wconf 78' lang='grc' dir='ltr'><em>μέγα</em></span> 
     </span>
     <span class='ocr_line' id='line_1_30' title="bbox 383 2572 1426 2663; baseline 0.004 -36"><span class='ocrx_word' id='word_1_177' title='bbox 383 2572 506 2628; x_wconf 77' lang='grc' dir='ltr'><em>ἕπαν</em></span> <span class='ocrx_word' id='word_1_178' title='bbox 533 2578 778 2662; x_wconf 79' lang='grc' dir='ltr'><em>ἐπιβλέψῃ</em></span> <span class='ocrx_word' id='word_1_179' title='bbox 803 2577 982 2663; x_wconf 78' lang='grc' dir='ltr'><em>γοργὸν</em></span> <span class='ocrx_word' id='word_1_180' title='bbox 1010 2579 1140 2646; x_wconf 79' lang='grc' dir='ltr'><em>ὄμμα</em></span> <span class='ocrx_word' id='word_1_181' title='bbox 1166 2575 1426 2631; x_wconf 75' lang='grc' dir='ltr'><em>δεσπότου·</em></span> 
     </span>
     <span class='ocr_line' id='line_1_31' title="bbox 382 2632 1912 2716; baseline 0.006 -18"><span class='ocrx_word' id='word_1_182' title='bbox 382 2668 543 2699; x_wconf 83' lang='grc' dir='ltr'><em>παντα</em></span> <span class='ocrx_word' id='word_1_183' title='bbox 571 2632 761 2713; x_wconf 77' lang='grc' dir='ltr'><em>δυνατὴ</em></span> <span class='ocrx_word' id='word_1_184' title='bbox 780 2671 875 2716; x_wconf 76' lang='grc' dir='ltr'><em>γαρ</em></span> <span class='ocrx_word' id='word_1_185' title='bbox 902 2650 1017 2713; x_wconf 71' lang='grc' dir='ltr'><em>δόξα</em></span> <span class='ocrx_word' id='word_1_186' title='bbox 1042 2647 1259 2715; x_wconf 72' lang='grc' dir='ltr'><em>ὑψίστου</em></span> <span class='ocrx_word' id='word_1_187' title='bbox 1285 2654 1427 2701; x_wconf 80' lang='grc' dir='ltr'><em>θεοῦ.</em></span> <span class='ocrx_word' id='word_1_188' title='bbox 1869 2676 1912 2708; x_wconf 88' lang='lat'><em>30</em></span> 
     </span>
    </p>
   </div>
   <div class='ocr_carea' id='block_1_11' title="bbox 1422 2762 1594 2785">
    <p class='ocr_par' dir='ltr' id='par_1_12' title="bbox 1422 2762 1594 2785">
     <span class='ocr_line' id='line_1_32' title="bbox 1422 2762 1594 2785; baseline -0.006 -1"><span class='ocrx_word' id='word_1_189' title='bbox 1422 2762 1523 2785; x_wconf 52' lang='lat' dir='ltr'><em>Qec,</em></span> <span class='ocrx_word' id='word_1_190' title='bbox 1583 2763 1594 2781; x_wconf 63' lang='grc' dir='ltr'>ἱ</span> 
     </span>
    </p>
   </div>
   <div class='ocr_carea' id='block_1_12' title="bbox 239 2757 1846 2926">
    <p class='ocr_par' dir='ltr' id='par_1_13' title="bbox 239 2757 1846 2926">
     <span class='ocr_line' id='line_1_33' title="bbox 239 2757 1846 2843; baseline 0.001 -22"><span class='ocrx_word' id='word_1_191' title='bbox 239 2757 328 2838; x_wconf 76' lang='grc' dir='ltr'><em>ἆρ’</em></span> <span class='ocrx_word' id='word_1_192' title='bbox 365 2762 432 2822; x_wconf 81' lang='grc' dir='ltr'><em>οὐ</em></span> <span class='ocrx_word' id='word_1_193' title='bbox 465 2770 618 2822; x_wconf 82' lang='grc' dir='ltr'><em>δοκεῖ</em></span> <span class='ocrx_word' id='word_1_194' title='bbox 646 2784 732 2823; x_wconf 93' lang='grc' dir='ltr'><em>σοι</em></span> <span class='ocrx_word' id='word_1_195' title='bbox 765 2769 943 2824; x_wconf 81' lang='grc' dir='ltr'><em>ἐκεῖνο</em></span> <span class='ocrx_word' id='word_1_196' title='bbox 975 2766 1356 2843; x_wconf 82' lang='grc' dir='ltr'><em>παραφραζειν</em></span> <span class='ocrx_word' id='word_1_197' title='bbox 1378 2791 1438 2824; x_wconf 91' lang='grc' dir='ltr'><em>το</em></span> <span class='ocrx_word' id='word_1_198' title='bbox 1492 2787 1598 2822; x_wconf 86' lang='grc' dir='ltr'><em>απο</em></span> <span class='ocrx_word' id='word_1_199' title='bbox 1630 2762 1846 2838; x_wconf 74' lang='grc' dir='ltr'><em>προσώ-</em></span> 
     </span>
     <span class='ocr_line' id='line_1_34' title="bbox 239 2849 1020 2926; baseline 0.001 -21"><span class='ocrx_word' id='word_1_200' title='bbox 239 2870 349 2907; x_wconf 90' lang='grc' dir='ltr'><em>που</em></span> <span class='ocrx_word' id='word_1_201' title='bbox 380 2856 578 2924; x_wconf 87' lang='grc' dir='ltr'><em>κυρίου</em></span> <span class='ocrx_word' id='word_1_202' title='bbox 608 2851 791 2926; x_wconf 82' lang='grc' dir='ltr'><em>τρέμει</em></span> <span class='ocrx_word' id='word_1_203' title='bbox 822 2849 856 2922; x_wconf 85' lang='grc' dir='ltr'>ἡ</span> <span class='ocrx_word' id='word_1_204' title='bbox 887 2850 1020 2923; x_wconf 73' lang='grc' dir='ltr'><em>γῆ;”</em></span> 
     </span>
    </p>
   </div>
  </div>
 </body>
</html>
