2014 3146
614 116 827 158 PRAEP.
850 115 1070 158 EVANG.
1095 117 1173 158 XI.
1208 120 1248 159 5.
1279 119 1318 159 6.
1759 117 1790 168 9

178 234 393 306 μέτρων
434 230 571 289 κατὰ
610 231 712 304 τὴν
742 238 955 290 οἰκείαν
986 229 1172 290 αὐτῶν
1202 244 1533 306 συγκεῖσθαι
1574 233 1787 307 φωνήν.

180 322 226 373 8.
276 318 368 374 καὶ
408 315 473 373 τά
517 316 620 389 μὲν
659 320 754 388 τῆς
797 319 992 385 λέξεως
1044 314 1231 384 αὐτοῖς
1282 309 1395 375 οἶδέ
1441 340 1516 391 πη
1569 323 1790 391 λογικῆς

179 403 457 466 συνέσεως
510 407 650 473 ἔχει,
710 400 775 457 τὰ
829 402 891 458 δὲ
943 400 1011 474 δὴ
1061 406 1157 474 τῆς
1208 407 1454 468 διανοίας
1505 401 1628 460 οὐδ’
1678 410 1790 460 ἔστι

179 491 528 558 παραβαλεῖν
569 484 917 560 ἀνθρώποις·
987 489 1126 544 θεοῦ
1169 485 1273 562 γάρ
1314 489 1405 544 καὶ
1447 484 1615 559 αὐτῆς
1655 486 1788 559 άλή-
1812 517 1829 538 e

135 576 340 635 5θείας
380 567 537 642 λόγια
581 569 653 626 δι’
691 567 878 628 αὐτῶν
921 573 1385 644 ἐκπεφωνημένα,
1438 579 1791 644 θεσπίσματα

180 657 272 711 καὶ
313 652 676 728 προρρήσεις,
717 653 1017 728 μαθήματά
1057 678 1116 711 τε
1159 654 1390 729 εὐσεβῆ,
1433 659 1524 712 καὶ
1555 660 1650 728 τῆς
1680 662 1792 713 τῶν

179 736 359 798 ὄντων
401 737 749 839 ἐπιγνώσεως
792 737 1039 811 δόγματα
1079 738 1487 812 περιειλήφασι.
1578 745 1625 797 9.
1668 763 1792 797 τεκ-

178 821 347 896 μήρια
390 821 440 878 δ’
477 819 548 880 ἂν
587 821 776 895 λάβοις
816 825 911 894 τῆς
951 845 1100 897 παρα
1138 837 1252 890 τοῖς
1293 821 1532 896 ανδράσι
1570 827 1792 896 λογικῆς

179 903 463 980 ἀκριβείας
503 903 610 963 άπὸ
649 910 745 979 τῆς
776 904 1077 981 ὀρθότητος
1106 912 1203 981 τῆς
1232 911 1344 965 τῶν
1374 905 1663 983 ὀνομάτων
1692 910 1793 965 θέ-

116 1013 157 1045 10
182 1009 348 1063 σεως,
390 982 455 1063 ἦς
495 993 621 1063 πέρι
651 994 744 1048 καὶ
774 987 802 1048 ὁ
834 990 1074 1049 Πλάτων
1103 996 1169 1067 τῇ
1192 995 1465 1066 Ἑβραίων
1495 996 1793 1066 μαρτυρῶν

181 1074 313 1149 δόξῃ
347 1078 510 1148 δῆλος
541 1071 613 1134 ἂν
644 1084 747 1148 εἴη,
780 1078 872 1133 καὶ
903 1073 1015 1133 κατ’
1048 1073 1182 1134 αυτό
1211 1102 1274 1150 γε
1303 1083 1462 1135 τοῦτο
1495 1076 1792 1150 σύμφωνος

181 1157 260 1217 ὢν
289 1163 358 1234 τῇ
387 1158 524 1216 κατὰ
553 1159 680 1227 τοὺς
711 1158 919 1234 ἄνδρας
949 1168 1273 1238 φιλοσοφία,
1307 1157 1378 1228 ὦς
1408 1164 1550 1234 γοῦν
1582 1165 1642 1218 ἐκ
1672 1160 1794 1218 τού-

180 1268 294 1301 των
325 1247 630 1316 διαγνῶναι
661 1243 872 1320 ῥᾴδιον.

310 1367 384 1415 VI.
432 1354 668 1427 Πρώτου
691 1358 943 1422 Μωσέως
974 1361 1165 1433 μακρῷ
1197 1355 1448 1430 πρόσθεν
1479 1354 1513 1430 ἢ
1542 1356 1602 1414 τὸ
1634 1365 1794 1430 φιλο-
1817 1377 1839 1409 d

118 1461 159 1493 15
183 1446 382 1512 σοφίας
420 1438 596 1513 ὄνομα
638 1446 715 1506 εἰς
739 1439 1010 1514 1’Έλληνας
1053 1445 1242 1499 ἐλθεῖν
1283 1441 1375 1497 διὰ
1414 1439 1591 1514 πάσης
1622 1440 1794 1498 αὐτοῦ

181 1527 276 1597 τῆς
324 1528 541 1597 γραφῆς
591 1532 762 1597 μυρία
804 1527 932 1599 περὶ
970 1528 1065 1597 τῆς
1105 1529 1217 1582 τῶν
1257 1523 1545 1598 ὀνομάτων
1583 1528 1795 1592 θέσεως

183 1612 779 1682 πεπραγματευμένον,
831 1611 924 1666 καὶ
972 1610 1091 1667 τοτὲ
1140 1611 1243 1683 μὲν
1285 1607 1642 1683 φυσικώτατα
1683 1613 1796 1666 τῶν

183 1691 314 1767 παρ’
363 1689 513 1768 αὐτῷ
562 1691 788 1772 πάντων
835 1694 931 1762 τὰς
983 1697 1298 1767 ἐπωνυμίας
1344 1695 1792 1767 διατεταγμένου,

183 1777 304 1834 τοτὲ
336 1777 396 1834 δὲ
426 1781 501 1853 τῷ
532 1782 650 1854 θεῷ
681 1776 782 1850 τὴν
814 1785 1000 1851 κρίσιν
1029 1782 1126 1852 τῆς
1156 1782 1268 1835 τῶν
1301 1775 1549 1851 εὐσεβῶν
1572 1775 1795 1851 ἀνδρῶν

121 1882 162 1914 20
186 1868 535 1934 μετωνυμίας
565 1859 900 1936 ἀναθέντος,
943 1861 1111 1936 φύσει
1141 1887 1227 1935 τε,
1270 1860 1388 1919 ἀλλ’
1427 1859 1492 1920 οὐ
1533 1864 1691 1920 θέσει
1730 1860 1795 1918 τά

183 1944 425 2018 ὀνόματα
467 1946 603 2003 κατὰ
639 1950 752 2003 τών
793 1945 1132 2022 πραγμάτων
1171 1957 1395 2004 κεῖσθαι
1426 1944 1796 2004 πεπαιδευκό-

184 2054 294 2102 τος,
328 2029 593 2102 ἑπόμενος
624 2029 652 2088 ὁ
678 2030 918 2089 Πλάτων
942 2033 1282 2106 συμφέρεται
1311 2045 1424 2097 τοῖς
1457 2028 1660 2101 αὐτοῖς,
1693 2029 1796 2087 οὐκ
1815 2052 1904 2095 (515)

185 2112 363 2180 ἄλλως
390 2111 424 2186 ἢ
451 2114 754 2190 βαρβάρων
783 2118 1078 2188 μνησθεὶς,
1110 2119 1202 2172 καὶ
1233 2114 1380 2188 παρά
1407 2121 1592 2172 τοῖσδε
1616 2113 1796 2187 φήσας

186 2197 350 2255 τόνδε
380 2197 656 2267 σώζεσθαι
686 2199 782 2256 τὸν
811 2198 1036 2271 τρόπον,
1067 2198 1204 2271 τάχα
1232 2221 1340 2255 που
1364 2198 1490 2263 τοὺς
1507 2197 1796 2271 Ἑβραίους

123 2301 164 2333 25
189 2281 591 2354 αἰνιττόμενος,
635 2285 753 2339 ἐπεὶ
792 2283 932 2354 μηδὲ
963 2279 1094 2356 παρ’
1132 2284 1333 2355 ἑτέροις
1365 2281 1666 2355 βαρβάροις
1698 2280 1795 2357 ῥάἢ

191 2371 313 2422 διον
346 2365 449 2437 τὴν
478 2364 700 2422 τοιάνδε
730 2364 1121 2438 παραφυλάξαι
1151 2373 1413 2441 θεωρίαν.
1477 2371 1525 2424 2.
1560 2369 1707 2438 λέγει
1741 2363 1793 2422 δ’

190 2441 293 2505 οὖν
326 2452 384 2505 ἐν
414 2448 686 2526 Κρατύλῳ

310 2558 459 2618 “Kal
490 2559 555 2618 οὐ
586 2565 746 2618 τοῦτο
778 2563 920 2619 εἶναι
945 2560 1119 2636 ὄνομα
1142 2560 1171 2619 ὃ
1195 2560 1266 2620 ἄν
1288 2586 1433 2628 τινες
1459 2565 1796 2635 συνθέμενοι

190 2653 382 2702 καλεῖν
413 2649 639 2717 καλῶσι,
670 2650 764 2718 τῆς
796 2644 983 2703 αὐτῶν
1013 2651 1202 2720 φωνῆς
1232 2646 1426 2720 μόριον
1459 2644 1797 2718 ἐπιφθεγγό-

305 2867 358 2905 27
389 2859 634 2919 Κρατύλῳ]
667 2868 718 2906 P.
742 2869 837 2910 383.
864 2869 963 2908 390.
984 2869 1080 2908 409.
