2014 3146
309 128 379 181 34
998 127 1247 170 EUSEBII

309 263 469 317 στον,
501 242 679 309 ἄλλως
709 266 768 300 τε
800 242 869 315 δὴ
900 245 993 300 καὶ
1022 245 1133 319 νέῳ
1163 245 1252 300 καὶ
1285 241 1480 320 ἁπαλῷ
1517 241 1757 320 ὁτῳοῦν;
1811 243 1919 318 μά-

309 337 467 386 λιστα
498 327 601 400 γὰρ
636 325 704 399 δὴ
734 325 857 384 τότε
887 325 1179 384 πλάττεται
1209 329 1301 384 καὶ
1334 326 1590 385 ἐνδύεται
1618 327 1819 401 τύπος,
1851 326 1917 385 ὃν

269 449 286 470 c
309 412 379 470 άν
418 437 498 479 τις
538 410 806 483 βούληται
847 409 1267 484 ἐνσημήνασθαι
1307 411 1534 488 ἑκάστῳ.
1604 417 1652 469 2.
1695 415 1917 486 Κομιδη

309 521 411 569 μεν
430 496 549 553 οὐν.
589 486 703 569 Αρ’
728 518 835 553 ουν
857 499 1065 571 ῥᾳδίως
1088 492 1233 552 οὕτω
1251 494 1573 569 παρήσομεν
1585 519 1711 563 τους
1735 499 1915 553 ἐπιτυ-

309 579 505 653 χόντας
529 578 751 653 μύθους
773 582 1125 646 πλασθέντας
1156 578 1382 637 ἀκούειν
1411 579 1539 646 τούς
1569 586 1790 653 παῖδας,
1822 583 1915 638 καὶ
1939 599 1959 631 5

310 663 618 738 λαμβάνειν
643 666 703 720 ἐν
725 677 847 730 ταῖς
869 678 1073 738 ψυχαῖς
1105 660 1177 731 ὡς
1211 661 1506 721 ἐπιτοπολύ
1537 667 1791 732 ἐναντίας
1823 664 1919 722 δό-

308 755 404 816 ξας
447 753 682 815 ἐκείναις
721 745 813 820 ἃς,
858 747 1086 805 ἐπειδὰν
1123 750 1505 820 τελεωθῶσιν,
1548 754 1694 821 ἔχειν
1733 747 1919 822 οἰησό-

307 843 456 905 μεθα
486 834 619 890 ’δεῖν
649 830 881 902 αὐτούς;
956 837 1003 889 3.
1053 830 1193 890 Οὐδ’
1229 831 1544 890 ὁπωστιοῦν
1581 831 1915 906 παρήσομεν.

309 920 546 991 Πρῶτον
574 917 676 989 μὲν
710 917 779 988 δὴ
810 913 971 989 ἡμῖν,
1016 915 1088 982 ὡς
1129 922 1334 988 ἔοικεν,
1380 919 1765 989 ἐπιστατητέον
1791 930 1918 983 τοῖς

309 1011 668 1073 μυθοποιοῖς,
713 1006 803 1057 καὶ
845 998 911 1058 ὃν
941 1001 1043 1074 μὲν
1073 995 1144 1057 ἄν
1173 998 1343 1057 καλὸν
1372 1004 1561 1072 μῦθον
1590 999 1914 1074 ποιήσωσιν,
1941 1016 1983 1049 10

312 1087 610 1159 ἐγκριτέον,
642 1081 708 1142 ὃν
740 1082 796 1141 δ’
830 1079 903 1142 άν
941 1082 1048 1157 μὴ,
1079 1082 1421 1158 ἀποκριτέον.
1491 1082 1620 1150 τούς
1653 1081 1707 1142 δ’
1742 1089 1919 1157 ἐγκρι-

263 1193 285 1225 d
309 1172 511 1234 θέντας
550 1175 813 1241 πείσομεν
859 1166 954 1234 τὰς
991 1167 1230 1240 τροφούς
1259 1191 1317 1225 τε
1349 1170 1440 1225 καὶ
1471 1171 1706 1242 μητέρας
1737 1171 1919 1241 λέγειν

309 1268 423 1318 τοῖς
454 1255 641 1324 παισὶ,
674 1255 766 1309 καὶ
796 1251 1055 1310 πλάττειν
1085 1251 1180 1319 τάς
1220 1254 1398 1326 ψυχὰς
1440 1250 1627 1310 αὐτῶν
1665 1267 1780 1319 τοῖς
1818 1252 1918 1326 μύ-

309 1347 434 1403 θοις
465 1338 608 1393 πολὺ
637 1341 847 1409 μᾶλλον
877 1332 910 1409 ἢ
941 1336 1006 1392 τὰ
1038 1335 1263 1409 σώματα
1293 1350 1412 1403 ταῖς
1451 1344 1657 1410 χερσίν.
1734 1329 1814 1394 οἷν
1857 1338 1918 1394 δὲ

309 1425 420 1478 νῦν
450 1423 672 1492 λέγουσι
702 1421 829 1487 τοὺς
861 1415 1100 1486 πολλοὺς
1133 1418 1482 1493 ἐκβλητέον.”
1941 1438 1982 1470 15

438 1509 486 1562 4.
521 1506 630 1562 Καὶ
662 1508 834 1562 ταῦτα
865 1503 970 1577 πρὸ
991 1509 1090 1562 τοῦ
1114 1504 1414 1571 Πλάτωνος
1438 1503 1759 1577 πεφύλακτο
1782 1501 1917 1575 παρ’

303 1585 593 1661 Ἑβραίοις.
655 1593 712 1645 015
737 1587 841 1661 γὰρ
873 1595 1088 1662 ἔχοντες
1117 1591 1336 1661 πνεῦμα
1365 1599 1545 1660 θεῖον,
1581 1588 1921 1662 διακριτικὸν

312 1670 663 1744 πνευμάτων,
690 1676 1011 1744 ἐδοκίμαζον
1039 1671 1104 1729 τά
1134 1669 1319 1743 ὀρθῶς
1349 1675 1443 1729 καὶ
1474 1676 1528 1740 ἐξ
1559 1670 1722 1745 ἁγίου
1752 1672 1919 1731 πνεύ-

312 1780 479 1828 ματος
511 1755 780 1828 λεγόμενά
809 1779 869 1812 τε
900 1759 991 1812 καὶ
1022 1755 1372 1829 γραφόμενα,
1403 1755 1469 1814 τὰ
1501 1758 1561 1814 δὲ
1591 1756 1665 1830 μὴ
1695 1760 1920 1814 τοιαῦτα

311 1838 743 1912 ἀπεδοκίμαζον,
786 1839 970 1913 ὥσπερ
1010 1843 1101 1897 καὶ
1131 1841 1258 1907 τοὺς
1296 1847 1409 1898 τῶν
1439 1845 1919 1915 ψευδοπροφητῶν
1941 1855 1984 1888 20

313 1923 525 1996 λόγους.
599 1920 738 1980 άλλά
778 1927 871 1980 καὶ
909 1918 1039 1990 τούς
1089 1930 1292 1991 παῖδας
1341 1923 1471 1991 τούς
1519 1932 1753 1997 νηπίους
1801 1938 1919 1993 ταῖς

313 2005 420 2064 άπὸ
450 2031 562 2064 των
602 2014 779 2065 θείων
817 2012 1051 2080 γραφῶν
1091 2007 1537 2081 ὦφελιμωτάταις
1578 2008 1919 2082 διηγήσεσιν,

314 2090 499 2163 ὥσπερ
529 2093 639 2148 τισὶ
671 2099 1052 2165 μυθολογίαις,
1085 2095 1316 2165 γονεῦσί
1334 2116 1394 2148 τε
1417 2094 1508 2149 καὶ
1532 2107 1758 2166 τροφοῖς
1789 2099 1918 2160 ἔθος

313 2178 383 2248 ἠν
413 2174 765 2251 κατεπάδειν,
790 2180 1251 2250 προπαρασκευῆς
1282 2180 1447 2234 ε’νεκα
1475 2179 1570 2250 τῆς
1602 2182 1679 2243 εἰς
1708 2174 1919 2251 άνδρας

268 2269 274 2274 ’
316 2257 501 2325 αὐτοῖς
533 2262 813 2333 ἐσομένοις
841 2267 1182 2334 θεοσεβείας,
1940 2274 1982 2306 25

154 2396 162 2402 ,
204 2354 295 2425 (5771))
442 2355 518 2402 Vl.
561 2340 806 2402 “”Ακουε
837 2344 936 2418 δὴ,
969 2349 1126 2418 φασὶ,
1157 2343 1302 2418 μάλα
1331 2348 1504 2403 καλοῦ
1534 2345 1721 2418 λόγου,
1753 2343 1818 2402 ὃν
1848 2344 1919 2402 σὺ

205 2427 416 2497 [mm-*arv
456 2422 636 2499 ἡγήσῃ
682 2431 896 2498 μῦθον,
953 2425 1026 2495 ὥς
1068 2433 1301 2505 ἐγῷμαι,
1353 2429 1457 2501 ἐγώ
1499 2430 1561 2486 δὲ
1600 2429 1789 2502 λόγον’
1847 2428 1919 2495 ὥς

315 2508 503 2581 ἀληθῆ
532 2507 636 2583 γὰρ
668 2509 802 2568 ὄντα
832 2530 919 2568 σοι
950 2515 1086 2579 λέξω
1117 2511 1151 2568 ἃ
1183 2515 1362 2586 μέλλω
1394 2510 1632 2585 λέγειν.”

442 2598 490 2649 2.
539 2596 649 2651 Καὶ
678 2593 795 2666 μετ’
832 2592 991 2667 ὀλίγα

428 2673 591 2734 ““Τόν
619 2678 722 2749 μὲν
754 2683 979 2745 δικαίως
1008 2677 1103 2736 τὸν
1133 2686 1261 2751 βίον
1291 2678 1587 2738 διελθόντα
1616 2681 1708 2736 καὶ
1730 2675 1916 2752 ὁσίως,
1941 2700 1982 2733 30

429 2871 482 2909 26
503 2861 664 2911 ’Ἄκουε
687 2865 746 2922 δὴ
770 2868 843 2923 -]
878 2871 1009 2912 Plato
1033 2871 1168 2924 Gorg.
1192 2886 1234 2924 p.
1258 2873 1351 2913 523.
