<?xml version="1.0" encoding="UTF-8"?>
<!DOCTYPE html PUBLIC "-//W3C//DTD XHTML 1.0 Transitional//EN"
    "http://www.w3.org/TR/xhtml1/DTD/xhtml1-transitional.dtd">
<html xmlns="http://www.w3.org/1999/xhtml" xml:lang="en" lang="en">
 <head>
  <title>
</title>
<meta http-equiv="Content-Type" content="text/html;charset=utf-8" />
  <meta name='ocr-system' content='tesseract 3.04.00' />
  <meta name='ocr-capabilities' content='ocr_page ocr_carea ocr_par ocr_line ocrx_word'/>
</head>
<body>
  <div class='ocr_page' id='page_1' title='image "./operaeusebius02euseuoft_0280.png"; bbox 0 0 2014 3146; ppageno 0'>
   <div class='ocr_carea' id='block_1_1' title="bbox 280 140 1206 192">
    <p class='ocr_par' dir='ltr' id='par_1_1' title="bbox 280 140 1206 192">
     <span class='ocr_line' id='line_1_1' title="bbox 280 140 1206 192; baseline 0.002 -13"><span class='ocrx_word' id='word_1_1' title='bbox 280 141 384 192; x_wconf 71' lang='lat'><strong><em>276</em></strong></span> <span class='ocrx_word' id='word_1_2' title='bbox 956 140 1206 181; x_wconf 69' lang='lat' dir='ltr'>EUSEBII</span> 
     </span>
    </p>
   </div>
   <div class='ocr_carea' id='block_1_2' title="bbox 169 249 1959 2952">
    <p class='ocr_par' dir='ltr' id='par_1_2' title="bbox 278 249 1897 837">
     <span class='ocr_line' id='line_1_2' title="bbox 280 249 1889 332; baseline 0.001 -18"><span class='ocrx_word' id='word_1_3' title='bbox 280 249 350 314; x_wconf 77' lang='grc' dir='ltr'><strong><em>οῦ</em></strong></span> <span class='ocrx_word' id='word_1_4' title='bbox 373 255 550 331; x_wconf 76' lang='grc' dir='ltr'><strong><em>χρεων</em></strong></span> <span class='ocrx_word' id='word_1_5' title='bbox 573 253 856 328; x_wconf 81' lang='grc' dir='ltr'><strong><em>φυλάξαι</em></strong></span> <span class='ocrx_word' id='word_1_6' title='bbox 837 253 941 311; x_wconf 90' lang='grc' dir='ltr'><strong><em>όσα</em></strong></span> <span class='ocrx_word' id='word_1_7' title='bbox 963 251 1195 326; x_wconf 83' lang='grc' dir='ltr'><strong><em>ἀκίνητα</em></strong></span> <span class='ocrx_word' id='word_1_8' title='bbox 1214 257 1305 311; x_wconf 86' lang='grc' dir='ltr'><strong><em>καὶ</em></strong></span> <span class='ocrx_word' id='word_1_9' title='bbox 1328 253 1431 312; x_wconf 83' lang='grc' dir='ltr'><strong><em>ὅσα</em></strong></span> <span class='ocrx_word' id='word_1_10' title='bbox 1449 260 1779 331; x_wconf 80' lang='grc' dir='ltr'><strong><em>κεκινημένα</em></strong></span> <span class='ocrx_word' id='word_1_11' title='bbox 1801 250 1889 332; x_wconf 78' lang='grc' dir='ltr'><strong><em>ἦν,</em></strong></span> 
     </span>
     <span class='ocr_line' id='line_1_3' title="bbox 278 333 1890 416; baseline 0.001 -18"><span class='ocrx_word' id='word_1_12' title='bbox 278 344 478 399; x_wconf 87' lang='grc' dir='ltr'><strong><em>τούτου</em></strong></span> <span class='ocrx_word' id='word_1_13' title='bbox 501 341 602 413; x_wconf 74' lang='grc' dir='ltr'><strong><em>μὲν</em></strong></span> <span class='ocrx_word' id='word_1_14' title='bbox 624 338 831 412; x_wconf 84' lang='grc' dir='ltr'><strong><em>ἠμέλει,</em></strong></span> <span class='ocrx_word' id='word_1_15' title='bbox 859 344 936 404; x_wconf 84' lang='grc' dir='ltr'><strong><em>εἰς</em></strong></span> <span class='ocrx_word' id='word_1_16' title='bbox 962 337 1012 395; x_wconf 99' lang='lat'>6</span> <span class='ocrx_word' id='word_1_17' title='bbox 1037 337 1412 412; x_wconf 77' lang='grc' dir='ltr'><em>Ἀρκεσίλαον,</em></span> <span class='ocrx_word' id='word_1_18' title='bbox 1432 337 1533 398; x_wconf 81' lang='grc' dir='ltr'><strong><em>εἴτ’</em></strong></span> <span class='ocrx_word' id='word_1_19' title='bbox 1560 333 1662 399; x_wconf 86' lang='grc' dir='ltr'><strong><em>οῦν</em></strong></span> <span class='ocrx_word' id='word_1_20' title='bbox 1683 341 1890 416; x_wconf 79' lang='grc' dir='ltr'><em>ἀμείνω</em></span> 
     </span>
     <span class='ocr_line' id='line_1_4' title="bbox 282 422 1893 500; baseline 0.002 -18"><span class='ocrx_word' id='word_1_21' title='bbox 282 436 390 482; x_wconf 76' lang='grc' dir='ltr'><strong><em>εἴτε</em></strong></span> <span class='ocrx_word' id='word_1_22' title='bbox 419 428 511 482; x_wconf 86' lang='grc' dir='ltr'><strong><em>καὶ</em></strong></span> <span class='ocrx_word' id='word_1_23' title='bbox 541 422 857 498; x_wconf 85' lang='grc' dir='ltr'><strong><em>φαυλότερα</em></strong></span> <span class='ocrx_word' id='word_1_24' title='bbox 887 424 975 496; x_wconf 77' lang='grc' dir='ltr'><strong><em>ἦν,</em></strong></span> <span class='ocrx_word' id='word_1_25' title='bbox 1010 423 1397 496; x_wconf 78' lang='grc' dir='ltr'><strong><em>ἐπανενεγκών</em></strong></span> <span class='ocrx_word' id='word_1_26' title='bbox 1430 423 1519 481; x_wconf 72' lang='grc' dir='ltr'><strong><em>διὰ</em></strong></span> <span class='ocrx_word' id='word_1_27' title='bbox 1549 433 1761 499; x_wconf 80' lang='grc' dir='ltr'><strong><em>μακροῦ</em></strong></span> <span class='ocrx_word' id='word_1_28' title='bbox 1791 425 1893 500; x_wconf 80' lang='grc' dir='ltr'><strong><em>τὴν</em></strong></span> 
     </span>
     <span class='ocr_line' id='line_1_5' title="bbox 279 506 800 583; baseline -0.002 -17"><span class='ocrx_word' id='word_1_29' title='bbox 279 508 461 583; x_wconf 86' lang='grc' dir='ltr'><strong><em>μάχην</em></strong></span> <span class='ocrx_word' id='word_1_30' title='bbox 490 506 800 578; x_wconf 41' lang='grc' dir='ltr'><strong><em>ἀνενέαζεΫ</em></strong></span> 
     </span>
     <span class='ocr_line' id='line_1_6' title="bbox 406 595 1037 664; baseline 0.002 -16"><span class='ocrx_word' id='word_1_31' title='bbox 406 600 453 651; x_wconf 69' lang='grc'><strong><em>2.</em></strong></span> <span class='ocrx_word' id='word_1_32' title='bbox 503 596 615 652; x_wconf 87' lang='grc' dir='ltr'><strong><em>Καὶ</em></strong></span> <span class='ocrx_word' id='word_1_33' title='bbox 646 596 768 664; x_wconf 81' lang='grc' dir='ltr'><strong><em>ἑξῆς</em></strong></span> <span class='ocrx_word' id='word_1_34' title='bbox 802 595 1037 664; x_wconf 79' lang='grc' dir='ltr'><strong><em>ἐπιλέγει</em></strong></span> 
     </span>
     <span class='ocr_line' id='line_1_7' title="bbox 401 669 1896 752; baseline 0 -16"><span class='ocrx_word' id='word_1_35' title='bbox 401 671 568 750; x_wconf 69' lang='lat' dir='ltr'><em>“⁷Hys</em></span> <span class='ocrx_word' id='word_1_36' title='bbox 602 675 653 734; x_wconf 88' lang='lat'><strong><em>6&#39;</em></strong></span> <span class='ocrx_word' id='word_1_37' title='bbox 689 669 791 735; x_wconf 81' lang='grc' dir='ltr'><strong><em>οῦν</em></strong></span> <span class='ocrx_word' id='word_1_38' title='bbox 822 680 914 734; x_wconf 81' lang='grc' dir='ltr'><strong><em>καὶ</em></strong></span> <span class='ocrx_word' id='word_1_39' title='bbox 944 679 1103 744; x_wconf 77' lang='grc' dir='ltr'><strong><em>οὗτος</em></strong></span> <span class='ocrx_word' id='word_1_40' title='bbox 1135 680 1228 734; x_wconf 89' lang='grc' dir='ltr'><strong><em>καὶ</em></strong></span> <span class='ocrx_word' id='word_1_41' title='bbox 1259 676 1559 751; x_wconf 81' lang='grc' dir='ltr'><em>ἀπέφερεν,</em></span> <span class='ocrx_word' id='word_1_42' title='bbox 1585 678 1896 752; x_wconf 76' lang='grc' dir='ltr'><em>ἀντιλογίας</em></span> 
     </span>
     <span class='ocr_line' id='line_1_8' title="bbox 279 761 1897 839; baseline 0.001 -18"><span class='ocrx_word' id='word_1_43' title='bbox 279 788 337 821; x_wconf 89' lang='grc' dir='ltr'><strong><em>τε</em></strong></span> <span class='ocrx_word' id='word_1_44' title='bbox 379 767 471 820; x_wconf 83' lang='grc' dir='ltr'><strong><em>καὶ</em></strong></span> <span class='ocrx_word' id='word_1_45' title='bbox 513 762 755 835; x_wconf 75' lang='grc' dir='ltr'><strong><em>στροφάς</em></strong></span> <span class='ocrx_word' id='word_1_46' title='bbox 795 761 1162 835; x_wconf 80' lang='grc' dir='ltr'><strong><em>λεπτολόγους</em></strong></span> <span class='ocrx_word' id='word_1_47' title='bbox 1203 765 1478 836; x_wconf 81' lang='grc' dir='ltr'><strong><em>συνέφερε</em></strong></span> <span class='ocrx_word' id='word_1_48' title='bbox 1507 769 1573 838; x_wconf 79' lang='grc' dir='ltr'><strong><em>τῇ</em></strong></span> <span class='ocrx_word' id='word_1_49' title='bbox 1603 762 1748 839; x_wconf 85' lang='grc' dir='ltr'><strong><em>μάχῃ</em></strong></span> <span class='ocrx_word' id='word_1_50' title='bbox 1780 787 1897 822; x_wconf 86' lang='grc' dir='ltr'><strong><em>ποι-</em></strong></span> 
     </span>
    </p>

    <p class='ocr_par' dir='ltr' id='par_1_3' title="bbox 238 840 1959 1600">
     <span class='ocr_line' id='line_1_9' title="bbox 238 840 1899 923; baseline -0.001 -17"><span class='ocrx_word' id='word_1_51' title='bbox 238 884 255 906; x_wconf 79' lang='lat' dir='ltr'>c</span> <span class='ocrx_word' id='word_1_52' title='bbox 281 855 518 920; x_wconf 82' lang='grc' dir='ltr'><strong><em>κίλλων,</em></strong></span> <span class='ocrx_word' id='word_1_53' title='bbox 565 847 910 921; x_wconf 80' lang='grc' dir='ltr'><strong><em>ἐξαρνητικός</em></strong></span> <span class='ocrx_word' id='word_1_54' title='bbox 949 871 1010 904; x_wconf 88' lang='grc' dir='ltr'><strong><em>τε</em></strong></span> <span class='ocrx_word' id='word_1_55' title='bbox 1042 850 1134 904; x_wconf 82' lang='grc' dir='ltr'><strong><em>καὶ</em></strong></span> <span class='ocrx_word' id='word_1_56' title='bbox 1163 846 1536 920; x_wconf 86' lang='grc' dir='ltr'><strong><em>καταφατικός</em></strong></span> <span class='ocrx_word' id='word_1_57' title='bbox 1566 871 1626 904; x_wconf 88' lang='grc' dir='ltr'><strong><em>τε</em></strong></span> <span class='ocrx_word' id='word_1_58' title='bbox 1656 840 1728 921; x_wconf 78' lang='grc' dir='ltr'><strong><em>ἦν</em></strong></span> <span class='ocrx_word' id='word_1_59' title='bbox 1758 847 1899 923; x_wconf 84' lang='grc' dir='ltr'><strong><em>κάμ-</em></strong></span> 
     </span>
     <span class='ocr_line' id='line_1_10' title="bbox 280 930 1898 1008; baseline 0.001 -18"><span class='ocrx_word' id='word_1_60' title='bbox 280 936 605 1006; x_wconf 82' lang='grc' dir='ltr'><strong><em>φοτέρωθεν</em></strong></span> <span class='ocrx_word' id='word_1_61' title='bbox 634 930 1001 1004; x_wconf 79' lang='grc' dir='ltr'><strong><em>ἀντιλογικός’</em></strong></span> <span class='ocrx_word' id='word_1_62' title='bbox 1053 942 1161 989; x_wconf 80' lang='grc' dir='ltr'><strong><em>εἴτε</em></strong></span> <span class='ocrx_word' id='word_1_63' title='bbox 1191 955 1300 990; x_wconf 90' lang='grc' dir='ltr'><strong><em>που</em></strong></span> <span class='ocrx_word' id='word_1_64' title='bbox 1345 938 1458 990; x_wconf 81' lang='grc' dir='ltr'><strong><em>ἔδει</em></strong></span> <span class='ocrx_word' id='word_1_65' title='bbox 1497 958 1549 989; x_wconf 87' lang='grc' dir='ltr'><strong><em>τι</em></strong></span> <span class='ocrx_word' id='word_1_66' title='bbox 1580 935 1671 990; x_wconf 86' lang='grc' dir='ltr'><strong><em>καὶ</em></strong></span> <span class='ocrx_word' id='word_1_67' title='bbox 1702 938 1898 1008; x_wconf 88' lang='grc' dir='ltr'><strong><em>θαῦμα</em></strong></span> 
     </span>
     <span class='ocr_line' id='line_1_11' title="bbox 282 1014 1959 1093; baseline 0.001 -18"><span class='ocrx_word' id='word_1_68' title='bbox 282 1018 521 1091; x_wconf 82' lang='grc' dir='ltr'><strong><em>ἐχόντων</em></strong></span> <span class='ocrx_word' id='word_1_69' title='bbox 551 1015 749 1088; x_wconf 79' lang='grc' dir='ltr'><strong><em>λόγων,</em></strong></span> <span class='ocrx_word' id='word_1_70' title='bbox 784 1022 1092 1090; x_wconf 82' lang='grc' dir='ltr'><strong><em>ἐξηγείρετο</em></strong></span> <span class='ocrx_word' id='word_1_71' title='bbox 1116 1015 1317 1090; x_wconf 86' lang='grc' dir='ltr'><strong><em>λάβρος</em></strong></span> <span class='ocrx_word' id='word_1_72' title='bbox 1347 1014 1469 1075; x_wconf 82' lang='grc' dir='ltr'><strong><em>οἷον</em></strong></span> <span class='ocrx_word' id='word_1_73' title='bbox 1491 1017 1730 1091; x_wconf 84' lang='grc' dir='ltr'><strong><em>ποταμὸς</em></strong></span> <span class='ocrx_word' id='word_1_74' title='bbox 1754 1018 1895 1093; x_wconf 80' lang='grc' dir='ltr'><strong><em>ροσό-</em></strong></span> <span class='ocrx_word' id='word_1_75' title='bbox 1919 1045 1959 1076; x_wconf 89' lang='lat'><strong><em>10</em></strong></span> 
     </span>
     <span class='ocr_line' id='line_1_12' title="bbox 284 1100 1897 1175; baseline 0.001 -16"><span class='ocrx_word' id='word_1_76' title='bbox 284 1107 400 1175; x_wconf 84' lang='grc' dir='ltr'><strong><em>δης,</em></strong></span> <span class='ocrx_word' id='word_1_77' title='bbox 429 1101 608 1159; x_wconf 88' lang='grc' dir='ltr'><strong><em>πάντα</em></strong></span> <span class='ocrx_word' id='word_1_78' title='bbox 634 1101 1017 1175; x_wconf 79' lang='grc' dir='ltr'><strong><em>καταπιμπλάς</em></strong></span> <span class='ocrx_word' id='word_1_79' title='bbox 1039 1101 1106 1158; x_wconf 78' lang='grc' dir='ltr'><strong><em>τὰ</em></strong></span> <span class='ocrx_word' id='word_1_80' title='bbox 1129 1105 1264 1175; x_wconf 80' lang='grc' dir='ltr'><strong><em>τῇδε</em></strong></span> <span class='ocrx_word' id='word_1_81' title='bbox 1288 1104 1379 1158; x_wconf 89' lang='grc' dir='ltr'><strong><em>καὶ</em></strong></span> <span class='ocrx_word' id='word_1_82' title='bbox 1401 1100 1641 1174; x_wconf 80' lang='grc' dir='ltr'><strong><em>τάκεῖθι,</em></strong></span> <span class='ocrx_word' id='word_1_83' title='bbox 1667 1105 1758 1160; x_wconf 85' lang='grc' dir='ltr'><strong><em>καὶ</em></strong></span> <span class='ocrx_word' id='word_1_84' title='bbox 1784 1110 1897 1161; x_wconf 82' lang='grc' dir='ltr'><strong><em>εἰσ-</em></strong></span> 
     </span>
     <span class='ocr_line' id='line_1_13' title="bbox 284 1184 1895 1261; baseline 0.001 -17"><span class='ocrx_word' id='word_1_85' title='bbox 284 1191 473 1244; x_wconf 85' lang='grc' dir='ltr'><strong><em>έπιπτε</em></strong></span> <span class='ocrx_word' id='word_1_86' title='bbox 514 1191 606 1243; x_wconf 78' lang='grc' dir='ltr'><strong><em>καὶ</em></strong></span> <span class='ocrx_word' id='word_1_87' title='bbox 646 1189 922 1258; x_wconf 84' lang='grc' dir='ltr'><strong><em>συνέσυρε</em></strong></span> <span class='ocrx_word' id='word_1_88' title='bbox 963 1184 1091 1252; x_wconf 83' lang='grc' dir='ltr'><strong><em>τοῦς</em></strong></span> <span class='ocrx_word' id='word_1_89' title='bbox 1133 1185 1437 1252; x_wconf 82' lang='grc' dir='ltr'><strong><em>ἀκούοντας</em></strong></span> <span class='ocrx_word' id='word_1_90' title='bbox 1484 1185 1575 1243; x_wconf 77' lang='grc' dir='ltr'><strong><em>διά</em></strong></span> <span class='ocrx_word' id='word_1_91' title='bbox 1626 1188 1895 1261; x_wconf 80' lang='grc' dir='ltr'><strong><em>θορύβου.</em></strong></span> 
     </span>
     <span class='ocr_line' id='line_1_14' title="bbox 279 1264 1898 1345; baseline 0.002 -18"><span class='ocrx_word' id='word_1_92' title='bbox 279 1276 327 1329; x_wconf 79' lang='lat'><strong><em>3.</em></strong></span> <span class='ocrx_word' id='word_1_93' title='bbox 363 1275 659 1345; x_wconf 77' lang='grc' dir='ltr'><strong><em>τοιγαροῦν</em></strong></span> <span class='ocrx_word' id='word_1_94' title='bbox 690 1268 922 1343; x_wconf 82' lang='grc' dir='ltr'><em>ἀπάγων</em></span> <span class='ocrx_word' id='word_1_95' title='bbox 951 1264 1080 1338; x_wconf 82' lang='grc' dir='ltr'><strong><em>τοῦς</em></strong></span> <span class='ocrx_word' id='word_1_96' title='bbox 1111 1269 1311 1337; x_wconf 74' lang='grc' dir='ltr'><strong><em>ἄλλους</em></strong></span> <span class='ocrx_word' id='word_1_97' title='bbox 1338 1268 1503 1338; x_wconf 79' lang='grc' dir='ltr'><strong><em>αὐτὸς</em></strong></span> <span class='ocrx_word' id='word_1_98' title='bbox 1528 1278 1722 1345; x_wconf 83' lang='grc' dir='ltr'><strong><em>ἔμενεν</em></strong></span> <span class='ocrx_word' id='word_1_99' title='bbox 1745 1275 1898 1340; x_wconf 83' lang='grc' dir='ltr'><em>ἀνεξ-</em></span> 
     </span>
     <span class='ocr_line' id='line_1_15' title="bbox 280 1354 1897 1434; baseline 0.001 -21"><span class='ocrx_word' id='word_1_100' title='bbox 280 1355 581 1428; x_wconf 82' lang='grc' dir='ltr'><strong><em>απάτητος,</em></strong></span> <span class='ocrx_word' id='word_1_101' title='bbox 614 1354 643 1413; x_wconf 80' lang='grc' dir='ltr'>ὃ</span> <span class='ocrx_word' id='word_1_102' title='bbox 675 1354 748 1430; x_wconf 85' lang='grc' dir='ltr'><strong><em>μὴ</em></strong></span> <span class='ocrx_word' id='word_1_103' title='bbox 781 1360 995 1430; x_wconf 77' lang='grc' dir='ltr'><strong><em>προσῆν</em></strong></span> <span class='ocrx_word' id='word_1_104' title='bbox 1024 1359 1100 1434; x_wconf 80' lang='grc' dir='ltr'><strong><em>τῷ</em></strong></span> <span class='ocrx_word' id='word_1_105' title='bbox 1124 1355 1474 1434; x_wconf 77' lang='grc' dir='ltr'><strong><em>Ἀρκεσιλάῳ.</em></strong></span> <span class='ocrx_word' id='word_1_106' title='bbox 1553 1361 1761 1424; x_wconf 78' lang='grc' dir='ltr'><strong><em>ἐκεῖνος</em></strong></span> <span class='ocrx_word' id='word_1_107' title='bbox 1791 1356 1897 1430; x_wconf 86' lang='grc' dir='ltr'><strong><em>γάρ</em></strong></span> 
     </span>
     <span class='ocr_line' id='line_1_16' title="bbox 279 1440 1958 1515; baseline 0.001 -18"><span class='ocrx_word' id='word_1_108' title='bbox 279 1440 701 1514; x_wconf 80' lang='grc' dir='ltr'><strong><em>περιερχόμενος</em></strong></span> <span class='ocrx_word' id='word_1_109' title='bbox 732 1447 799 1515; x_wconf 81' lang='grc' dir='ltr'><strong><em>τῇ</em></strong></span> <span class='ocrx_word' id='word_1_110' title='bbox 831 1442 1105 1515; x_wconf 81' lang='grc' dir='ltr'><strong><em>φαρμάξει</em></strong></span> <span class='ocrx_word' id='word_1_111' title='bbox 1149 1441 1275 1507; x_wconf 86' lang='grc' dir='ltr'><strong><em>τοὺς</em></strong></span> <span class='ocrx_word' id='word_1_112' title='bbox 1307 1445 1896 1515; x_wconf 76' lang='grc' dir='ltr'><strong><em>συγκορυβαντιῶντας</em></strong></span> <span class='ocrx_word' id='word_1_113' title='bbox 1919 1465 1958 1498; x_wconf 85' lang='lat'><strong><em>15</em></strong></span> 
     </span>
     <span class='ocr_line' id='line_1_17' title="bbox 280 1524 1896 1600; baseline 0.001 -18"><span class='ocrx_word' id='word_1_114' title='bbox 280 1532 484 1583; x_wconf 79' lang='grc' dir='ltr'><strong><em>ἔλαθεν</em></strong></span> <span class='ocrx_word' id='word_1_115' title='bbox 538 1524 737 1582; x_wconf 83' lang='grc' dir='ltr'><strong><em>ἑαυτὸν</em></strong></span> <span class='ocrx_word' id='word_1_116' title='bbox 786 1532 1009 1599; x_wconf 78' lang='grc' dir='ltr'><strong><em>πρῶτον</em></strong></span> <span class='ocrx_word' id='word_1_117' title='bbox 1062 1526 1410 1599; x_wconf 74' lang='grc' dir='ltr'><strong><em>ἐξηπατηκὼς</em></strong></span> <span class='ocrx_word' id='word_1_118' title='bbox 1461 1526 1534 1600; x_wconf 87' lang='grc' dir='ltr'><strong><em>μὴ</em></strong></span> <span class='ocrx_word' id='word_1_119' title='bbox 1585 1525 1896 1600; x_wconf 77' lang='grc' dir='ltr'><strong><em>ᾐσθῆσθαι,</em></strong></span> 
     </span>
    </p>

    <p class='ocr_par' dir='ltr' id='par_1_4' title="bbox 237 1607 1958 2530">
     <span class='ocr_line' id='line_1_18' title="bbox 237 1607 1895 1684; baseline 0.001 -17"><span class='ocrx_word' id='word_1_120' title='bbox 237 1629 257 1660; x_wconf 82' lang='lat' dir='ltr'>d</span> <span class='ocrx_word' id='word_1_121' title='bbox 282 1621 583 1668; x_wconf 78' lang='grc' dir='ltr'><strong><em>πεπεῖσθαι</em></strong></span> <span class='ocrx_word' id='word_1_122' title='bbox 634 1607 687 1666; x_wconf 84' lang='lat'><strong><em>6’</em></strong></span> <span class='ocrx_word' id='word_1_123' title='bbox 733 1610 916 1683; x_wconf 78' lang='grc' dir='ltr'><strong><em>ἀληθῆ</em></strong></span> <span class='ocrx_word' id='word_1_124' title='bbox 972 1612 1114 1669; x_wconf 79' lang='grc' dir='ltr'><strong><em>εἶναι</em></strong></span> <span class='ocrx_word' id='word_1_125' title='bbox 1156 1608 1190 1667; x_wconf 75' lang='grc' dir='ltr'><em>ἀ</em></span> <span class='ocrx_word' id='word_1_126' title='bbox 1230 1613 1376 1683; x_wconf 87' lang='grc' dir='ltr'><strong><em>λέγει</em></strong></span> <span class='ocrx_word' id='word_1_127' title='bbox 1427 1611 1518 1668; x_wconf 82' lang='grc' dir='ltr'><strong><em>διὰ</em></strong></span> <span class='ocrx_word' id='word_1_128' title='bbox 1555 1615 1651 1684; x_wconf 82' lang='grc' dir='ltr'><strong><em>τῆς</em></strong></span> <span class='ocrx_word' id='word_1_129' title='bbox 1690 1610 1895 1681; x_wconf 80' lang='grc' dir='ltr'><strong><em>ἁπαξα-</em></strong></span> 
     </span>
     <span class='ocr_line' id='line_1_19' title="bbox 286 1689 1900 1769; baseline 0.002 -18"><span class='ocrx_word' id='word_1_130' title='bbox 286 1694 514 1752; x_wconf 87' lang='grc' dir='ltr'><strong><em>πάντων</em></strong></span> <span class='ocrx_word' id='word_1_131' title='bbox 556 1694 891 1767; x_wconf 83' lang='grc' dir='ltr'><strong><em>ἀναιρέσεως</em></strong></span> <span class='ocrx_word' id='word_1_132' title='bbox 932 1694 1238 1769; x_wconf 89' lang='grc' dir='ltr'><strong><em>χρημάτων.</em></strong></span> <span class='ocrx_word' id='word_1_133' title='bbox 1327 1701 1375 1752; x_wconf 83' lang='lat'><strong><em>4.</em></strong></span> <span class='ocrx_word' id='word_1_134' title='bbox 1423 1695 1598 1755; x_wconf 83' lang='grc' dir='ltr'><strong><em>κακὸν</em></strong></span> <span class='ocrx_word' id='word_1_135' title='bbox 1640 1698 1700 1753; x_wconf 77' lang='grc' dir='ltr'><em>δε</em></span> <span class='ocrx_word' id='word_1_136' title='bbox 1729 1689 1863 1768; x_wconf 77' lang='grc' dir='ltr'><strong><em>ἦν’“</em></strong></span> <span class='ocrx_word' id='word_1_137' title='bbox 1828 1719 1900 1754; x_wconf 86' lang='grc' dir='ltr'><strong><em>αν</em></strong></span> 
     </span>
     <span class='ocr_line' id='line_1_20' title="bbox 283 1777 1895 1857; baseline 0.001 -22"><span class='ocrx_word' id='word_1_138' title='bbox 283 1784 434 1855; x_wconf 73' lang='grc' dir='ltr'><strong><em>κακῷ</em></strong></span> <span class='ocrx_word' id='word_1_139' title='bbox 480 1782 940 1853; x_wconf 82' lang='grc' dir='ltr'><strong><em>ἐπανακείμενον,</em></strong></span> <span class='ocrx_word' id='word_1_140' title='bbox 982 1780 1010 1837; x_wconf 87' lang='grc' dir='ltr'>ὁ</span> <span class='ocrx_word' id='word_1_141' title='bbox 1050 1779 1378 1854; x_wconf 81' lang='grc' dir='ltr'><strong><em>Καρνεάδης</em></strong></span> <span class='ocrx_word' id='word_1_142' title='bbox 1429 1785 1504 1857; x_wconf 78' lang='grc' dir='ltr'><strong><em>τῷ</em></strong></span> <span class='ocrx_word' id='word_1_143' title='bbox 1544 1777 1895 1856; x_wconf 67' lang='grc' dir='ltr'><strong><em>Ἀρκεσιλάω,</em></strong></span> 
     </span>
     <span class='ocr_line' id='line_1_21' title="bbox 281 1861 1958 1966; baseline 0.002 -47"><span class='ocrx_word' id='word_1_144' title='bbox 281 1862 356 1936; x_wconf 84' lang='grc' dir='ltr'><strong><em>μὴ</em></strong></span> <span class='ocrx_word' id='word_1_145' title='bbox 387 1863 628 1936; x_wconf 80' lang='grc' dir='ltr'><strong><em>χαλάσας</em></strong></span> <span class='ocrx_word' id='word_1_146' title='bbox 658 1888 709 1919; x_wconf 85' lang='grc' dir='ltr'><strong><em>τι</em></strong></span> <span class='ocrx_word' id='word_1_147' title='bbox 741 1864 992 1966; x_wconf 80' lang='grc' dir='ltr'><strong><em>σμικρὸν,</em></strong></span> <span class='ocrx_word' id='word_1_148' title='bbox 1021 1863 1124 1937; x_wconf 78' lang='grc' dir='ltr'><strong><em>ὑφ’</em></strong></span> <span class='ocrx_word' id='word_1_149' title='bbox 1161 1865 1226 1921; x_wconf 81' lang='grc' dir='ltr'><strong><em>οὐ</em></strong></span> <span class='ocrx_word' id='word_1_150' title='bbox 1250 1861 1352 1921; x_wconf 81' lang='grc' dir='ltr'><strong><em>οὐκ</em></strong></span> <span class='ocrx_word' id='word_1_151' title='bbox 1375 1862 1643 1938; x_wconf 86' lang='grc' dir='ltr'><strong><em>άπρακτοι</em></strong></span> <span class='ocrx_word' id='word_1_152' title='bbox 1667 1872 1895 1938; x_wconf 80' lang='grc' dir='ltr'><strong><em>ἔμελλον</em></strong></span> <span class='ocrx_word' id='word_1_153' title='bbox 1916 1890 1958 1922; x_wconf 84' lang='lat'><strong><em>20</em></strong></span> 
     </span>
     <span class='ocr_line' id='line_1_22' title="bbox 284 1942 1898 2026; baseline 0.001 -21"><span class='ocrx_word' id='word_1_154' title='bbox 284 1955 533 2020; x_wconf 82' lang='grc' dir='ltr'><strong><em>ἔσεσθαι,</em></strong></span> <span class='ocrx_word' id='word_1_155' title='bbox 566 1942 704 2004; x_wconf 83' lang='grc' dir='ltr'><strong><em>κατά</em></strong></span> <span class='ocrx_word' id='word_1_156' title='bbox 734 1973 829 2015; x_wconf 87' lang='grc' dir='ltr'><strong><em>τας</em></strong></span> <span class='ocrx_word' id='word_1_157' title='bbox 861 1947 967 2005; x_wconf 84' lang='grc' dir='ltr'><strong><em>ἀπὸ</em></strong></span> <span class='ocrx_word' id='word_1_158' title='bbox 998 1953 1098 2006; x_wconf 86' lang='grc' dir='ltr'><strong><em>τοῦ</em></strong></span> <span class='ocrx_word' id='word_1_159' title='bbox 1129 1952 1377 2006; x_wconf 79' lang='grc' dir='ltr'><strong><em>πιθανοῦ</em></strong></span> <span class='ocrx_word' id='word_1_160' title='bbox 1407 1951 1703 2022; x_wconf 84' lang='grc' dir='ltr'><strong><em>λεγομένας</em></strong></span> <span class='ocrx_word' id='word_1_161' title='bbox 1748 1946 1898 2026; x_wconf 74' lang='grc' dir='ltr'><strong><em>αὐτῷ</em></strong></span> 
     </span>
     <span class='ocr_line' id='line_1_23' title="bbox 279 2031 1895 2106; baseline 0.001 -16"><span class='ocrx_word' id='word_1_162' title='bbox 279 2031 505 2098; x_wconf 84' lang='grc' dir='ltr'><strong><em>θετικάς</em></strong></span> <span class='ocrx_word' id='word_1_163' title='bbox 548 2056 605 2089; x_wconf 89' lang='grc' dir='ltr'><strong><em>τε</em></strong></span> <span class='ocrx_word' id='word_1_164' title='bbox 637 2036 728 2090; x_wconf 85' lang='grc' dir='ltr'><strong><em>καὶ</em></strong></span> <span class='ocrx_word' id='word_1_165' title='bbox 760 2032 1057 2104; x_wconf 80' lang='grc' dir='ltr'><strong><em>ἀρνητικάς</em></strong></span> <span class='ocrx_word' id='word_1_166' title='bbox 1087 2040 1423 2106; x_wconf 73' lang='grc' dir='ltr'><strong><em>φαντασίας,</em></strong></span> <span class='ocrx_word' id='word_1_167' title='bbox 1465 2039 1564 2091; x_wconf 88' lang='grc' dir='ltr'><strong><em>τοῦ</em></strong></span> <span class='ocrx_word' id='word_1_168' title='bbox 1596 2035 1739 2091; x_wconf 81' lang='grc' dir='ltr'><strong><em>εἶναι</em></strong></span> <span class='ocrx_word' id='word_1_169' title='bbox 1767 2034 1895 2091; x_wconf 78' lang='grc' dir='ltr'><strong><em>τόδε</em></strong></span> 
     </span>
     <span class='ocr_line' id='line_1_24' title="bbox 279 2109 1893 2194; baseline 0.001 -20"><span class='ocrx_word' id='word_1_170' title='bbox 279 2142 330 2174; x_wconf 91' lang='grc' dir='ltr'><strong><em>τι</em></strong></span> <span class='ocrx_word' id='word_1_171' title='bbox 373 2121 509 2194; x_wconf 80' lang='grc' dir='ltr'><strong><em>ζῷον</em></strong></span> <span class='ocrx_word' id='word_1_172' title='bbox 548 2115 580 2188; x_wconf 76' lang='grc' dir='ltr'>ἢ</span> <span class='ocrx_word' id='word_1_173' title='bbox 633 2118 706 2190; x_wconf 86' lang='grc' dir='ltr'><strong><em>μὴ</em></strong></span> <span class='ocrx_word' id='word_1_174' title='bbox 754 2122 892 2194; x_wconf 79' lang='grc' dir='ltr'><strong><em>ζῷον</em></strong></span> <span class='ocrx_word' id='word_1_175' title='bbox 945 2119 1102 2175; x_wconf 79' lang='grc' dir='ltr'><strong><em>εἶναι.</em></strong></span> <span class='ocrx_word' id='word_1_176' title='bbox 1193 2123 1241 2174; x_wconf 90' lang='lat'><strong><em>5.</em></strong></span> <span class='ocrx_word' id='word_1_177' title='bbox 1297 2121 1457 2175; x_wconf 86' lang='grc' dir='ltr'><strong><em>τοῦτο</em></strong></span> <span class='ocrx_word' id='word_1_178' title='bbox 1500 2109 1604 2175; x_wconf 85' lang='grc' dir='ltr'><strong><em>οῦν</em></strong></span> <span class='ocrx_word' id='word_1_179' title='bbox 1641 2119 1893 2191; x_wconf 84' lang='grc' dir='ltr'><strong><em>ὑπανεὶς,</em></strong></span> 
     </span>
     <span class='ocr_line' id='line_1_25' title="bbox 282 2199 1895 2277; baseline 0.002 -19"><span class='ocrx_word' id='word_1_180' title='bbox 282 2199 467 2274; x_wconf 70' lang='grc' dir='ltr'><strong><em>ὥσπερ</em></strong></span> <span class='ocrx_word' id='word_1_181' title='bbox 508 2208 562 2259; x_wconf 76' lang='grc' dir='ltr'><strong><em>οἱ</em></strong></span> <span class='ocrx_word' id='word_1_182' title='bbox 602 2200 962 2276; x_wconf 82' lang='grc' dir='ltr'><strong><em>ἀναχάζοντες</em></strong></span> <span class='ocrx_word' id='word_1_183' title='bbox 1001 2207 1174 2277; x_wconf 83' lang='grc' dir='ltr'><strong><em>θῆρες</em></strong></span> <span class='ocrx_word' id='word_1_184' title='bbox 1215 2202 1527 2276; x_wconf 85' lang='grc' dir='ltr'><strong><em>βιαιότερον</em></strong></span> <span class='ocrx_word' id='word_1_185' title='bbox 1565 2206 1895 2277; x_wconf 73' lang='grc' dir='ltr'><strong><em>καὶμᾶλλον</em></strong></span> 
     </span>
     <span class='ocr_line' id='line_1_26' title="bbox 283 2284 1955 2360; baseline -0.001 -18"><span class='ocrx_word' id='word_1_186' title='bbox 283 2286 513 2352; x_wconf 76' lang='grc' dir='ltr'><strong><em>ἑαυτοὺς</em></strong></span> <span class='ocrx_word' id='word_1_187' title='bbox 556 2292 724 2344; x_wconf 79' lang='grc' dir='ltr'><strong><em>ἷεϊσιν</em></strong></span> <span class='ocrx_word' id='word_1_188' title='bbox 764 2294 844 2354; x_wconf 88' lang='grc' dir='ltr'><strong><em>είς</em></strong></span> <span class='ocrx_word' id='word_1_189' title='bbox 889 2288 983 2355; x_wconf 82' lang='grc' dir='ltr'><strong><em>τὰς</em></strong></span> <span class='ocrx_word' id='word_1_190' title='bbox 1015 2287 1230 2360; x_wconf 79' lang='grc' dir='ltr'><strong><em>αἰχμὰς,</em></strong></span> <span class='ocrx_word' id='word_1_191' title='bbox 1262 2284 1460 2354; x_wconf 81' lang='grc' dir='ltr'><strong><em>καύτὸς</em></strong></span> <span class='ocrx_word' id='word_1_192' title='bbox 1492 2287 1686 2353; x_wconf 78' lang='grc' dir='ltr'><strong><em>ἐνδοὺς</em></strong></span> <span class='ocrx_word' id='word_1_193' title='bbox 1718 2294 1892 2345; x_wconf 74' lang='grc' dir='ltr'><strong><em>ὃυνα-</em></strong></span> <span class='ocrx_word' id='word_1_194' title='bbox 1913 2310 1955 2342; x_wconf 78' lang='lat'><strong><em>25</em></strong></span> 
     </span>
     <span class='ocr_line' id='line_1_27' title="bbox 280 2364 1891 2446; baseline 0.001 -19"><span class='ocrx_word' id='word_1_195' title='bbox 280 2369 519 2443; x_wconf 77' lang='grc' dir='ltr'><strong><em>τώτερον</em></strong></span> <span class='ocrx_word' id='word_1_196' title='bbox 552 2376 831 2429; x_wconf 83' lang='grc' dir='ltr'><strong><em>ἐπελθεῖν.</em></strong></span> <span class='ocrx_word' id='word_1_197' title='bbox 883 2376 1007 2430; x_wconf 84' lang='grc' dir='ltr'><strong><em>ἐπεί</em></strong></span> <span class='ocrx_word' id='word_1_198' title='bbox 1024 2396 1084 2429; x_wconf 91' lang='grc' dir='ltr'><strong><em>τε</em></strong></span> <span class='ocrx_word' id='word_1_199' title='bbox 1106 2371 1379 2444; x_wconf 80' lang='grc' dir='ltr'><strong><em>ὑποσταίη</em></strong></span> <span class='ocrx_word' id='word_1_200' title='bbox 1410 2395 1469 2429; x_wconf 87' lang='grc' dir='ltr'><strong><em>τε</em></strong></span> <span class='ocrx_word' id='word_1_201' title='bbox 1499 2374 1591 2430; x_wconf 87' lang='grc' dir='ltr'><strong><em>καὶ</em></strong></span> <span class='ocrx_word' id='word_1_202' title='bbox 1624 2364 1688 2429; x_wconf 81' lang='grc' dir='ltr'><strong><em>εῦ</em></strong></span> <span class='ocrx_word' id='word_1_203' title='bbox 1715 2371 1891 2446; x_wconf 80' lang='grc' dir='ltr'><strong><em>τύχοι,</em></strong></span> 
     </span>
     <span class='ocr_line' id='line_1_28' title="bbox 279 2449 1891 2559; baseline 0.001 -48"><span class='ocrx_word' id='word_1_204' title='bbox 279 2458 581 2526; x_wconf 86' lang='grc' dir='ltr'><strong><em>τηνικαῦτα</em></strong></span> <span class='ocrx_word' id='word_1_205' title='bbox 623 2455 731 2529; x_wconf 79' lang='grc' dir='ltr'><strong><em>ἤδη</em></strong></span> <span class='ocrx_word' id='word_1_206' title='bbox 773 2459 863 2514; x_wconf 83' lang='grc' dir='ltr'><strong><em>καὶ</em></strong></span> <span class='ocrx_word' id='word_1_207' title='bbox 907 2449 973 2514; x_wconf 85' lang='grc' dir='ltr'><strong><em>οῦ</em></strong></span> <span class='ocrx_word' id='word_1_208' title='bbox 1004 2461 1378 2559; x_wconf 78' lang='grc' dir='ltr'><strong><em>προυδέδεκτο</em></strong></span> <span class='ocrx_word' id='word_1_209' title='bbox 1409 2456 1552 2514; x_wconf 79' lang='grc' dir='ltr'><strong><em>εκών</em></strong></span> <span class='ocrx_word' id='word_1_210' title='bbox 1581 2454 1768 2530; x_wconf 77' lang='grc' dir='ltr'><strong><em>ἠμέλει</em></strong></span> <span class='ocrx_word' id='word_1_211' title='bbox 1799 2458 1891 2514; x_wconf 85' lang='grc' dir='ltr'><strong><em>καὶ</em></strong></span> 
     </span>
    </p>

    <p class='ocr_par' dir='ltr' id='par_1_5' title="bbox 169 2539 1951 2952">
     <span class='ocr_line' id='line_1_29' title="bbox 169 2539 1890 2615; baseline 0.001 -20"><span class='ocrx_word' id='word_1_212' title='bbox 169 2563 262 2605; x_wconf 79' lang='lat'>(738)</span> <span class='ocrx_word' id='word_1_213' title='bbox 280 2563 384 2596; x_wconf 88' lang='grc' dir='ltr'><strong><em>ουκ</em></strong></span> <span class='ocrx_word' id='word_1_214' title='bbox 425 2542 704 2613; x_wconf 84' lang='grc' dir='ltr'><strong><em>ἐμέμνητο.</em></strong></span> <span class='ocrx_word' id='word_1_215' title='bbox 796 2547 843 2598; x_wconf 94' lang='grc'><strong><em>6.</em></strong></span> <span class='ocrx_word' id='word_1_216' title='bbox 892 2541 950 2598; x_wconf 82' lang='grc' dir='ltr'><strong><em>τὸ</em></strong></span> <span class='ocrx_word' id='word_1_217' title='bbox 993 2540 1096 2615; x_wconf 81' lang='grc' dir='ltr'><strong><em>γάρ</em></strong></span> <span class='ocrx_word' id='word_1_218' title='bbox 1137 2540 1344 2614; x_wconf 88' lang='grc' dir='ltr'><strong><em>ἀληθές</em></strong></span> <span class='ocrx_word' id='word_1_219' title='bbox 1382 2565 1441 2599; x_wconf 89' lang='grc' dir='ltr'><strong><em>τε</em></strong></span> <span class='ocrx_word' id='word_1_220' title='bbox 1471 2543 1563 2598; x_wconf 82' lang='grc' dir='ltr'><strong><em>καὶ</em></strong></span> <span class='ocrx_word' id='word_1_221' title='bbox 1594 2539 1655 2598; x_wconf 82' lang='grc' dir='ltr'><strong><em>τὸ</em></strong></span> <span class='ocrx_word' id='word_1_222' title='bbox 1685 2543 1890 2609; x_wconf 81' lang='grc' dir='ltr'><strong><em>ψεῦδος</em></strong></span> 
     </span>
     <span class='ocr_line' id='line_1_30' title="bbox 283 2623 1889 2700; baseline 0.001 -20"><span class='ocrx_word' id='word_1_223' title='bbox 283 2627 344 2680; x_wconf 84' lang='grc' dir='ltr'><strong><em>ἐν</em></strong></span> <span class='ocrx_word' id='word_1_224' title='bbox 373 2637 486 2689; x_wconf 80' lang='grc' dir='ltr'><strong><em>τοῖς</em></strong></span> <span class='ocrx_word' id='word_1_225' title='bbox 516 2623 833 2697; x_wconf 86' lang='grc' dir='ltr'><strong><em>πράγμασιν</em></strong></span> <span class='ocrx_word' id='word_1_226' title='bbox 865 2629 1070 2683; x_wconf 78' lang='grc' dir='ltr'><strong><em>ἐνεῖναι</em></strong></span> <span class='ocrx_word' id='word_1_227' title='bbox 1101 2629 1435 2700; x_wconf 79' lang='grc' dir='ltr'><strong><em>συγχωρῶν,</em></strong></span> <span class='ocrx_word' id='word_1_228' title='bbox 1483 2624 1667 2698; x_wconf 69' lang='grc' dir='ltr'><strong><em>ὥσπερ</em></strong></span> <span class='ocrx_word' id='word_1_229' title='bbox 1699 2628 1889 2697; x_wconf 80' lang='grc' dir='ltr'><strong><em>ξυνερ-</em></strong></span> 
     </span>
     <span class='ocr_line' id='line_1_31' title="bbox 280 2707 1951 2788; baseline 0.001 -23"><span class='ocrx_word' id='word_1_230' title='bbox 280 2707 572 2781; x_wconf 81' lang='grc' dir='ltr'><strong><em>γαζόμενος</em></strong></span> <span class='ocrx_word' id='word_1_231' title='bbox 623 2712 718 2781; x_wconf 84' lang='grc' dir='ltr'><strong><em>τῆς</em></strong></span> <span class='ocrx_word' id='word_1_232' title='bbox 764 2709 1033 2782; x_wconf 83' lang='grc' dir='ltr'><strong><em>ζητήσεως</em></strong></span> <span class='ocrx_word' id='word_1_233' title='bbox 1073 2709 1289 2788; x_wconf 76' lang='grc' dir='ltr'><strong><em>τρόπῳ,</em></strong></span> <span class='ocrx_word' id='word_1_234' title='bbox 1343 2713 1648 2767; x_wconf 83' lang='grc' dir='ltr'><strong><em>παλαιστοῦ</em></strong></span> <span class='ocrx_word' id='word_1_235' title='bbox 1701 2712 1887 2766; x_wconf 82' lang='grc' dir='ltr'><strong><em>δεινοῦ</em></strong></span> <span class='ocrx_word' id='word_1_236' title='bbox 1910 2730 1951 2762; x_wconf 76' lang='lat'><strong><em>30</em></strong></span> 
     </span>
     <span class='ocr_line' id='line_1_32' title="bbox 282 2790 1888 2867; baseline 0 -18"><span class='ocrx_word' id='word_1_237' title='bbox 282 2791 460 2866; x_wconf 82' lang='grc' dir='ltr'><strong><em>λαβὴν</em></strong></span> <span class='ocrx_word' id='word_1_238' title='bbox 504 2791 634 2859; x_wconf 81' lang='grc' dir='ltr'><strong><em>δοῦς</em></strong></span> <span class='ocrx_word' id='word_1_239' title='bbox 674 2800 1050 2867; x_wconf 89' lang='grc' dir='ltr'><strong><em>περιεγίγνετο</em></strong></span> <span class='ocrx_word' id='word_1_240' title='bbox 1093 2801 1275 2852; x_wconf 82' lang='grc' dir='ltr'><strong><em>ἔνθεν.</em></strong></span> <span class='ocrx_word' id='word_1_241' title='bbox 1351 2791 1489 2851; x_wconf 72' lang='grc' dir='ltr'><strong><em>κατὰ</em></strong></span> <span class='ocrx_word' id='word_1_242' title='bbox 1526 2790 1631 2867; x_wconf 83' lang='grc' dir='ltr'><strong><em>γάρ</em></strong></span> <span class='ocrx_word' id='word_1_243' title='bbox 1660 2790 1761 2865; x_wconf 85' lang='grc' dir='ltr'><strong><em>τὴν</em></strong></span> <span class='ocrx_word' id='word_1_244' title='bbox 1790 2797 1888 2851; x_wconf 88' lang='grc' dir='ltr'><strong><em>τοῦ</em></strong></span> 
     </span>
     <span class='ocr_line' id='line_1_33' title="bbox 281 2874 1888 2952; baseline 0 -18"><span class='ocrx_word' id='word_1_245' title='bbox 281 2883 526 2934; x_wconf 84' lang='grc' dir='ltr'><strong><em>πιθανοῦ</em></strong></span> <span class='ocrx_word' id='word_1_246' title='bbox 568 2876 747 2952; x_wconf 75' lang='grc' dir='ltr'><strong><em>ῥοπὴν</em></strong></span> <span class='ocrx_word' id='word_1_247' title='bbox 786 2877 1045 2951; x_wconf 79' lang='grc' dir='ltr'><strong><em>ἑκάτερον</em></strong></span> <span class='ocrx_word' id='word_1_248' title='bbox 1084 2876 1385 2952; x_wconf 75' lang='grc' dir='ltr'><strong><em>παρασχών</em></strong></span> <span class='ocrx_word' id='word_1_249' title='bbox 1435 2874 1729 2951; x_wconf 77' lang='grc' dir='ltr'><strong><em>οὐδέτερον</em></strong></span> <span class='ocrx_word' id='word_1_250' title='bbox 1769 2878 1888 2934; x_wconf 83' lang='grc' dir='ltr'><strong><em>εἷπε</em></strong></span> 
     </span>
    </p>
   </div>
  </div>
 </body>
</html>
