2014 3146
671 90 885 134 PRAEP.
908 90 1132 133 EVANG.
1165 92 1244 132 XI.
1276 93 1315 133 5.
1768 90 1797 141 7

189 207 463 279 αὐθέντης
506 204 692 279 νόμων
732 203 981 279 εὐσεβῶν
1009 210 1122 264 τῶν
1151 204 1287 279 πρὸς
1318 203 1490 263 αὐτοῦ
1520 211 1800 265 τεθέντων

188 290 566 364 ἀποφανθεὶς,
607 290 743 348 κατὰ
774 289 954 348 πάντα
987 295 1150 364 δῆλος
1180 286 1252 348 ἂν
1283 299 1367 364 εἴη
1397 294 1495 348 τοῦ
1526 293 1798 364 φιλοθέου
1824 310 1846 342 d

188 374 396 450 τρόπον
439 375 530 432 διὰ
569 379 664 448 τῆς
702 379 814 433 τῶν
853 375 1016 448 ἠθῶν
1055 380 1364 449 ἐπιμελείας
1399 373 1669 449 πρόνοιαν
1699 398 1800 432 πε-

190 463 513 534 ποιημένος,
558 458 744 532 ῶσπερ
783 452 888 517 οὗν
928 462 1020 517 καὶ
1059 464 1222 518 τοῦτο
1253 459 1552 533 προλαβών
1580 459 1609 517 ὁ
1640 458 1800 533 λόγος

145 565 166 597 5
192 549 252 602 ἐν
281 558 396 610 τοῖς
426 543 680 616 πρόσθεν
708 542 955 617 φανερὸν
984 543 1368 617 κατεστήσατο.
1417 550 1465 602 6.
1498 544 1712 619 μακρὸν
1749 543 1795 601 δ’

189 626 260 686 ἄν
293 638 378 701 εἴη
408 630 500 686 καὶ
531 627 657 696 τούς
687 631 808 702 ἑξῆς
837 627 972 702 μετὰ
1002 631 1216 686 Μωσέα
1245 627 1550 701 προφήτας,
1581 627 1710 696 τούς
1740 653 1799 687 τε

190 713 401 771 τούτων
431 711 861 787 προτρεπτικοῦς
890 713 994 786 μὲν
1024 710 1241 785 ἀρετῆς,
1272 710 1706 784 ἀποτρεπτικούς
1738 714 1800 770 δὲ

189 804 385 864 κακίας
423 793 639 869 ἀπάσης
689 795 885 870 λόγους
937 800 996 854 ἐν
1035 802 1180 875 τῶδε
1221 795 1685 869 καταβάλλεσθαι.
1746 804 1805 854 τί

190 881 242 938 δ’
301 891 356 938 εἴ
402 900 490 939 σοι
540 885 638 939 τοῦ
691 880 1018 953 σοφωτάτου
1071 885 1404 954 Σολομῶνος
1452 880 1548 949 τάς
1598 878 1800 954 ἠθικὰς

125 987 165 1019 10
190 969 565 1039 παραφέροιμι
616 971 1006 1038 διδασκαλίας,
1067 962 1155 1032 αἷς
1202 972 1411 1024 οἰκεῖον
1437 964 1628 1044 ,λόγον
1670 963 1800 1024 ἀνέ-

187 1061 357 1124 θηκε,
391 1049 724 1124 σύγγραμμα
754 1057 1066 1125 Παροιμίας
1098 1049 1469 1124 ἐπονομάσας,
1508 1049 1799 1124 ἐπιτόμους

188 1133 411 1208 γνώμας
441 1133 875 1208 ἀποφθέγμασιν
906 1139 1147 1204 ἐοικυίας
1175 1134 1445 1194 ὑποθέσει
1480 1134 1800 1208 περιλαβών

187 1224 312 1294 μιᾷς
362 1225 407 1276 7.
441 1221 533 1276 καὶ
563 1218 660 1277 τὸν
690 1221 793 1292 μὲν
823 1218 1028 1292 ἠθικὸν
1057 1219 1263 1293 τρόπον
1291 1219 1463 1295 ταύτῃ
1496 1242 1572 1293 πη
1603 1226 1798 1287 παῖδες

180 1299 480 1376 Ἐβραίων,
519 1307 578 1360 ἐκ
608 1308 861 1360 παλαιῶν
890 1306 1024 1376 πρὶν
1054 1301 1087 1376 ἢ
1118 1307 1210 1361 καὶ
1239 1304 1307 1362 τὰ
1336 1308 1526 1377 πρῶτα
1556 1319 1798 1378 στοιχεῖα
1818 1320 1910 1363 (513)

124 1409 166 1441 15
187 1398 394 1461 μαθεῖν
443 1385 737 1460 Ἕλληνας,
792 1385 956 1446 αὐτοί
999 1412 1060 1446 τε
1114 1387 1472 1446 ἐπαιδεύοντο
1535 1391 1627 1445 καὶ
1684 1403 1798 1455 τοῖς

187 1475 480 1544 προσιοῦσι
512 1475 607 1544 τῆς
638 1471 810 1544 αὐτῆς
842 1470 1109 1546 ἀφθόνως
1150 1471 1487 1531 ἐκοινώνουν
1525 1478 1795 1540 παιδείας.

314 1553 367 1603 V·
421 1558 532 1614 Καὶ
562 1554 658 1614 τὸν
689 1555 912 1629 λογικὸν
942 1558 1004 1614 δὲ
1033 1555 1242 1630 τρόπον
1268 1563 1364 1629 τῆς
1398 1556 1672 1631 Ἐβραίων
1702 1582 1799 1630 φι-

182 1647 451 1714 λοσοφίας
482 1638 576 1714 οὐ,
615 1640 873 1715 καθάπερ
901 1640 1130 1714 Ἕλλησι
1159 1648 1357 1715 φίλον,
1400 1639 1672 1714 δεινότητι
1703 1661 1799 1699 σο-
1822 1656 1844 1689 b

187 1724 480 1798 φισμάτων
509 1727 602 1783 καὶ
631 1734 912 1799 λογισμοῖς
942 1725 1078 1800 πρὸς
1107 1723 1325 1799 ἀπάτην
1347 1729 1798 1799 τετεχνασμένοις

124 1831 166 1864 20
189 1815 312 1867 δεῖν
351 1808 523 1885 ᾧόντο
563 1813 834 1883 μετιέναι,
875 1809 1180 1882 καταλήψει
1219 1812 1280 1868 δὲ
1310 1810 1480 1884 αὐτῆς
1509 1807 1797 1883 ἀληθείας,

186 1892 258 1967 ἣν
295 1893 406 1950 ὑπὸ
447 1901 612 1952 θείου
651 1894 832 1968 φωτὸς
870 1893 965 1962 τὰς
1005 1894 1184 1969 ψυχάς
1226 1896 1706 1967 καταυγασθέντες
1745 1899 1804 1952 οὗ

187 1977 316 2050 παρ’
366 1975 554 2046 αὐτοῖς
594 1977 864 2052 θεόσοφοι
914 1971 1082 2052 εὗρόν
1129 2003 1188 2036 τε
1237 1982 1330 2036 καὶ
1384 1983 1794 2054 ἐφωτίσθησαν.

186 2067 235 2120 2.
270 2059 358 2134 ἐφ’
392 2060 464 2135 ἣν
501 2061 812 2129 ἀκονῶντες
850 2061 982 2130 τούς
1018 2062 1085 2121 τά
1114 2070 1291 2122 οἰκεῖα
1329 2062 1629 2137 μαθήματα
1667 2086 1798 2121 παι-

189 2150 552 2220 δευομένους,
613 2146 795 2220 λόγων
848 2172 908 2206 τε
966 2145 1154 2215 αὐτοῖς
1214 2150 1382 2220 ἱερῶν
1439 2146 1796 2219 ἀπαγγελίας,

122 2251 165 2286 25
189 2235 446 2305 ἱστοριῶν
475 2255 533 2288 τε
562 2234 783 2304 σεμνῶν
815 2232 1142 2304 διηγήματα,
1176 2228 1340 2307 ᾠδῶν
1362 2254 1422 2288 τε
1444 2233 1537 2288 καὶ
1562 2234 1797 2308 ἐπῳδῶν

189 2318 486 2387 ἐμμέτρους
525 2316 848 2386 συνθέσεις,
889 2317 980 2371 καὶ
1019 2321 1098 2372 ἔτι
1134 2314 1496 2388 προβλήματα
1525 2318 1618 2372 καὶ
1649 2322 1795 2373 αἰνί-

188 2421 397 2470 γματα,
458 2404 557 2454 καί
601 2422 754 2464 τινας
796 2397 971 2472 σοφάς
1011 2402 1103 2456 καὶ
1145 2398 1511 2474 ἀλληγορικάς
1550 2407 1795 2474 θεωρίας

187 2481 322 2553 μετὰ
372 2480 607 2549 κάλλους
657 2480 938 2554 εὐεπείας,
992 2486 1081 2541 καὶ
1124 2487 1221 2557 τῆς
1261 2483 1398 2542 κατὰ
1437 2482 1540 2557 τὴν
1582 2490 1795 2542 οἰκείαν
1821 2509 1837 2531 c

186 2569 433 2637 γλῶτταν
464 2564 783 2639 εὐφραδοῦς
822 2564 1189 2642 ἀπαγγελίας,
1234 2571 1287 2637 ἐξ
1329 2575 1409 2626 ἔτι
1447 2574 1650 2642 νηπίας
1690 2593 1793 2625 αυ-

122 2670 163 2703 30
187 2664 299 2716 τοις
330 2655 707 2723 παρεδίδοσαν
735 2650 965 2723 ἡλικίας.
1032 2658 1080 2710 3.
1113 2655 1204 2710 ναὶ
1238 2652 1348 2725 μὴν
1377 2656 1470 2710 καὶ
1497 2656 1611 2710 τῶν
1639 2676 1789 2723 πρω-

186 2757 298 2791 των
318 2733 663 2807 μαθημάτων
687 2741 1027 2809 δευτερωταί
1042 2760 1186 2804 τινες
1210 2738 1353 2809 ἦσαν
1375 2735 1587 2803 αὐτοῖς·
1621 2734 1791 2811 (οὕτω

191 2818 251 2875 δε
280 2825 448 2890 φίλον
477 2842 604 2885 τους
630 2818 888 2892 ἐξηγητάς
910 2825 1022 2878 τῶν
1045 2817 1169 2894 παρ’
1195 2819 1382 2888 αυτοῖς
1411 2827 1647 2894 γραφῶν
1669 2819 1791 2878 ὀνο-
