2014 3146
558 116 770 158 PRAEP.
802 116 1021 158 EVANG.
1062 115 1168 156 ΧΠ.
1200 116 1269 155 45.
1300 116 1370 158 46.
1664 113 1761 165 131

153 252 239 300 σις
280 229 465 291 αὐτῶν
506 229 579 298 ῶς
617 230 864 305 ὁμοίωμα
903 228 1211 306 ἀνθρώπου
1264 229 1350 288 ἐπ’
1400 227 1618 303 αὐτοῖς,
1672 234 1763 288 καὶ

154 315 423 392 πρόσωπα
452 318 692 390 τέσσαρα
722 319 800 393 τῷ
830 319 926 374 ἑνί.
990 317 1082 373 καὶ
1112 314 1373 388 ὁμοίωσις
1403 321 1515 373 τῶν
1545 314 1766 389 προσῶ-

153 423 277 460 πων
322 400 534 474 αὐτῶν,
588 399 889 475 πρόσωπον
940 397 1275 474 ἀνθρώπου,
1329 402 1421 457 καὶ
1465 397 1765 474 πρόσωπον

152 489 372 553 λέοντος
412 488 471 543 ἐκ
513 488 708 553 δεξιῶν
746 498 859 552 τοῖς
890 487 1177 558 τέσσαρσι,
1220 487 1312 541 καὶ
1343 483 1642 559 πρόσωπον
1671 483 1765 558 μό-

110 595 130 628 5
154 588 290 645 σχου
316 573 368 639 ἐξ
393 568 698 644 ἀριστερῶν
720 583 834 637 τοῖς
856 571 1132 643 τέσσαρσι.
1167 570 1256 626 καὶ
1277 568 1577 642 πρόσωπον
1600 567 1766 626 ἀετοῦ

153 669 266 723 τοῖς
304 651 626 728 τέσσαρσι,”
702 655 791 711 καὶ
831 652 860 711 ὁ
902 652 1143 711 Πλάτων
1196 649 1397 726 ὁμοίως
1446 652 1688 712 ἄκουσον
1732 650 1766 710 ἅ

153 757 289 814 φησι

279 828 327 880 2.
367 819 537 882 τεΝῦν
568 821 668 895 δὴ,
713 827 882 894 ἔφην,
924 818 1074 898 αὐτῷ
1115 819 1530 894 διαλεγώμεθα,
1574 821 1763 894 ἐπειδὴ

156 905 715 982 διωμολογησάμεθα,
749 904 809 963 τό
838 928 896 963 τε
926 903 1144 964 ἀδικεῖν
1175 907 1266 963 καὶ
1296 904 1356 963 τὸ
1382 911 1570 963 δίκαια
1593 905 1735 981 πράτ

90 1022 130 1053 10
152 1016 296 1064 τειν,
327 988 399 1065 ἣν
432 989 691 1064 ἑκάτερον
722 996 832 1064 ἔχει
865 988 1120 1064 δύναμιν.
1184 994 1344 1059 Πῶςς
1378 997 1498 1064 ἔφη.
1555 988 1765 1048 Εἰκόνα

152 1075 461 1143 πλασαντες
490 1078 586 1148 τῆς
619 1079 798 1149 ψυχῆς
821 1073 997 1150 λόγω,
1030 1080 1123 1133 ἵνα
1155 1078 1280 1150 εἰδῇ
1309 1073 1337 1132 ὁ
1372 1077 1556 1133 ἐκεῖνα
1586 1077 1765 1148 λέγων

152 1167 279 1220 οἵαν
310 1167 476 1234 ἔλεγε.
521 1167 705 1218 Ποίαν
724 1158 875 1230 τινάς
906 1161 940 1232 ἠ
965 1157 1018 1216 δ’
1054 1158 1128 1227 ὅς.
1182 1163 1304 1218 Τῶν
1335 1158 1599 1218 τοιούτων
1621 1160 1763 1233 τινὰ,

151 1238 223 1318 ἦν
267 1242 324 1302 δ’
370 1242 518 1318 έγῶ,
554 1241 667 1302 οἷαι
719 1247 1166 1353 μυθολογοῦνται
1220 1247 1450 1302 παλαιαὶ
1500 1246 1766 1317 γενέσθαι

152 1329 379 1403 φύσεις,
411 1327 446 1402 ἤ
475 1353 535 1386 τε
565 1335 838 1402 Χιμαίρας
862 1331 954 1385 καὶ
985 1326 1018 1401 ἡ
1052 1328 1310 1401 Σκύλλης
1340 1331 1431 1385 καὶ
1455 1332 1764 1403 Κερβέρου,

89 1440 130 1473 15
153 1416 244 1471 καὶ
276 1411 438 1470 ἄλλαι
467 1414 611 1479 τινες
643 1415 845 1486 συχναὶ
875 1413 1128 1484 λέγονται
1167 1427 1590 1486 συμπεφυκυῖαι
1623 1415 1764 1470 ἰδέαι

153 1501 352 1556 πολλαὶ
377 1503 454 1564 εἰς
467 1502 528 1555 ἓν
550 1499 832 1570 γενέσθαι.
874 1501 922 1554 3.
939 1499 1208 1569 Λέγονται
1232 1496 1355 1571 γὰρ,
1382 1504 1503 1570 ἔφη.
1548 1497 1766 1556 Πλάττε

152 1589 347 1640 τοίνυν
385 1588 519 1655 μίαν
557 1583 659 1655 μὲν
691 1583 849 1638 ἰδέαν
879 1587 1086 1655 θηρίου
1117 1589 1372 1640 ποικίλου
1404 1584 1495 1638 καὶ
1526 1590 1766 1640 πολυκε-

153 1665 367 1740 φάλου,
408 1665 630 1741 ἡμέρων
673 1665 735 1723 δὲ
774 1672 995 1740 θηρίων
1035 1671 1252 1739 ἔχοντος
1294 1666 1538 1739 κεφαλὰς
1578 1665 1764 1744 κύκλῳ

153 1754 244 1808 καὶ
285 1749 524 1824 ἀγρίων,
564 1753 657 1807 καὶ
700 1755 943 1808 δυνατοῦ
982 1749 1348 1823 μεταβάλλειν
1390 1753 1481 1808 καὶ
1512 1749 1679 1822 φύειν
1712 1756 1763 1820 ἐξ

87 1863 130 1896 20
158 1833 330 1894 αὐτοῦ
360 1839 533 1892 ταῦτα
556 1833 750 1892 πάντα.
800 1839 1009 1893 Δεινοῦ
1032 1834 1300 1908 πλάστου,
1334 1842 1458 1908 ἔφη,
1490 1829 1550 1892 τὸ
1577 1842 1762 1910 ἔργον·

152 1918 298 1994 ὅμως
331 1916 406 1992 δ’,
441 1917 630 1991 ἐπειδὴ
662 1915 1102 1993 εὐπλαστότερον
1125 1926 1300 1994 κηροῦ
1324 1921 1416 1977 καὶ
1447 1923 1559 1978 τῶν
1587 1920 1765 1978 τοιού-

151 2027 265 2061 των
294 1999 322 2061 ὁ
354 2002 540 2076 λόγος,
572 2001 893 2079 πεπλᾴσθω.
968 2008 1017 2061 4.
1069 2011 1228 2062 Μίαν
1267 2002 1336 2076 δὴ
1367 2011 1560 2063 τοίνυν
1590 2005 1764 2078 ἄλλην

156 2091 312 2146 ἰδέαν
343 2090 580 2160 λέοντος,
612 2094 748 2161 μίαν
779 2088 842 2145 δὲ
871 2085 1206 2162 ἀνθρῶπου·
1239 2086 1382 2146 πολὺ
1415 2090 1474 2144 δὲ
1504 2090 1764 2160 μέγιστον

1786 670 1872 713 [361]

1792 1520 1813 1554 d

154 2179 293 2230 ἔστω
324 2170 383 2229 τὸ
415 2176 661 2246 πρῶτον,
709 2174 800 2228 καὶ
836 2171 1098 2244 δεύτερον
1128 2170 1187 2228 τὸ
1222 2171 1497 2244 δεύτερον.
1568 2171 1760 2245 Ταῦτ’,
1782 2193 1873 2234 (616)

89 2283 131 2316 25
155 2262 289 2329 ἔφη,
322 2255 465 2331 ῥᾴω,
498 2258 588 2312 καὶ
619 2257 939 2313 πέπλασται.
996 2255 1262 2312 Σύναπτε
1290 2261 1485 2312 τοίνυν
1516 2254 1654 2313 αὐτὰ
1686 2263 1763 2325 εἰς

156 2344 219 2396 ἓν
247 2345 372 2414 τρία
402 2338 554 2411 ὄντα,
587 2335 726 2396 ῶστε
756 2338 831 2410 πη
862 2341 1282 2413 ξυμπεφυκέναι
1303 2337 1574 2412 ἀλλήλοις.
1619 2347 1762 2407 Ξυν-

155 2427 348 2496 ῆπται,
401 2429 520 2496 ἔφη.
602 2428 961 2495 Περίπλασον
1021 2422 1088 2495 δὴ
1139 2421 1326 2491 αὐτοῖς
1380 2429 1589 2492 ἔξωθεν
1641 2425 1762 2493 ἑνὸς

155 2506 369 2580 εἰκόνα,
415 2505 517 2579 τὴν
555 2510 654 2564 τοῦ
699 2505 1034 2581 ἀνθρώπου,
1079 2505 1218 2566 ῶστε
1256 2511 1334 2586 τῷ
1361 2507 1435 2582 μὴ
1467 2511 1760 2587 δυναμένῳ

155 2590 219 2648 τά
253 2590 402 2660 ἐντὸς
441 2590 606 2666 ὀροῖν,
647 2588 786 2648 ἀλλά
815 2591 876 2649 τὸ
917 2595 1017 2660 ἔξω
1060 2591 1235 2666 μόνον
1267 2598 1498 2667 ἔλυτρον
1539 2592 1757 2668 ὁρῶντι,

91 2702 132 2736 30
157 2680 219 2733 ἓν
259 2679 396 2752 ζῷον
435 2682 770 2749 φαίνεσθαι,
809 2673 1126 2751 ἄνθρωπον.
1191 2681 1239 2734 5.
1290 2681 1758 2751 Περιπέπλασται,

271 2872 295 2910 6
328 2865 549 2923 Πλάτων]
583 2870 695 2922 Rep.
720 2871 760 2911 9.
783 2882 824 2921 p.
848 2870 941 2911 588.
