2014 3146
612 95 823 139 PRAEP.
857 96 1078 138 EVANG.
1110 97 1206 137 xv.
1241 97 1307 137 62.
1663 97 1767 148 415

157 217 380 269 σκοπῶν
421 208 568 278 ὅπως
609 208 638 269 ὁ
681 210 1017 286 καλούμενος
1057 207 1165 269 ὑπὸ
1206 215 1318 269 τῶν
1358 214 1638 286 σοφιστῶν
1679 211 1767 270 κό-

157 315 290 369 σμος
332 302 469 369 ἔχει,
522 298 614 353 καὶ
653 303 798 353 τίσιν
847 294 1111 369 ἀνάγκαις
1166 299 1367 354 ἕκαστα
1405 305 1617 369 γίνεται
1655 301 1767 354 τῶν

157 377 465 453 οὐρανίων,
507 377 643 437 ἄλλα
691 383 782 438 καὶ
826 379 955 447 τούς
994 387 1384 454 φροντίζοντας
1436 380 1502 437 τὰ
1540 384 1767 438 τοιαῦτα

156 471 535 538 μωραίνοντας
577 461 925 523 ἀπεδείκνυε.
1016 469 1063 521 2.
1126 467 1218 521 καὶ
1258 469 1480 538 πρῶτον
1517 466 1618 538 μὲν
1670 462 1810 522 avj-d

113 574 131 605 5
155 551 267 605 τῶν
301 547 519 606 ἐσκόπει
560 548 761 623 πότερά
803 571 934 606 ποτε
976 555 1299 622 νομίσαντες
1333 553 1535 616 ἱκανῶς
1565 549 1671 622 ἤδη
1702 547 1767 606 τα

154 631 487 706 ἀνθρώπινα
519 635 727 690 εἰδέναι
778 639 1028 706 ἔρχονται
1071 635 1159 689 ἐπὶ
1203 632 1262 690 τὸ
1293 636 1419 707 περὶ
1449 637 1561 691 τῶν
1591 632 1766 691 τοιού-

156 742 267 774 των
297 723 642 791 φροντίζειν,
686 713 718 789 ἢ
750 716 814 774 τα
846 719 946 790 μὲν
986 715 1321 791 ἀνθρώπινα
1363 720 1658 791 παρέντες,
1699 716 1765 774 τοὶ

157 800 413 873 δαιμόνια
461 803 520 858 δὲ
562 805 926 873 σκοποῦντες,
979 797 1245 874 ἡγοῦνται
1295 801 1361 858 τὰ
1415 800 1766 876 προσήκοντα

156 883 428 957 πράττειν.
518 890 565 942 3.
628 884 901 958 ἐθαύμαζε
943 886 1031 955 δὲ,
1086 891 1137 942 εἰ
1173 885 1247 958 μὴ
1289 884 1537 959 φανερὸν
1578 884 1763 952 αὐτοῖς

91 997 130 1027 10
158 973 306 1027 ἐστιν
335 967 416 1026 ὅτι
447 973 621 1026 ταῦτα
652 967 718 1026 οῦ
752 969 994 1028 δυνατόν
1026 972 1174 1026 ἐστιν
1203 968 1525 1042 ἀνθρώποις
1559 968 1763 1042 εὑρεῖν,

156 1056 272 1111 ἐπεὶ
313 1056 406 1110 καὶ
444 1053 570 1119 τοὺς
610 1057 838 1126 μέγιστα
878 1056 1225 1127 φρονοῦντας
1258 1056 1347 1111 ἐπὶ
1378 1056 1455 1130 τῷ
1484 1055 1610 1127 περὶ
1641 1052 1763 1110 τού-

152 1163 263 1194 των
305 1139 486 1210 λέγειν
525 1135 590 1195 οῦ
630 1137 800 1194 ταυτά
849 1137 1092 1207 δοξάζειν
1144 1136 1428 1210 ἀλλήλοις,
1482 1135 1621 1194 ἄλλα
1672 1141 1764 1194 καὶ

152 1237 264 1288 τοῖς
307 1226 656 1295 μαινομένοις
697 1221 898 1294 ὁμοίως
941 1228 1261 1279 διακεῖσθαι
1307 1220 1441 1295 πρὸς
1472 1220 1760 1294 ἀλλήλους.

151 1311 200 1363 4.
250 1309 361 1363 τῶν
402 1329 460 1362 τε
502 1306 604 1379 γὰρ
646 1308 998 1380 μαινομένων
1037 1307 1163 1373 τούς
1203 1307 1304 1379 μὲν
1346 1305 1480 1363 οὐδὲ
1510 1303 1576 1362 τά
1610 1305 1765 1364 δεινὰ

92 1418 130 1449 15
154 1393 426 1462 δεδιέναι,
467 1390 593 1456 τους
638 1392 698 1447 δὲ
730 1393 819 1447 καὶ
851 1389 916 1448 τά
947 1389 1020 1464 μὴ
1051 1389 1264 1463 φοβερά
1294 1397 1622 1465 φοβεῖσθαι·
1671 1393 1764 1447 καὶ

151 1490 264 1542 τοῖς
294 1476 395 1548 μὲν
425 1471 551 1531 οὐδ’
589 1477 647 1532 ἐν
678 1473 820 1552 ὅχλω
855 1480 1042 1533 δοκεῖν
1074 1473 1301 1547 αἰσχρὸν
1334 1474 1476 1533 εἶναι
1508 1476 1690 1546 λέγειν
1730 1470 1761 1547 ἢ

153 1572 332 1616 ποιεῖν
362 1555 581 1631 ὁτιοῦν,
615 1573 727 1624 τοῖς
761 1560 822 1616 δὲ
853 1558 974 1617 οὐδ’
1015 1560 1283 1632 ἐξιτητέον
1316 1565 1392 1626 εἰς
1423 1557 1762 1633 ἀνθρώπους

154 1644 296 1700 εἶναι
339 1647 550 1700 δοκεῖν·
599 1645 689 1699 καὶ
729 1642 856 1710 τοῦς
897 1643 999 1716 μὲν
1039 1641 1167 1700 οὔθ’
1217 1641 1367 1716 ἱερὸν
1408 1640 1536 1700 οὔτε
1571 1643 1761 1716 βωμὸν
1779 1666 1865 1707 (854)

152 1725 271 1784 οὔτ’
305 1725 437 1784 ἄλλο
467 1730 579 1784 τῶν
609 1733 786 1784 θείων
817 1725 987 1784 οὐδὲν
1018 1731 1208 1800 τιμᾶν,
1251 1725 1378 1794 τούς
1413 1729 1472 1784 δὲ
1504 1729 1595 1784 καὶ
1627 1727 1762 1795 ξύλα

88 1838 128 1870 20
152 1813 240 1868 καὶ
269 1804 470 1878 λίθους
500 1810 626 1878 τοῦς
658 1810 922 1884 τυχόντας
962 1814 1053 1869 καὶ
1083 1818 1257 1886 θηρία
1288 1813 1572 1883 σέβεσθαι.
1651 1816 1762 1868 τῶν

150 1920 207 1953 τε
238 1898 364 1969 περὶ
394 1898 488 1968 τῆς
519 1901 631 1952 τῶν
671 1894 897 1953 πάντων
939 1895 1160 1968 φύσεως
1202 1895 1599 1969 μεριμνώντων
1649 1911 1761 1962 τοῖς

150 1980 252 2052 μὲν
291 1985 479 2037 δοκεῖν
520 1985 580 2037 ἓν
619 1979 792 2053 μόνον
820 1980 879 2037 τὸ
910 1975 976 2038 ὂν
1008 1980 1180 2052 εἶναι,
1222 1995 1336 2047 τοῖς
1382 1982 1442 2037 δὲ
1473 1978 1671 2054 ἄπειρα
1699 1980 1758 2037 τὸ

152 2067 388 2135 πλῆθος·
437 2065 671 2131 καὶτοῖς
701 2065 804 2137 μὲν
844 2061 932 2120 άεὶ
973 2063 1153 2121 πάντα
1193 2074 1503 2135 κινεῖσθαι,
1543 2079 1656 2129 τοῖς
1698 2064 1761 2120 δὲ

151 2146 317 2204 οὐδὲν
355 2145 424 2203 ἄν
464 2169 595 2204 ποτε
635 2151 958 2220 κινηθῆναι·
1007 2151 1099 2205 καὶ
1138 2161 1250 2214 τοῖς
1290 2149 1392 2220 μὲν
1432 2146 1648 2204 ἅπαντα
1679 2154 1758 2219 γί-

87 2258 127 2289 —25
151 2239 392 2302 γνεσθαί
419 2256 477 2288 τε
508 2234 599 2288 καὶ
629 2230 999 2304 ἀπόλλυσθαι,
1024 2245 1137 2297 τοῖς
1165 2232 1226 2288 δὲ
1250 2228 1367 2288 οὔτ’
1402 2228 1472 2288 ἂν
1496 2234 1760 2304 γενέσθαι

151 2317 279 2373 ποτὲ
309 2312 476 2373 οὐδὲν
507 2314 633 2373 οὔτε
661 2312 984 2374 ἀπολέσθαι.
1073 2320 1120 2372 5.
1170 2313 1387 2373 ἐσκόπει
1421 2316 1481 2372 δὲ
1511 2317 1637 2388 περὶ
1662 2313 1760 2372 αῦ-

150 2403 261 2456 τῶν
293 2402 383 2456 καὶ
414 2397 572 2456 τάδε·
612 2391 708 2472 ἆρ’
746 2396 929 2474 ῶσπερ
961 2406 1018 2457 οί
1043 2397 1406 2474 τάνθρώπινα
1435 2398 1758 2473 μανθάνον-

151 2507 236 2551 τες
277 2481 544 2556 ἡγοῦνται
583 2477 744 2541 τοῦθ’
789 2483 819 2541 ὅ
860 2509 910 2540 τι
942 2479 1013 2542 ἂν
1042 2483 1301 2558 μάθωσιν
1332 2487 1546 2550 ἑαυτοῖς
1577 2507 1636 2541 τε
1667 2487 1755 2540 καὶ

151 2573 261 2625 τῶν
293 2565 475 2625 ἄλλων
505 2566 612 2644 ὅτῳ
643 2565 713 2624 ἂν
743 2566 1054 2640 βούλωνται
1085 2567 1363 2641 ποιήσειν,
1406 2566 1549 2626 οὕτω
1584 2571 1674 2625 καὶ
1705 2573 1762 2625 οἱ
1779 2594 1802 2625 b

88 2652 214 2710 30τά
250 2662 385 2718 Ιθεῖα
425 2655 708 2724 ζητοῦντες
759 2659 1101 2725 νομίζουσιν,
1158 2651 1384 2710 ἐπειδάν
1422 2657 1631 2725 γνῶσιν
1671 2649 1757 2717 αἷς

151 2735 414 2808 ἀνάγκαις
446 2741 647 2794 ἕκαστα
678 2743 948 2809 γίγνεται,
991 2737 1244 2810 ποιήσειν
1283 2736 1416 2793 ὅταν
1446 2735 1756 2808 βούλωνται

152 2823 244 2876 καὶ
283 2819 519 2894 ἀνέμους
563 2822 654 2877 καὶ
695 2819 872 2878 ὕδατα
903 2823 995 2878 καὶ
1027 2819 1170 2895 ῶρας
1203 2823 1293 2878 καὶ
1324 2819 1454 2878 ὅτου
1485 2816 1556 2877 ἂν
1585 2817 1755 2877 ἄλλου
