2014 3146
256 81 363 134 392
933 82 1183 124 EUSEBII

255 222 355 256 του
387 196 586 265 τάξεως
616 195 720 268 τὴν
749 194 1055 254 ὑπόστασιν
1087 199 1386 270 εἰληφέναι.
1456 201 1615 256 τοῦτο
1649 198 1711 255 δὲ
1741 195 1866 256 οὔτε

171 346 174 350 .
257 286 317 339 ἐν
348 295 460 347 τοῖς
493 279 630 338 κατὰ
653 283 816 354 μέρος
847 277 974 338 οὔτε
998 283 1058 337 ἐν
1080 295 1194 347 τοῖς
1229 278 1412 348 ἄλλοις
1446 279 1687 340 δυνατὸν
1716 283 1863 355 γενέ-

256 375 407 422 σθαι,
472 362 574 422 οὐκ
605 361 711 437 ἄρα
742 363 776 436 ἡ
801 364 951 437 ψυχὴ
982 360 1235 438 ἁρμονία.
1251 361 1282 383 ”

384 453 466 505 68.
508 454 694 506 Ταῦτα
725 448 826 521 μὲν
857 445 963 505 ἀπὸ
997 452 1109 506 τῶν
1133 456 1427 507 Πλωτίνου
1457 450 1592 524 πρὸς
1623 447 1725 522 τὴν
1753 453 1865 507 τῶν

258 536 528 590 Στωικῶν
570 534 698 607 περὶ
739 536 917 606 ψυχῆς
950 530 1145 605 δόξαν,
1188 525 1507 607 σωματικὴν
1537 531 1865 606 φασκόντων
1887 555 1913 588 5

258 615 434 688 αὐτὴν
476 616 631 674 εἶναι.
706 614 831 674 ἀλλ’
876 618 996 674 ἐπεὶ
1036 613 1320 691 αὐταρκως
1359 616 1426 674 τά
1464 641 1523 675 τε
1562 615 1697 691 πρὸς
1723 614 1868 690 Ἀρι-

257 703 518 773 στοτέλην
558 702 648 758 καὶ
687 698 786 759 τὸν
834 708 1185 776 Περίπατον,
1236 700 1303 759 τά
1341 724 1401 758 τε
1439 699 1575 774 πρὸς
1619 699 1720 773 τὴν
1757 704 1869 759 τῶν

212 809 233 840 d
258 789 528 843 Στωϊκῶν
560 790 803 858 αἵρεσιν,
837 783 910 852 ῶς
943 788 1003 842 ἐν
1035 788 1264 859 ἐπιτομῇ
1296 788 1718 860 παρατέθειμαι,
1753 782 1869 859 ῶρα

257 868 426 926 πάλιν
467 867 848 927 ἐπανελθόντα
886 872 998 926 τῶν
1048 876 1327 941 γενναίων
1367 868 1692 943 φιλοσόφων
1731 867 1872 942 ὁμοῦ

257 952 482 1010 πάντων
526 952 620 1020 τὰς
664 953 991 1027 θαυμαστὰς
1034 955 1439 1022 ἐπισκέψασθαι
1489 959 1867 1027 φυσιολογίας,
1893 976 1935 1009 ιο

257 1036 346 1094 ὅτε
377 1035 610 1111 μάλιστα
650 1042 847 1104 κοινῶς
889 1036 1090 1104 πάντες
1107 1036 1368 1110 ’Έλληνες
1409 1038 1577 1104 θεοὺς
1617 1036 1869 1111 ὃρατούς,

258 1119 418 1194 ἥλιον
459 1123 552 1178 καὶ
594 1119 836 1194 σελήνην
876 1123 968 1178 καὶ
999 1119 1126 1188 τοὺς
1158 1121 1382 1188 λοιποὺς
1413 1118 1673 1196 ἀστέρας,
1715 1119 1782 1177 τά
1811 1143 1871 1177 τε

257 1203 396 1262 ἄλλα
435 1207 574 1279 μέρη
615 1208 715 1262 τοῦ
755 1204 964 1279 κόσμου
995 1201 1275 1278 ἡγήσαντό
1315 1229 1375 1262 τε
1406 1208 1497 1263 καὶ
1531 1207 1870 1278 ε’σέφθησαν,
1944 1274 1951 1279 ἱ

258 1292 348 1345 καὶ
400 1288 495 1356 τοὶς
548 1312 613 1362 γε
651 1288 895 1363 μυθικὰς
936 1291 1029 1346 καὶ
1077 1288 1344 1364 ληρώδεις
1389 1287 1575 1347 αὐτῶν
1617 1291 1745 1360 περὶ
1774 1294 1871 1360 τῆς

258 1376 542 1431 πολυθέου
566 1372 777 1446 πλάνης
803 1372 1083 1447 διηγήσεις
1108 1376 1458 1448 σεμνοτέραις
1484 1371 1552 1447 δὴ
1576 1375 1667 1430 καὶ
1698 1390 1861 1446 φυσι-
1892 1393 1935 1426 15

258 1472 379 1524 καῑς
420 1454 757 1516 ἄποδόσεσιν
799 1460 888 1515 ἐπὶ
926 1456 992 1515 τὰ
1032 1473 1272 1532 στοιχεῖα
1312 1460 1404 1515 καὶ
1444 1458 1510 1515 τὰ
1539 1460 1639 1516 τοῦ
1667 1454 1871 1524 παντὸς

258 1541 468 1615 κόσμου
507 1541 671 1617 μόρια
713 1541 1123 1616 μετενηνόχασι.
1195 1548 1278 1600 69.
1316 1541 1401 1600 διό
1441 1567 1533 1616 μοι
1563 1538 1871 1614 αναγκαῖον

261 1626 404 1684 εἶναι
438 1632 589 1684 δοκεῖ
620 1628 711 1684 καὶ
755 1651 849 1694 τας
880 1628 1007 1700 περὶ
1047 1630 1225 1685 τῶνδε
1267 1623 1482 1694 δόξας
1457 1630 1596 1700 ομοῦ
1628 1645 1870 1698 συναγα-

259 1725 410 1783 γεϊν,
442 1735 537 1777 τας
566 1735 624 1768 τε
657 1709 968 1776 διαστάσεις
999 1708 1185 1768 αὐτῶν
1214 1713 1307 1768 καὶ
1337 1713 1436 1768 τοῦ
1463 1709 1644 1784 τύφου
1675 1708 1735 1766 τὸ
1765 1707 1870 1782 μά-

149 1819 241 1861 (836)
261 1818 417 1852 ταιον
461 1797 851 1869 ἐπιθεωρῆσαι.
934 1794 1097 1867 θήσω
1151 1795 1213 1851 δὲ
1264 1796 1356 1851 καὶ
1403 1797 1574 1851 ταῦτα
1619 1791 1726 1850 ἀπὸ
1775 1796 1870 1865 τῆς
1893 1814 1936 1846 20

260 1877 625 1952 Πλουτάρχου
655 1884 900 1952 γραφῆς,
936 1881 996 1936 ἐν
1025 1870 1063 1952 ᾗ
1090 1877 1185 1944 τὰς
1215 1880 1342 1952 περὶ
1374 1876 1586 1935 τούτων
1609 1873 1869 1935 ἆπαντων

260 1958 402 2035 ὁμοῦ
440 1966 553 2020 τῶν
593 1985 652 2019 τε
692 1965 1087 2036 πρεσβυτέρων
1130 1964 1221 2020 καὶ
1255 1963 1399 2021 νέων
1432 1960 1592 2030 δόξας
1623 1983 1872 2034 συναγα-

263 2046 379 2119 γῶν
408 2049 605 2104 τοῦτον
634 2045 837 2121 γράφει
867 2044 964 2104 τὸν
993 2045 1199 2119 τρόπον

152 2208 238 2249 ι48ει]
868 2183 1048 2260 “Περὶ
1083 2185 1256 2259 ἡλίου.

389 2309 558 2359 XXIII.
596 2295 1023 2373 Ἀναξίμανδρος
1062 2297 1268 2356 κύκλον
1315 2298 1457 2356 εἶναι
1486 2294 1870 2355 ὀκτωκαιεικο-
1891 2318 1935 2352 25

214 2404 235 2436 b
261 2388 609 2440 σαπλασίονα
647 2387 744 2455 τῆς
783 2387 914 2455 γῆς,
956 2381 1233 2460 ἁρματείω
1278 2386 1453 2459 τροχῶ
1484 2379 1871 2454 παραπλήσιον

260 2463 362 2538 τὴν
391 2465 565 2533 ἁψῖδα
597 2473 808 2539 ἔχοντα,
842 2473 1067 2541 κοίλην,
1100 2465 1282 2541 πλήρη
1313 2466 1517 2538 πυρὸς,
1559 2490 1622 2567 ης
1654 2489 1789 2523 κατα
1819 2489 1871 2522 τι

259 2553 421 2623 μέρος
468 2549 835 2623 ἐκφαινούσης
879 2549 970 2607 δια
1012 2558 1240 2623 στομίου
1282 2548 1340 2608 τὸ
1373 2554 1515 2624 πῦρ,
1559 2547 1745 2622 ῶσπερ
1779 2546 1869 2606 δια

260 2637 571 2709 πρηστῆρος
603 2630 806 2691 αὐλοῦ·
855 2637 947 2691 καὶ
977 2631 1129 2692 τοῦτ’
1165 2635 1307 2694 εἶναι
1337 2633 1434 2692 τὸν
1465 2631 1636 2707 ἥλιον.

267 2756 376 2763 ᾖ

373 2829 423 2867 21
458 2819 786 2881 Πλουτάρχου]
820 2828 910 2868 vol.
936 2829 974 2868 2.
1006 2842 1047 2880 p.
1074 2829 1154 2869 889
1179 2829 1208 2869 f.
