2014 3146
295 102 400 154 330
977 101 1222 142 EUSEBH

294 219 582 291 ταγμένοις
622 218 845 290 μέλεσιν
886 218 938 284 ἐξ
972 217 1170 287 ἑαυτῆς
1204 219 1263 273 ἐν
1292 219 1470 294 μέτρῳ
1500 218 1560 289 τὸ
1591 220 1900 291 σιτηρέσιον

298 303 635 374 διανέμουσα
684 302 772 357 καὶ
819 298 877 357 τὸ
919 304 1242 374 περιττεῦον
1284 303 1630 374 ἐκτιθεμένη·
1700 305 1792 360 καὶ
1835 327 1900 359 τα

293 385 435 442 ἄλλα
466 383 538 442 δι’
575 382 723 442 ὅσων
756 387 1012 458 ἐμφανῶς
1043 383 1075 485 ᾗ
1110 389 1375 457 διοίκησις
1415 388 1510 457 τῆς
1541 384 1899 459 ἀνθρωπείου

292 493 672 543 μεμηχανηται
705 472 986 542 διαμονῆς,
1021 493 1100 527 ων
1129 467 1328 542 ὁμοίως
1351 482 1464 536 τοῖς
1487 489 1727 569 αφροσιν
1751 477 1899 544 ἕχον-

294 579 383 622 τες
434 558 492 610 οί
528 556 691 627 σοφοὶ
729 551 830 626 τὴν
880 556 1078 626 χρῆσιν
1130 550 1231 610 οὐκ
1277 562 1492 626 ἴσχουσι
1531 551 1632 626 τὴν
1676 560 1898 626 γνῶσιν.

296 643 342 695 8.
391 642 447 695 οί
472 638 574 711 μὲν
603 636 709 712 γὰρ
743 644 821 705 εἰς
851 635 921 710 ἣν
952 634 1022 695 ἂν
1052 640 1325 709 οἰηθῶσιν
1355 635 1629 710 ἀθεότητα
1659 635 1760 710 τὴν
1793 641 1903 695 ἐπι-

296 722 781 796 στημονικωτάτην
822 724 948 793 περὶ
991 720 1215 779 πάντων
1265 725 1356 779 καὶ
1404 722 1506 795 τὴν
1556 729 1632 788 εἰς
1675 722 1904 789 ἑαυτοὺς

299 805 796 881 εὐεργετικωτάτην
825 803 1205 879 ἀναφέρουσιν
1234 811 1572 879 οἰκονομίαν,
1597 814 1904 879 κρείττονος

297 894 388 948 καὶ
419 898 579 957 θείας
618 889 791 958 ὄντως
830 889 1152 965 φρονήσεώς
1192 915 1250 948 τε
1296 893 1386 948 καὶ
1418 890 1704 964 δυνάμεως
1741 897 1903 964 ἔργον

296 972 470 1048 αὐτὴν
503 975 646 1033 εἶναι
677 974 1051 1048 πιστούμενοι,
1084 979 1140 1032 οί
1160 976 1220 1032 δὲ
1243 981 1511 1051 συντυχίᾳ
1535 978 1626 1032 καὶ
1649 973 1904 1047 συμπτώ-

298 1078 383 1117 σει
421 1062 535 1117 τῶν
576 1058 795 1133 ἀτόμων
836 1057 1091 1126 ἀσκόπως
1132 1057 1233 1132 τὴν
1272 1058 1742 1132 θαυμασιωτάτην
1771 1067 1905 1116 καλ-

298 1150 547 1217 λιεργίαν
585 1141 926 1201 ἀνατιθέασι.
1019 1149 1065 1201 9.
1123 1143 1226 1216 τὴν
1267 1144 1328 1200 δὲ
1382 1146 1775 1218 ἐνεργεστέραν
1826 1150 1902 1201 ἔτι

295 1227 509 1285 τούτων
551 1231 842 1294 ἐπίσκεψιν
883 1230 972 1285 καὶ
1011 1225 1114 1300 τὴν
1143 1234 1255 1285 τῶν
1302 1231 1615 1286 ἐνδοσθίων
1648 1226 1904 1286 διάθεσιν

298 1315 474 1386 ἰατροὶ
524 1337 626 1386 μεν
664 1309 905 1386 ακριβως
947 1311 1435 1385 διερευνησαμενοι
1486 1315 1578 1370 καὶ
1630 1319 1904 1369 καταπλα*

296 1398 484 1468 γέντες
527 1400 852 1465 ἐξεθείασαν
892 1396 992 1470 τὴν
1033 1395 1234 1470 φύσιν,
1275 1395 1430 1470 ἡμεῖς
1473 1398 1533 1454 δε
1562 1394 1799 1470 ὕστερον
1830 1421 1903 1463 ως

297 1477 366 1537 ἂν
397 1477 507 1538 οἶοί
532 1504 590 1538 τε
629 1481 922 1555 γενωμεθα
962 1478 1066 1539 κᾶν
1112 1484 1373 1553 ἐπιπολῆς
1402 1479 1902 1555 ἀναθεωρήσωμεν.

301 1570 379 1622 10.
429 1564 676 1624 καθόλου
708 1567 768 1623 δε
799 1568 890 1623 καὶ
922 1563 1245 1638 συλλήβδην
1274 1563 1405 1623 όλον
1428 1570 1590 1624 τοῦτο
1613 1564 1672 1622 τὸ
1703 1571 1906 1643 σκῆνος

294 1655 375 1716 τίς
405 1653 658 1707 τοιοῦτον
691 1653 1150 1724 ε’σκηνοποίησεν,
1192 1647 1437 1722 ὑψηλὸν,
1471 1648 1696 1722 όρθιον,
1740 1673 1907 1721 ευρυ-

295 1744 462 1806 θμον,
496 1731 850 1807 εὐαίσθητον,
885 1733 1195 1806 εὐκίνητον,
1229 1732 1488 1807 εὐεργὸν,
1529 1732 1906 1806 παντουργόν;

295 1813 329 1889 ἡ
362 1842 471 1874 των
502 1815 720 1891 ατόμων
761 1816 985 1890 ἄλογος,
1018 1820 1175 1891 φασὶ,
1208 1816 1441 1890 πληθύς.
1517 1816 1636 1874 ἀλλ’
1675 1814 1799 1875 οὐδ’
1833 1842 1902 1873 αν

298 1900 484 1958 εἰκόνα
516 1908 756 1975 πηλίνην
789 1906 994 1960 ἐκεῖναι
1026 1905 1403 1960 συνελθοῦσαι
1434 1900 1731 1973 πλασαιεν,
1776 1898 1901 1959 οὐδ’

296 1982 601 2059 ανδριαντα
642 1994 865 2044 λίθινον
905 1989 1152 2058 ξέσαιεν,
1194 1983 1318 2043 ουδ’
1362 1982 1432 2042 ἂν
1471 1991 1704 2043 εἴδωλον
1735 2009 1901 2057 αργυ-

295 2075 433 2139 ροῦν
473 2067 507 2142 ἢ
550 2075 794 2143 χρυσοῦν
833 2069 1182 2144 χωνεύσασαι
1212 2086 1606 2143 προαγαγοιεν
1658 2075 1738 2127 11.
1765 2068 1904 2126 ἀλλα

294 2155 478 2227 τέχναι
508 2157 599 2212 καὶ
630 2161 970 2229 χειρουργίαι
999 2153 1212 2212 τούτων
1234 2152 1332 2212 ὑπ’
1359 2153 1681 2226 ἀνθρώπων
1707 2151 1903 2226 εὕρην-

294 2262 381 2295 ται
414 2247 811 2312 σωματουργοί.
870 2264 948 2296 ων
981 2240 1038 2296 δε
1071 2237 1388 2297 ἀπεικασίαι
1419 2242 1510 2296 καὶ
1541 2245 1902 2346 σκιαγραφίαι

297 2326 423 2394 δίχα
455 2329 652 2395 σοφίας
682 2320 783 2381 οὐκ
813 2348 882 2380 αν
911 2326 1180 2396 γένοιντο,
1205 2346 1321 2391 πως
1344 2348 1408 2380 τα
1432 2322 1617 2396 ἀληθῆ
1642 2324 1730 2380 καὶ
1757 2345 1902 2395 πρω-

295 2403 503 2463 τότυπα
541 2406 752 2464 τούτων
805 2404 1120 2481 αυτομοέτως
1173 2410 1519 2481 συμβέβηκε;
1615 2412 1693 2464 12
1755 2404 1902 2480 ψυχὴ

298 2490 357 2546 δε
399 2491 491 2546 καὶ
532 2495 665 2557 νοῦς
705 2494 795 2548 καὶ
843 2490 1003 2564 λόγος
1043 2491 1222 2549 πόθεν
1264 2493 1519 2564 ἐγγέγονε
1559 2495 1635 2568 τῷ
1675 2488 1904 2563 φιλοσό-

295 2597 411 2649 φῳ;
482 2570 514 2645 ἢ
556 2574 704 2648 παρὰ
743 2579 854 2633 τῶν
893 2573 1125 2649 ἀψύχων
1164 2578 1256 2632 καὶ
1298 2574 1550 2648 ἀνοήτων
1590 2577 1681 2632 καὶ
1713 2571 1902 2646 ἀλογί-

295 2675 442 2714 στων
493 2654 711 2731 ἀτόμων
763 2658 915 2717 ταῦτ’
965 2658 1292 2734 ἠρανίσατο,
1344 2657 1618 2717 κάκείνων
1657 2651 1807 2734 αὐτῷ
1849 2683 1899 2714 τι

298 2739 496 2814 ἑκάστη
520 2741 698 2816 νόημα
723 2747 814 2800 καὶ
841 2742 1015 2817 δόγμα
1048 2747 1407 2813 ένέπνευσεν;
1471 2748 1548 2799 13.
1592 2744 1682 2799 καὶ
1715 2739 1899 2814 ὥσπερ

293 2821 615 2884 ὁ“Ησιόδου
665 2830 845 2900 μῦθος
897 2826 998 2900 τὴν
1048 2826 1367 2899 Πανδώραν
1418 2828 1594 2899 φησὶν
1638 2822 1746 2883 ὑπὸ
1791 2828 1900 2883 τῶν

1929 997 1968 1028 10

1930 1417 1966 1449 15

1927 1836 1967 1867 20

1926 2255 1966 2287 25

1925 2677 1964 2708 30
