2014 3146
643 123 855 166 PRAEP.
886 124 1108 167 EVANG.
1141 124 1221 166 XI.
1243 125 1281 167 6.
1714 125 1775 174 11

161 262 220 297 τε
259 241 351 296 καὶ
391 242 449 296 οἰ
481 234 590 296 ὑπὸ
632 252 746 304 τοῖς
788 237 1089 311 βαρβάροις
1129 243 1439 311 οἰκοῦντες,
1482 238 1631 314 παρὰ
1665 243 1808 297 τῶν·

166 321 467 397 βαρβάρων
499 322 776 395 εἰλήφασι.

302 412 374 466 Τί
397 399 503 464 οῦν
534 406 631 479 δή;

291 499 370 549 Εἴ
401 515 483 558 τις
515 498 697 564 ζητοίη
728 495 900 548 ταῦτα
929 490 1067 548 κατὰ
1096 490 1200 564 τῂν
1224 487 1548 565 Ἑλληνικὴν
1578 491 1777 565 φωνὴν

119 600 140 633 5
165 573 237 643 ὡς
269 574 521 643 ἐοικότως
560 588 763 648 κεῖται,
805 572 944 632 ἀλλὰ
984 574 1058 647 μὴ
1099 572 1221 632 κατ’
1258 580 1476 648 ἐκείνην
1517 579 1569 644 ἐξ
1610 569 1674 650 ἧς
1714 575 1775 634 τὸ

161 657 334 733 ὄνομα
363 658 622 733 τυγχάνει
653 657 738 731 ὂν,
770 659 940 717 οἶσθα
970 659 1054 716 ὅτι
1084 657 1318 732 ἀποροίη
1350 658 1433 718 ἅν.

290 742 588 810 Εἰκότως.”

289 833 335 885 8.
377 831 563 886 Ταῦτα
592 826 622 884 5
647 826 901 885 Πλάτων.
935 826 1147 900 φθάνει
1177 851 1240 900 γε
1265 826 1378 901 μὴν
1400 825 1572 886 αὐτὸν
1595 837 1775 886 Μωυ-

161 915 289 985 σῆς,
330 909 390 978 ὃς
430 909 520 969 οἷα
563 911 632 984 δὴ
663 911 833 985 σοφὸς
872 914 1179 985 νομοθέτης
1219 908 1299 969 ὢν
1339 911 1478 985 ὁμοῦ
1521 915 1615 975 καὶ
1652 917 1776 969 δια-

96 1023 137 1054 ιο
160 994 405 1062 λεκτικὸς
446 995 759 1054 ἐπάκουσον
797 1003 857 1053 τί
897 1003 1050 1070 φησί.
1115 995 1248 1053 “nal
1290 1002 1530 1054 ἔπλασεν
1568 998 1596 1054 5
1641 997 1774 1064 θεὸς
1792 1016 1886 1058 (516)

162 1084 223 1139 ἐκ
251 1085 348 1154 τῆς
377 1083 477 1154 γῆς
507 1079 689 1138 πάντα
718 1079 784 1138 τά
814 1088 990 1154 θηρία
1019 1085 1118 1137 τοῦ
1150 1077 1325 1155 ἀγροῦ
1356 1083 1449 1138 καὶ
1488 1082 1668 1139 πάντα
1707 1081 1774 1139 τὰ

161 1163 385 1223 πετεινὰ
433 1169 531 1222 τοῦ
582 1162 855 1238 οὐρανοῦ,
908 1169 1001 1222 καὶ
1051 1163 1261 1238 ἤγαγεν
1313 1164 1452 1223 αὐτὰ
1471 1164 1636 1267 πρὸς·
1677 1165 1775 1224 τὸν

155 1246 355 1322 Ἀδὰμ,
410 1255 554 1306 ἰδεῖν
602 1255 661 1306 τί
695 1251 916 1306 καλέσει
955 1247 1112 1307 αὐτά.
1185 1252 1278 1307 καὶ
1316 1253 1428 1308 πᾶν
1465 1246 1496 1307 5
1537 1247 1607 1307 άν
1649 1249 1774 1307 ἐκά-

161 1343 324 1391 λεσεν
373 1330 507 1390 αὐτὸ
551 1331 726 1406 Ἀδαμ
774 1335 960 1407 ψυχὴν
1009 1338 1218 1405 ζῶσαν,
1272 1339 1433 1391 τοῦτο
1482 1326 1554 1406 ἦν
1599 1333 1774 1408 ὄνομα

96 1442 137 1475 15
159 1416 348 1475 αὐτοῦ.
355 1415 384 1436 ”
464 1422 511 1474 9.
543 1415 635 1473 δια
666 1442 770 1491 γαρ
801 1421 902 1474 τοῦ
930 1417 1106 1490 φάναι
1147 1413 1329 1476 τοῦτο
1360 1410 1431 1491 ἦν
1461 1416 1637 1491 ὄνομα
1668 1417 1772 1475 αῦ-

158 1499 293 1559 τοῦ”
334 1507 392 1558 τί
427 1499 562 1558 άλλο
594 1525 628 1574 η
660 1501 800 1559 κατὰ
827 1500 1005 1573 φύσιν
1034 1512 1328 1559 τεθεῖσθαι
1361 1502 1456 1570 τὰς
1497 1520 1773 1576 προσηγο-

162 1592 286 1658 ρίας
315 1592 639 1659 παρίστησι;
685 1584 745 1644 τὸ
783 1585 890 1659 γὰρ
924 1587 1227 1659 ἐπικληθὲν
1255 1584 1405 1659 ἄρτι,
1445 1589 1583 1658 φησὶ
1612 1590 1773 1645 τοῦτο

81 1719 94 1731 .
158 1673 252 1727 καὶ
281 1669 451 1728 πάλαι
480 1669 750 1744 πρότερον
791 1673 851 1729 ἐν
889 1676 956 1744 τῇ
995 1669 1164 1743 φύσει
1202 1674 1586 1745 περιέχεσθαι,
1630 1672 1780 1728 εἷναί

159 1758 218 1811 23:
270 1756 364 1822 καὶ
397 1754 792 1829 ’προϋπάρχειν
851 1753 1061 1832 ἑκάστῳ
1120 1757 1230 1813 τῶν
1291 1757 1774 1828 ἐπωνομασμένων

97 1863 139 1897 20
159 1845 320 1897 τοῦτο
349 1836 550 1912 ὄνομα,
591 1837 727 1912 ὅπερ
758 1835 786 1896 ὁ
822 1838 1159 1913 δηλούμενος
1189 1837 1490 1914 ἅνθρωπος
1523 1839 1772 1897 ἐπιθειά-
1799 1858 1820 1890 b

160 1941 259 1990 σας
292 1922 528 1997 δυνάμει
558 1931 831 1995 κρείττονι
860 1927 1118 1982 τέθειται.
1214 1929 1292 1982 10.
1331 1926 1424 1981 καὶ
1454 1922 1589 1980 αὐτὸ
1623 1925 1682 1982 δε
1712 1924 1772 1981 τὸ

154 2005 345 2081 Ἀδὰμ,
371 2006 630 2081 Εβραῐον
658 2005 912 2083 ὑπάρχον
940 2007 1134 2082 ὄνομα,
1166 2008 1316 2082 παρὰ
1344 2014 1420 2084 τῷ
1446 2017 1647 2066 Μωσεῑ
1675 2012 1773 2066 τοῦ

160 2096 429 2165 γηγενοῦς
476 2090 786 2166 ἀνθρώπου
826 2091 1026 2166 γένοιτ’
1072 2090 1144 2150 ἂν
1195 2092 1518 2165 ἐπώνυμον,
1571 2089 1653 2148 ὅτι
1703 2091 1772 2164 δὴ

161 2175 292 2250 παρ’
330 2174 605 2250 Ἐβραίοις
638 2175 813 2249 Ἀδὰμ
850 2201 885 2248 η
927 2181 997 2248 γῆ
1038 2184 1313 2248 καλεῖται,
1364 2173 1492 2247 παρ’
1529 2171 1560 2231 ὃ
1609 2177 1701 2232 καὶ
1741 2174 1770 2233 5

96 2283 139 2316 25
161 2265 374 2333 πρῶτος
427 2259 665 2332 γηγενὴς
710 2259 919 2332 ἐτύμως
956 2257 1125 2333 Ἀδὰμ
1164 2257 1271 2316 ὑπὸ
1318 2261 1567 2325 Μωσέως
1617 2258 1770 2317 ἀνεί-

162 2367 337 2415 ρηται.
418 2349 498 2399 11.
533 2350 646 2416 ἔχοι
688 2341 740 2399 δ’
777 2338 848 2399 ἂν
878 2346 970 2400 καὶ
999 2341 1175 2417 ἄλλην
1205 2342 1239 2416 ἡ
1270 2348 1613 2417 προσηγορία
1647 2343 1770 2400 διά-

161 2450 349 2497 νοιαν,
383 2432 460 2493 είς
490 2426 550 2484 τὸ
585 2425 827 2500 ἐρυθρὸν
855 2431 1384 2501 μεταλαμβανομένη
1415 2430 1508 2484 καὶ
1537 2427 1639 2500 τὴν
1672 2432 1770 2485 τοῦ

161 2509 409 2583 σώματος
439 2515 760 2585 παριστῶσα
791 2510 978 2584 φύσιν.
1033 2510 1173 2569 ἀλλὰ
1202 2511 1299 2569 τὸν
1328 2513 1430 2585 μὲν
1459 2509 1646 2584 γεώδη
1677 2514 1768 2569 καὶ

160 2593 358 2666 γήινον
397 2597 489 2652 καὶ
528 2599 766 2668 γηγενῆ,
809 2593 842 2668 ἢ
883 2589 980 2653 τὸν
1019 2594 1333 2669 σωματικὸν
1371 2598 1464 2653 καὶ
1505 2594 1770 2668 σάρκινον
1793 2629 1810 2650 c

97 2701 138 2734 30
162 2676 495 2752 ἄνθρωπον,
536 2682 614 2755 τῷ
650 2683 748 2736 τοῦ
782 2678 955 2752 Ἀδὰμ
994 2679 1375 2753 ἐπεσημήνατο
1405 2679 1765 2753 προσρήματι.

166 2766 246 2818 12.
292 2767 522 2820 καλοῦσι
564 2763 623 2819 δὲ
663 2765 755 2819 καὶ
795 2761 974 2831 ἄλλως
1014 2769 1209 2830 παῖδες
1241 2763 1515 2837 Ἑβραίων
1543 2763 1641 2820 τὸν
1669 2762 1767 2820 ἄν·

162 2855 415 2917 θρωπον,
439 2844 607 2913 Ἐνώς
641 2846 1083 2920 ἐπονομάζοντες,
1113 2844 1179 2905 ὂν
1205 2846 1273 2920 δή
1296 2866 1470 2920 φασιν
1501 2847 1643 2904 εἶναι
1672 2847 1769 2903 τὸν
