2014 3146
636 105 851 148 PRAEP.
881 105 1100 148 EVANG
1135 107 1364 149 X111.13.
1691 107 1796 158 219

327 212 419 266 οὐκ
446 217 601 277 ἔστιν,
630 210 752 267 ἄλλα
777 215 1079 281 ταυτόματον
1106 213 1131 267 ὃ
1157 220 1376 284 γίγνεται

327 281 390 347 ὡς
418 279 547 352 ξ”τυχ
579 285 793 357 ἑκάστῳ,
822 285 1237 354 προσαγορεύεται
1264 285 1399 354 τύχη.

186 394 482 463 Σοφοκλῆς
515 390 577 446 δε
606 385 634 446 ὁ
666 390 1076 468 τραγῳδοποιὸς

325 493 439 548 οὐδὲ
465 484 603 557 θεοῖς
631 497 810 567 (λέγει)
839 491 1115 586 αυθαίρετα
1140 495 1302 550 πάντα
1327 498 1581 561 πέλονται,
1811 521 1905 563 (688)

137 590 159 621 5
324 566 474 632 νόσφι
505 566 652 628 Διός
690 574 852 629 κεῖνος
877 589 969 635 γαρ
998 570 1094 634 ἔχει
1121 569 1254 629 τέλος
1279 563 1369 633 ηδε
1394 590 1477 619 και
1504 563 1681 636 αρχήν.

181 670 211 728 ὅ
241 695 300 729 τε
324 670 560 746 Ὀρφεύς

320 781 376 830 ὲν
403 799 602 843 κρατός,
631 775 702 838 εἷς
729 780 916 843 δαίμων
942 778 1133 844 γένετο,
1136 780 1309 846 μέγας
1335 772 1548 845 ουρανὸς
1573 781 1770 846 αι’θων,
1813 794 1906 839 [403]

323 849 376 899 5v
405 849 456 900 ὂε
481 844 539 898 τὰ
565 847 727 898 πάντα
752 849 1001 915 τέτυκται,
1033 848 1085 898 ἐν
1116 847 1153 920 ᾧ
1183 848 1297 899 τοῖὁε
1334 869 1496 900 παντα
1522 856 1790 915 κυκλεῖται,

322 922 422 986 πῦρ
450 939 533 969 και
553 914 687 986 ὕδωρ
716 939 801 970 και
826 925 969 985 γαΐα,

116 1041 157 1072 10
181 1025 273 1080 καὶ
313 1021 379 1080 τὰ
421 1025 512 1080 ἐπὶ
551 1021 780 1088 τούτοις.
852 1027 935 1081 56.
979 1027 1265 1096 Πίνδαρος
1310 1024 1371 1080 δὲ
1422 1019 1450 1080 ὁ
1503 1023 1792 1098 μελοποιὸς
1817 1045 1838 1076 b

178 1105 299 1166 οἷον
331 1106 721 1181 ἐκβακχεύεται
752 1105 1013 1181 ἄντικρυς
1046 1105 1220 1165 εἰπών

321 1219 368 1266 τί
391 1213 538 1277 θεός;
566 1212 594 1265 ὅ
619 1236 665 1264 τι
693 1209 745 1265 τὸ
771 1217 874 1265 πᾶν

180 1321 272 1376 καὶ
306 1317 474 1376 πάλιν

321 1409 439 1473 θεὸς
466 1406 491 1462 ὁ
519 1409 683 1462 πάντα
709 1409 895 1477 τεύχων
921 1414 1135 1477 βροτοῖς,

115 1538 157 1570 15
183 1515 321 1573 ἐπὰν
355 1517 415 1573 δε
449 1524 577 1590 εἴπῃ

320 1611 369 1659 τί
391 1609 560 1659 ἔλπεαι
586 1610 770 1672 σοφίαν
796 1602 961 1673 ὀλίγον
988 1626 1060 1657 τοι
1088 1601 1216 1674 ἀνὴρ
1243 1601 1368 1674 υπὲρ
1395 1602 1620 1698 ἆνὸρος’
1602 1610 1755 1675 ε’ςχειν

320 1700 378 1729 τα
398 1682 536 1730 θεῶν
554 1675 865 1744 βουλεύματα
887 1677 1140 1742 ἐρευνᾶσαι
1165 1678 1344 1749 βροτέα
1363 1679 1510 1746 φρενὶ
1534 1677 1792 1732 δύσκολον·

319 1752 511 1810 θνατᾶς
540 1747 582 1799 δ’
613 1745 711 1799 ἀπὸ
739 1743 920 1815 ματρὸς
948 1749 1072 1813 ἔφυ,

179 1856 401 1911 ἐκεῖθεν
432 1859 637 1910 ἕσπακε
666 1850 770 1955 τὴν,
801 1848 1108 1910 διάνοιαν“
1114 1858 1195 1918 τίς
1228 1857 1370 1924 ἔγνω
1394 1857 1534 1910 νοῦν
1564 1861 1793 1926 κυρίους

115 1968 156 2000 20
179 1933 212 2010 ἢ
243 1944 324 2004 τίς
356 1936 670 2010 σύμβουλος
701 1935 878 1994 αυτοῦ
905 1934 1168 2009 ἐγένετο;’
1175 1932 1304 1994 ’57.
1332 1935 1470 1994 ἀλλὰ
1495 1941 1585 1995 καὶ
1610 1934 1794 1997 Ἡσίο-
1825 1982 1842 2004 0

181 2027 274 2089 δος
308 2020 380 2079 δι’
420 2023 498 2078 ὠν
528 2020 728 2097 γράφει
760 2020 991 2079 συναδει
1021 2035 1134 2088 τοις
1165 2024 1610 2095 προειρημένοις,

320 2128 510 2214 μάντις
521 2123 568 2178 δ’
599 2123 761 2189 οὐδείς
789 2128 918 2178 ἐστιν
945 2127 1246 2192 ἐπιχθονίων
1271 2122 1562 2194 ανθρωπων

323 2196 452 2259 όστις
478 2191 540 2248 ἂν
567 2200 723 2263 εἰδείη
749 2192 909 2263 Ζηνὸς
935 2197 1054 2247 νόον
1080 2193 1334 2263 αιγιόχοιο,

182 2300 404 2368 εἰκότως
444 2299 550 2374 ἄρα
596 2301 796 2358 Σόλων
835 2299 863 2357 ὁ
897 2298 1194 2373 Ἀθηναῖος
1239 2303 1298 2357 ἐν
1338 2313 1457 2367 ταῖς
1502 2303 1789 2375 ἐλεγείαις,

115 2415 160 2448 25
182 2388 274 2443 καὶ
306 2383 471 2452 αὐτὸς
503 2384 994 2457 κατακολουθήσας
1017 2383 1305 2462 (Ησιόδῳφ

325 2490 532 2559 πάμπαν
559 2487 608 2543 δ’
635 2489 904 2543 ἀθανάτων
930 2485 1128 2556 ἀφανὴς
1154 2489 1267 2554 νόος
1293 2486 1635 2562 ἀνθρώποισι,

185 2584 400 2660 γράφει.

308 2674 392 2727 58.
426 2667 609 2727 Πάλιν
638 2673 736 2726 τοῦ
769 2671 1020 2735 Μωσέως
1053 2676 1129 2737 εἰς
1169 2668 1415 2743 μόχθους
1455 2669 1547 2725 καὶ
1588 2665 1792 2733 πόνους
1820 2689 1843 2720 d

190 2753 281 2811 διὰ
311 2753 413 2827 τὴν
444 2752 761 2827 παράβασιν
792 2757 1047 2822 τέξεσθαι
1076 2752 1179 2827 τὴν
1207 2767 1448 2826 γυναῖκα
1479 2749 1795 2826 προφητεύ-

125 2859 167 2892 30
191 2856 390 2906 σαντος
421 2837 646 2911 ποιητής
677 2862 758 2905 τις
789 2835 892 2896 οὐκ
924 2836 1130 2912 ἄσημος
1160 2837 1362 2914 γράφει
