2014 3146
277 118 346 170 80
959 117 1207 159 EUSEBH

276 240 486 310 καρίοις
528 238 861 306 προστίθησι
894 235 1072 304 λέγων
1107 230 1206 288 “td
1241 231 1503 305 παράπαν
1543 235 1633 290 καὶ
1679 240 1757 301 εἰς
1788 232 1884 292 τὸν

229 343 251 375 d
279 326 463 377 ἔπειτα
493 314 747 390 χρόνον.”
823 313 961 372 ἄλλα
1001 317 1092 372 καὶ
1122 315 1182 372 τὸ
1213 314 1349 373 ἄνευ
1380 315 1639 389 καμάτων
1671 320 1883 391 εἰρημέ-

276 427 376 460 νον
416 398 517 458 ‘sm'
553 399 726 457 αὐτοῦ
754 397 946 472 ὅμοιον
974 396 1044 456 ἂν
1077 408 1160 471 εἴη
1191 403 1269 476 τῷ
1299 398 1554 475 “οἰπέδρα
1585 398 1760 474 ὀδύνη
1791 404 1882 459 καὶ

276 485 423 557 λύπη
454 486 547 541 καὶ
578 482 935 557 στεναγμός.”
1014 488 1092 540 lO.
1136 482 1369 556 φάσκων
1411 485 1470 541 δὲ
1509 483 1635 551 τοὺς
1668 488 1756 543 ἐπὶ
1786 485 1883 543 τὸν

268 569 563 643 Ἀχέροντα
601 571 1007 640 πορευομένους
1047 565 1120 640 μὴ
1161 565 1347 634 ἁπλῶς
1391 571 1479 625 ἐπὶ
1517 571 1712 627 τοῦτον
1753 567 1883 642 ἄφι-
1906 594 1926 626 5

276 663 563 725 κυεῖσθαι,
611 649 750 709 ἀλλὰ
789 649 1194 724 ἀναβαίνοντας
1234 650 1502 725 πρότερον
1532 650 1565 708 ἃ
1599 652 1667 725 δὴ
1699 651 1884 719 αὐτοῖς

274 734 518 811 ὀχήματα
559 739 699 809 ἐστι,
749 742 874 794 τίνα
916 737 1047 794 ποτὲ
1086 734 1192 807 ἄρα
1236 735 1301 792 τὰ
1339 733 1583 809 ὀχήματα
1625 735 1885 809 βούλεται

277 828 570 895 σημαίνειν
599 817 632 893 ἢ
663 818 728 878 τὰ
753 819 996 893 σώματα,
1025 826 1098 886 εἰς
1133 818 1166 876 ἂ
1198 818 1475 891 ἀναβᾶσαι
1507 826 1566 877 αἱ
1593 825 1706 878 τῶν
1735 844 1885 888 τετε-

277 904 623 979 λευτηκότων
653 906 826 978 ψυχαὶ
869 904 976 962 σὺν
1016 902 1204 970 αὐτοῖς
1243 907 1612 979 τιμωροῦνται
1651 903 1788 962 κατὰ
1817 904 1883 962 τὰ

277 988 406 1061 παρ’
435 988 709 1062 Ἑβραίοις
750 991 1147 1062 νενομισμένας
1223 986 1361 1045 ἀλλὰ
1401 987 1506 1062 γὰρ
1551 987 1750 1061 ἱκανὴν
1790 992 1882 1046 καὶ
1907 1014 1946 1045 10

275 1077 442 1131 τοῦδε
474 1077 570 1130 τοῦ
600 1071 768 1145 λόγου
810 1070 1162 1147 περιγραφὴν
1205 1071 1488 1146 εἰληφότος
1538 1075 1626 1130 ἐπὶ
1666 1071 1725 1130 τό
1774 1078 1883 1130 δω-

277 1160 509 1215 δέκατον
538 1161 632 1229 τῆς
656 1155 1036 1230 Εὐαγγελικῆς
1066 1161 1545 1230 Προπαρασκευῆς
1576 1156 1882 1230 μεταβήσο-

275 1267 372 1314 μαι
405 1241 749 1315 σύγγραμμα.

164 1579 255 1676 ἓὲἔοῗ
742 1573 998 1614 ΒΙΒΛΙΟΝ
1028 1573 1415 1614 ΔῼΔΕΚΑΤΟΝ.

225 1638 242 1668 6

171 1691 258 1765 (57ῗ)
399 1688 457 1745 Ὁ
502 1690 808 1754 δωδέκατος
846 1683 983 1760 ἡμῖν
1021 1694 1116 1760 τῆς
1159 1687 1537 1762 Εὐαγγελικῆς
1561 1699 1882 1762 ·Προπαρα-
1906 1711 1945 1743 15

277 1775 476 1844 σκευῆς
511 1774 742 1829 ἐνθένδε
772 1772 950 1829 ποθὲν
981 1770 1088 1846 ἤδη
1119 1773 1185 1829 τὰ
1219 1775 1477 1830 ἐνδέοντα
1519 1777 1594 1850 τῷ
1634 1775 1881 1850 προτέρω

275 1859 370 1928 τῆς
403 1854 701 1922 Πλάτωνος
733 1855 868 1930 πρὸς
900 1854 966 1912 τοὶ
990 1853 1263 1930 Ἑβραίων
1294 1856 1452 1929 λόγια
1483 1862 1783 1934 συνῳδίας,
1810 1856 1883 1925 ὥς

277 1943 338 1996 ἐν
367 1935 604 2015 ἁρμονία
636 1938 943 2013 συμφώνου
975 1939 1164 2014 λύρας,
1196 1938 1503 2013 ἀποδώσει,
1547 1940 1649 2014 τὴν
1680 1965 1882 2016 καταρ-

275 2023 379 2096 χὴν
412 2027 463 2091 ἐξ
496 2021 793 2096 ἀπολογίας
824 2027 920 2096 τῆς
951 2022 1099 2098 παρὰ
1128 2038 1241 2091 τοῖς
1272 2032 1493 2091 πολλοῖς
1517 2032 1882 2100 βλασφημού-

274 2111 441 2180 μένης
472 2104 629 2180 ἡμῶν
660 2115 893 2173 πίστεως
924 2107 1248 2182 ληψόμενος.
1904 2133 1945 2165 20

401 2197 448 2248 2.
486 2191 598 2249 “Ee
624 2193 725 2265 μὲν
755 2198 948 2250 τοίνυν
978 2191 1161 2266 ὀρθῶς
1192 2189 1225 2265 ἢ
1255 2190 1330 2265 μή
1359 2216 1438 2259 τις
1460 2194 1689 2293 ε’πιτιμᾷ
1717 2196 1786 2267 τῇ
1823 2217 1881 2250 τε

276 2281 573 2350 Λακωνικῇ
605 2279 698 2333 καὶ
728 2283 793 2350 τῇ
825 2280 1073 2349 Κρητικῇ
1102 2284 1378 2351 πολιτεία,
1411 2275 1567 2349 λόγος
1599 2301 1669 2335 αν
1700 2280 1880 2384 ε’τερος

278 2367 388 2429 εἰη·
436 2358 502 2414 τὰ
543 2365 680 2430 γοῦν
721 2359 991 2433 λεγόμενα
1033 2361 1166 2435 πρὸς
1206 2385 1317 2418 των
1357 2364 1578 2418 πολλῶν
1611 2370 1742 2427 ἴσως
1777 2361 1880 2434 ἐγω

275 2444 483 2513 μᾶλλον
515 2440 686 2514 ἔχοιμ’
714 2467 782 2499 αν
811 2439 968 2515 υμῶν
998 2441 1325 2519 ἀμφοτέρων
1355 2447 1550 2517 λέγειν.
1611 2442 1747 2518 ύμιν
1775 2445 1880 2519 γὰρ

112 2596 119 2600 ἢ
171 2530 329 2585 [3371εί
356 2527 446 2580 καὶ
477 2532 708 2598 μετρίως
739 2526 1168 2585 κατεσκεύασται
1198 2528 1263 2584 τὰ
1292 2533 1404 2585 τῶν
1427 2528 1633 2601 νόμων,
1667 2526 1744 2596 εἷς
1767 2553 1879 2587 των
1902 2552 1942 2584 25

237 2614 584 2665 οκαλλίστων
615 2604 684 2666 ἄν
716 2618 799 2682 εἴη
831 2608 1018 2682 νόμων
1047 2611 1118 2684 μὴ
1153 2619 1329 2682 ζητεῖν
1359 2636 1471 2669 των
1500 2614 1645 2668 νέων
1665 2614 1877 2685 μηδένα

279 2695 374 2748 ε’ἇν
405 2707 535 2749 ποῖα
566 2700 746 2758 καλῶς
778 2692 962 2750 αὐτῶν
992 2690 1026 2765 ἢ
1056 2693 1128 2767 μὴ
1154 2698 1332 2760 καλῶς
1357 2701 1484 2767 ἔχει,
1509 2699 1605 2771 μιᾷ
1630 2696 1691 2752 δὲ
1715 2699 1879 2769 φωνῇ

389 2859 439 2896 21
475 2854 537 2898 Εἰ
556 2854 643 2910 μὲν
666 2857 828 2899 τοίνυν
851 2857 922 2910 —]
956 2858 1091 2898 Plato
1115 2859 1226 2910 Leg.
1254 2861 1292 2898 1.
1317 2873 1357 2910 p.
1382 2860 1476 2902 634.
