2014 3146
581 144 797 190 PRAEP.
829 145 1208 190 EVANG.X111
1241 148 1306 187 14
1650 145 1755 199 225

145 285 272 327 τους
301 266 517 334 μείζους
546 267 701 327 τίνας
732 263 921 334 λέγεις.
982 258 1079 328 οὓς
1102 257 1354 328 Ἡσίοδός
1385 286 1444 319 τε
1474 264 1567 319 καὶ
1582 259 1755 336 Ὅμη-
1773 286 1860 329 (693)

146 371 259 422 ρος,
293 345 468 419 εἷπον,
499 344 632 419 ἡμῖν
657 347 913 419 ἐλεγέτην
935 348 1028 403 καὶ
1050 351 1108 403 οἰ
1126 344 1281 404 ἄλλοι
1305 352 1542 420 ποιηταί,
1602 338 1754 406 οὗτοι

145 429 251 506 γάρ
283 453 391 487 που
421 430 639 504 μύθους
668 443 781 497 τοῖς
804 427 1124 504 ἀνθρώποις
1151 437 1374 500 ψευδεῖς
1398 433 1754 499 συντιθέντες

147 514 338 588 ἔλεγόν
377 538 436 572 τε
478 517 568 572 καὶ
621 512 909 588 λέγουσι,”
965 515 1029 573 τὰ
1069 519 1247 593 μικρῷ
1288 514 1540 591 πρόσθεν
1570 527 1757 574 τεθει-

101 623 123 655 5
145 602 298 675 μένα.
365 605 410 656 7.
444 599 612 658 πάλιν
641 623 700 657 τε
731 598 902 658 αὐτοῦ
933 591 1003 701 ᾖν
1034 602 1126 657 καὶ
1156 601 1222 658 τὰ
1253 599 1326 658 δι’
1365 625 1444 659 ων
1475 608 1684 674 ἔφησεν

264 679 756 758 “Ἐξαλείψομεν’
734 683 870 757 ἄρα,
922 686 993 757 ἠν
1035 683 1084 741 δ’
1134 684 1264 758 ἐγώ,
1306 683 1412 742 ἀπὸ
1452 691 1617 744 τοῦδε
1657 689 1756 744 τοῦ

91 786 98 793 “
146 775 312 836 ἔπους
343 766 667 844 ἀρξάμενοι,
700 767 880 825 πάντα
911 768 976 825 τὰ
1006 772 1263 840 τοιαῦτα,

282 872 554 936 βουλοίμην
581 863 630 918 κ’
661 866 929 937 ἐπάρουρος
955 863 1051 919 ἐών
1077 870 1349 934 θητευέμεν
1375 864 1575 940 ἅλλῳ,”
1773 881 1862 922 [4s6]

145 969 237 1024 καὶ
266 966 332 1024 τὰ
364 969 511 1038 ἑξῆς·
560 964 634 1023 δι’
673 958 752 1023 ὧν
781 989 841 1023 τε
873 968 1120 1039 ἐπιλέγει
1783 989 1801 1019 ι»

83 1073 124 1105 10
274 1056 321 1109 8.
350 1047 378 1071 “
398 1050 582 1109 Πάλιν
615 1049 682 1123 δὴ
707 1047 945 1124 Ὁμήρου
971 1050 1290 1124 δεησόμεθα
1313 1053 1406 1108 καὶ
1431 1057 1542 1109 τῶν
1572 1048 1756 1109 ἄλλων

146 1139 390 1210 ποιητῶν
420 1133 494 1209 μὴ
526 1150 711 1193 ποιεῖν
735 1134 984 1209 Ἀχιλλέα
1015 1139 1152 1203 θεᾶς
1183 1141 1385 1208 παῖδα,

286 1233 450 1288 ἄλλοτ’
481 1235 560 1287 ἐπὶ
586 1231 801 1301 πλευρας
828 1239 1207 1301 κατακείμενον,
1236 1232 1406 1287 ἄλλοτε
1436 1231 1479 1286 δ’
1511 1257 1626 1288 αυτε

281 1303 521 1374 ύπτιον,”

148 1407 242 1462 καὶ
271 1403 338 1462 τὰ
367 1403 582 1471 τούτοις
614 1402 868 1477 ἑπόμενα.
931 1400 1013 1470 οἷς
1046 1403 1235 1476 ἐπάγει

83 1500 124 1532 ¹5
274 1495 321 1547 9.
346 1485 454 1546 ΜΗ
477 1495 608 1560 Δία,
640 1487 1038 1546 καθευδόντων
1060 1492 1172 1546 τῶν
1187 1486 1372 1546 ἄλλων
1393 1493 1547 1546 θεῶν
1575 1512 1634 1546 τε
1664 1491 1755 1546 καὶ

145 1570 466 1647 ἀνθρώπων
491 1572 564 1639 ὡς
582 1571 747 1646 μόνος
774 1571 1112 1647 ἐγρηγορώς,
1143 1569 1179 1630 ἃ
1210 1572 1599 1646 ἐβουλεύσατο,
1631 1572 1755 1631 τού-

146 1683 258 1716 των
288 1657 512 1715 ποὲντων
537 1662 743 1733 ῥαδίως
771 1656 1177 1731 ἐπιλαθόμενον
1211 1656 1300 1714 δια
1323 1657 1425 1730 τὴν
1449 1661 1561 1715 τών
1585 1656 1755 1731 ἀφρο-

148 1747 344 1800 δισίων
378 1745 710 1816 ἐπιθυμίαν,
743 1745 835 1799 καὶ
865 1741 1039 1810 οὕτως
1072 1745 1411 1815 ἐκπλαγέντα
1435 1742 1625 1800 ἰδόντα
1655 1740 1757 1815 τὴν

129 1824 341 1902 ΡΉραν,
387 1825 525 1884 ὥστε
563 1825 693 1900 μηδ’
740 1833 817 1894 εἰς
857 1825 917 1884 τὸ
960 1826 1237 1901 δωμάτιον
1281 1830 1472 1884 ἐλθεῖν
1517 1829 1753 1898 ἐθέλειν,
1779 1858 1795 1879 e

82 1931 124 1962 20
147 1909 272 1969 ἀλλ’
307 1908 478 1987 αὐτοῦ
518 1910 861 1984 βουλόμενον
903 1915 1070 1986 χαμαὶ
1111 1919 1483 1984 συγγίνεσθαι
1513 1910 1755 1985 κορύδου

151 2001 335 2070 δίκην·
380 1999 470 2053 καὶ
501 1999 731 2069 λέγοντα
764 1995 836 2062 ὡς
878 1994 1053 2062 οὕτως
1082 1995 1192 2054 ὑπὸ
1227 2000 1526 2070 ἐπιθυμίας
1558 2002 1754 2070 ἔχεται,

148 2079 221 2148 ὡς
251 2079 384 2139 οὐδὲ
413 2078 502 2138 ὅτε
533 2087 756 2154 πρῶτον
789 2084 1026 2154 ἐφοίτων
1056 2079 1191 2156 πρὸς
1222 2078 1494 2153 ἀλλήλους
1514 2126 1527 2152 ,

289 2191 464 2252 φίλους
490 2186 704 2265 λη’θοντε
728 2190 936 2254 τοκῆας,

150 2287 312 2347 οὐδε’
310 2288 488 2363 Ἀρεός
518 2313 577 2347 τε
607 2292 699 2347 καὶ
724 2287 1050 2365 Ἀφροδίτης
1079 2288 1188 2347 ὑπὸ
1211 2288 1518 2363 Ηφαίστου
1551 2287 1757 2363 δεσμὸν

85 2393 128 2426 25
155 2373 226 2431 δι’
266 2378 427 2448 ἕτερα
456 2372 717 2432 τοιαῦταῖ

282 2463 361 2516 10.
410 2459 508 2516 ,Ων
548 2463 747 2516 τοῦτον
795 2483 892 2517 τον
931 2458 1137 2531 τρόπον
1181 2460 1486 2533 εἰρημένων
1527 2465 1584 2515 τί
1622 2462 1757 2531 δῆτα

151 2542 410 2616 βούλεται
442 2541 590 2619 αὐτῷ
621 2539 654 2616 ἡ
685 2566 819 2616 μετα
849 2568 1020 2601 ταυτα
1050 2541 1210 2616 φωνὴ
1240 2567 1367 2610 τους
1398 2567 1501 2617 μεν
1531 2565 1757 2616 ποιητας

149 2631 305 2685 θεῶν
335 2634 538 2694 παῖδας
576 2626 947 2700 ὀνομάζουσα,
989 2630 1082 2685 καὶ
1111 2627 1171 2686 τό
1201 2653 1259 2685 τε
1289 2625 1543 2686 ἀπιστεῖν
1574 2624 1760 2693 αὐτοῖς

266 2837 290 2875 6
317 2827 659 2888 Ἐξαλείψομεν
679 2832 749 2888 -]
785 2835 919 2876 Plato
942 2837 1055 2888 Rep.
1081 2839 1121 2880 3.
1145 2850 1186 2888 p.
1211 2836 1306 2876 386.

242 2907 292 2945 15
313 2894 379 2946 ”H
397 2905 492 2946 Διά
515 2903 587 2957 ——]
619 2905 751 2946 Plato
774 2906 884 2957 Rep.
906 2908 931 2946 3
954 2920 996 2958 p.
1021 2908 1116 2947 390.

239 2986 468 3037 ERJSEBIUS
502 2990 554 3016 11.
1416 2975 1480 3026 15
