2014 3146
243 111 350 163 234
913 110 1162 152 EUSEBH

244 224 450 293 ἆδίκως
480 228 571 283 καὶ
601 225 783 291 ἀθέως
817 231 894 291 εἰς
923 223 983 282 τὸ
1013 229 1107 297 τῆς
1137 224 1331 293 τίσεως
1361 250 1420 283 τε
1451 229 1542 284 καὶ
1566 233 1721 301 δίκης
1756 233 1848 285 δε-

246 310 584 385 σμωτήριον,
617 306 646 366 ὃ
680 308 747 382 δὴ
787 308 1072 383 Τάρταρον
1103 313 1396 382 καλοῦσιν,
1440 313 1666 370 ἰέναι...
1702 318 1758 370 οἳ
1788 310 1840 368 δ’

245 392 315 452 ἂν
345 394 409 450 τὰ
451 400 648 468 ἔσχατα
687 391 992 466 ἀδικήσωσι
1032 396 1123 451 καὶ
1160 392 1251 451 δια
1291 394 1358 451 τὰ
1399 400 1622 453 τοιαῦτα
1653 393 1848 469 ἀδική-

244 503 386 552 ματα
417 475 630 537 ἀνίατοι
660 481 956 582 γένωνται,
1007 482 1065 535 ἐκ
1095 477 1309 536 τούτων
1338 478 1404 536 τὰ
1434 485 1850 554 παραδείγματα

244 570 522 665 γίγνεταιη,
564 566 655 620 καὶ
695 565 847 621 οὗτοι
886 562 1043 620 αὐτοὶ
1072 563 1175 636 μὲν
1205 560 1389 621 ούκέτι
1419 561 1723 637 ὀνίνανται,
1755 564 1849 623 άτε
1893 589 1913 622 5

125 669 223 714 [410]
244 672 456 705 ανιατοι
487 646 668 720 ὄντες,
714 647 868 706 ἄλλοι
911 649 969 705 δὲ
1001 647 1287 705 ὀνίνανται
1330 653 1387 706 οι
1420 647 1647 716 τούτους
1677 647 1850 723 ὁρων-

243 756 331 799 τες
366 730 457 789 διά
487 731 582 799 τας
622 729 888 808 ἁμαρτίας
929 729 1023 798 τάς
1054 739 1315 805 μεγίστας
1347 735 1438 790 καὶ
1468 731 1851 808 ὀδυνηρότατα

245 820 336 874 καὶ
386 816 746 892 φοβερώτατα
788 817 945 890 πάθη
997 815 1306 890 πάσχοντας
1348 817 1443 875 τὸν
1494 817 1579 875 ἀεὶ
1629 816 1849 892 χρόνον,

244 899 482 975 άτεχνως
522 908 940 975 παραδείγματα
971 898 1383 1010 ἀνηρτημένους
1427 906 1543 959 ἐκεῖ
1580 906 1640 959 ἐν
1656 901 1851 960 Ἀιδου

246 990 307 1043 ἐν
337 1010 411 1042 τω
444 992 829 1063 δεσμωτηρίω,
875 999 988 1051 τοις
1019 983 1104 1043 αεὶ
1134 1010 1246 1043 των
1275 983 1486 1044 ἀδίκων
1516 985 1851 1059 ἆφικνουμέ-
1875 1010 1915 1041 10

245 1094 360 1137 νοις
391 1069 643 1143 θεάματα
675 1074 767 1128 καὶ
796 1069 1198 1142 νουθετήματα
1207 1067 1239 1089 ”

127 1170 224 1214 (⁷00)
376 1160 454 1212 17.
509 1159 689 1213 Ταῦτα
729 1178 844 1222 πως
886 1180 955 1211 αν
997 1154 1223 1212 δύναιτο
1266 1154 1534 1213 συνάδειν
1569 1170 1683 1221 τοῖς
1725 1157 1852 1229 περὶ

243 1236 475 1313 αμοιβῆς
506 1239 793 1313 σωμάτων,
826 1264 859 1295 α
888 1238 990 1311 τὴν
1021 1238 1206 1312 ψυχὴν
1240 1259 1537 1312 μετιουσαν
1570 1245 1852 1312 αιρεισθαι

244 1323 548 1397 φάσκουσι,
592 1324 799 1398 λόγοις;
841 1347 957 1390 πως
997 1323 1100 1399 γὰρ
1132 1349 1202 1382 αν
1231 1320 1264 1396 ἡ
1297 1323 1436 1396 αὐτὴ
1467 1330 1729 1398 τιμωρίας
1760 1325 1851 1382 καὶ

247 1408 594 1481 δεσμωτήρια
634 1411 725 1466 καὶ
765 1407 1040 1482 τοσαύτην
1082 1414 1244 1480 δίκην
1285 1415 1362 1476 εἰς
1407 1408 1503 1466 τὸν
1533 1406 1621 1466 ἀεὶ
1650 1407 1852 1517 χρόνον
1874 1432 1915 1465 15

244 1518 377 1566 μετα
407 1492 510 1565 τὴν
543 1497 775 1552 ἐνθένδε
805 1491 1070 1566 τελευτὴν
1099 1490 1307 1566 υφέξει,
1341 1496 1432 1550 καὶ
1454 1492 1621 1551 πάλιν
1651 1498 1742 1551 οἵα
1771 1517 1852 1560 τις

245 1576 504 1650 ανειμένη
545 1581 636 1635 καὶ
679 1583 899 1652 δεσμων
941 1581 1210 1650 ἐλευθέρα
1250 1585 1408 1650 βίους
1448 1575 1612 1636 ἕλοιτ’
1656 1573 1726 1636 ἂν
1756 1575 1853 1645 οὓς

242 1688 314 1719 αν
347 1665 542 1738 ἐθέλῃ;
586 1670 636 1721 εἰ
668 1665 727 1721 δε
755 1662 821 1721 τὰ
851 1660 984 1722 καθ’
1019 1658 1230 1735 ἡδονὴν
1260 1665 1447 1736 μέλλοι
1477 1661 1645 1721 πάλιν
1675 1667 1854 1736 αιρεῖ-

245 1757 407 1819 σθαι,
441 1750 532 1804 καὶ
563 1751 675 1805 ποῦ
702 1748 763 1804 τὸ
803 1750 898 1818 τῆς
936 1746 1129 1813 τίσεως
1171 1770 1230 1803 τε
1261 1750 1352 1804 καὶ
1385 1751 1541 1820 δίκης
1576 1746 1852 1820 δεσμωτή-

246 1855 394 1899 ριον;
426 1838 597 1904 μυρία
631 1830 679 1888 δ’
718 1828 787 1888 ἂν
818 1834 909 1887 καὶ
933 1829 1072 1887 ἄλλα
1091 1855 1173 1896 τις
1206 1834 1294 1887 ἐπὶ
1325 1838 1522 1905 σχολῆς
1555 1829 1845 1903 ἐπιλάβοιτ’
1875 1853 1916 1886 20

245 1910 315 1971 ἂν
345 1918 445 1972 τοῦ
475 1914 670 1988 λόγου,
715 1908 793 1972 ὦν
823 1914 888 1971 οὐ
920 1914 1107 1987 καιρὸς
1138 1912 1239 1986 τὴν
1281 1915 1534 1972 διάνοιαν
1563 1915 1848 1987 μηκύνειν.

200 2004 331 2056 ³218.
365 2002 456 2056 καὶ
485 1998 546 2056 τὸ
584 2024 685 2073 μεν
725 2003 945 2072 πρῶτον
982 1996 1262 2105 ὀλίσθημα
1301 2004 1396 2071 τῆς
1426 2002 1524 2056 τοῦ
1553 1999 1853 2065 Πλάτωνος

245 2086 371 2157 περὶ
402 2090 581 2141 τῶνδε
613 2084 773 2156 δόξης
803 2082 975 2156 ταύτῃ
1007 2106 1082 2156 πη
1114 2087 1412 2155 πέφανται·
1474 2083 1533 2140 τὸ
1567 2080 1625 2140 δ’
1662 2087 1852 2156 ἕτερον

245 2171 339 2239 τῆς
370 2173 469 2225 τοῦ
503 2167 772 2242 δόγματος
808 2172 1131 2240 διασκευῆς,
1177 2165 1250 2224 δι’
1285 2193 1350 2225 ου
1389 2167 1448 2225 τὸ
1481 2171 1583 2240 μέν
1611 2192 1662 2224 τι
1691 2178 1853 2225 θεῖον

246 2256 336 2308 καὶ
390 2253 611 2325 λογικὸν
663 2253 801 2310 εἶναι
842 2256 937 2324 τῆς
969 2255 1176 2326 ψυχῆς,
1207 2251 1267 2309 τὸ
1300 2256 1365 2309 δέ
1400 2277 1452 2310 τι
1491 2255 1652 2325 μέρος
1684 2249 1852 2324 αυτῆς
1875 2274 1916 2307 25

245 2336 446 2408 ἄλογον
487 2339 578 2394 καὶ
610 2336 922 2410 παθητικὸν
961 2335 1258 2411 τυγχάνειν
1289 2335 1552 2409 ὡρίσατο,
1594 2339 1686 2393 καὶ
1717 2334 1852 2410 πρὸς

243 2424 355 2477 τῶν
385 2418 558 2478 αὐτοῦ
578 2428 874 2495 γνωρίμων
896 2423 1286 2493 κατέγνωσται,
1319 2417 1391 2487 ὡς
1412 2431 1618 2494 μαθεῖν
1639 2427 1853 2478 ἔνεστιν

246 2501 352 2561 ἆπό
382 2508 494 2561 τῶν
523 2508 755 2562 τοιῶνδε
786 2504 967 2577 λόγων

202 2622 223 2645 c
372 2599 514 2648 XVII.
557 2585 738 2661 “Περὶ
790 2590 851 2646 δὲ
897 2594 993 2660 τῆς
1033 2587 1170 2645 κατὰ
1211 2587 1487 2646 Πλάτωνα
1531 2594 1735 2661 ψυχῆς,
1779 2584 1850 2659 ῆν

246 2691 419 2746 φησιν
451 2676 503 2740 ἐξ
535 2670 788 2738 άπαθοῦς
821 2675 910 2729 καὶ
943 2677 1194 2745 παθητῆς
1216 2672 1409 2740 οὐσίας
1441 2675 1707 2744 συστῆναι
1737 2669 1848 2728 ὑπὸ
1872 2695 1914 2727 30

245 2760 342 2814 τοῦ
373 2760 543 2830 θεοῦ,
587 2753 656 2822 ὡς
699 2761 758 2813 ἐκ
799 2761 999 2814 λευκοῦ
1031 2759 1122 2813 καὶ
1164 2760 1397 2830 μέλανος
1436 2759 1547 2812 τῶν
1585 2758 1768 2828 μέσων
1797 2779 1849 2812 τι

244 2839 576 2916 χρωμάτων,
619 2844 802 2899 ἐκεῖνα
835 2847 1028 2915 ἔχομεν
1061 2847 1266 2913 εἰπεῖν,
1312 2839 1395 2898 ὅτι
1425 2838 1637 2913 ἀνάγκη
1669 2838 1848 2917 χρόνῳ
