2014 3146
255 151 324 203 36
929 152 1179 194 EUSEBII

253 273 485 339 σκευῆς,
541 265 852 323 ἐπάκουσον
893 262 982 324 οἷά
1022 285 1109 324 σοι
1149 275 1436 336 Πλωτῖνος
1501 271 1561 326 ἐν
1612 265 1696 337 οἷς
1736 270 1863 344 περὶ

255 354 368 408 τών
398 354 566 424 τριῶν
605 349 849 424 άρχικῶν
887 346 1250 409 ὑποστάσεων
1291 354 1556 421 συνέταξε
1598 357 1865 426 διασαφεῖ

255 434 490 509 γράφων

207 545 229 578 b
382 529 523 579 XVII.
574 516 841 592 “Κόσμον
882 517 1152 591 αἰσθητὸν
1191 517 1355 576 τόνδε
1386 527 1442 577 εἴ
1463 543 1544 586 τις
1573 519 1862 594 θαυμάζει,

258 611 334 670 εἴς
365 627 423 660 τε
461 600 521 659 τὸ
561 603 797 675 μέγεθος
837 605 929 660 καὶ
969 601 1029 660 τὸ
1069 601 1267 670 κάλλος
1307 605 1399 660 καὶ
1437 601 1540 676 τὴν
1577 603 1731 672 τάξιν
1769 608 1864 678 τῆς
1887 624 1906 656 5

254 689 429 760 φορᾶς
459 690 555 759 τῆς
586 685 772 745 ἀϊδίου
803 690 1054 760 βλέπων,
1096 688 1188 744 καὶ
1227 685 1398 754 θεοὺς
1436 687 1565 755 τοὺς
1605 692 1666 746 ἐν
1695 687 1863 766 αὐτῷ,

254 770 385 837 τοὺς
415 771 516 844 μὲν
545 767 890 844 ὁρωμένους,
922 771 1051 838 τούς
1084 773 1144 828 δὲ
1175 774 1266 828 καὶ
1296 769 1530 844 ἀφανεῖς
1560 770 1742 846 ὄντας,
1773 774 1864 829 καὶ

254 860 523 928 δαίμονας
553 857 644 912 καὶ
676 859 782 932 ζῷα
812 854 961 927 φυτά
990 880 1050 913 τε
1087 854 1294 928 πάντα,
1340 858 1428 913 ἐπὶ
1461 855 1521 914 τὸ
1556 853 1866 930 ἀρχέτυπον

256 936 429 996 αὐτοῦ
479 941 572 996 καὶ
616 937 676 996 τό
722 936 1138 1014 ἀληθινώτερον
1187 937 1427 1013 άναβας,
1478 937 1640 998 κάκεῖ
1685 939 1865 998 πάντα

258 1026 421 1080 ἰδέτω
452 1023 640 1096 νοητὰ,
673 1026 766 1080 καὶ
795 1021 919 1096 παρ’
948 1022 1134 1081 αὐτῶν
1164 1021 1319 1081 άΐδια
1351 1029 1411 1082 ἐν
1441 1030 1617 1100 οἰκεία
1641 1027 1863 1083 συνέσει
1887 1046 1926 1077 10

212 1140 231 1162 e
255 1109 346 1165 καὶ
380 1110 516 1182 ζωῇ,
561 1110 650 1164 καὶ
683 1106 896 1165 τούτων
925 1106 1021 1165 τὸν
1061 1105 1338 1182 ἀκήρατον
1378 1113 1518 1166 νοῦν
1551 1108 1865 1183 προστάτην

257 1194 348 1248 καὶ
380 1199 585 1264 σοφίαν
615 1190 914 1265 ἀμήχανον.
924 1190 954 1210 ”

382 1281 429 1376 2‘.
464 1274 596 1333 Εἶθ’
607 1279 755 1378 μ..ἑξῆς
785 1275 996 1342 τούτοις
1029 1277 1275 1349 ἐπιφέρει
1307 1278 1486 1348 λέγων

385 1356 524 1426 “Τίς
564 1361 666 1417 οὐν
705 1359 733 1417 6
774 1384 972 1418 τουτον
1021 1359 1320 1434 γεννήσας;
1366 1359 1395 1418 6
1446 1359 1655 1427 ἁπλοῦς
1705 1362 1796 1417 καὶ
1837 1358 1865 1417 6

140 1467 236 1513 [315]
256 1444 359 1516 πρὸ
400 1468 497 1501 του
535 1443 818 1516 τοιούτου,
859 1440 887 1502 ὁ
929 1453 1099 1511 αἴτιος
1137 1448 1235 1502 τοῦ
1266 1447 1359 1501 καὶ
1391 1444 1533 1502 εἶναι
1563 1447 1656 1502 καὶ
1685 1444 1863 1502 πολὺν
1889 1466 1929 1499 15

257 1530 399 1586 εἶναι
428 1531 650 1600 τοῦτον,
690 1526 718 1585 6
750 1526 847 1585 τὸν
876 1527 1119 1603 ἀριθμὸν
1149 1532 1349 1586 ποιιὸν·
1411 1527 1439 1585 6
1481 1528 1586 1603 γὰρ
1627 1527 1863 1602 ἀριθμὸς

254 1609 321 1669 οὐ
361 1616 598 1683 πρῶτος·
661 1614 753 1668 καὶ
793 1612 897 1685 γὰρ
933 1612 1039 1686 πρὸ
1068 1616 1163 1684 τῆς
1195 1612 1401 1679 δυάδος
1431 1611 1490 1670 τὸ
1521 1616 1608 1671 ἕν·
1674 1611 1866 1670 δεύτε-

255 1719 355 1770 ρον
388 1697 449 1752 δὲ
483 1694 639 1768 δυὰς,
672 1699 764 1753 καὶ
794 1696 942 1770 παρὰ
972 1699 1070 1754 τοῦ
1101 1696 1222 1763 ἑνὸς
1253 1699 1556 1770 γενομένη.-

383 1785 430 1836 3.
464 1782 574 1837 Καὶ
606 1779 774 1837 πάλιν
803 1778 1020 1852 ὑποβὰς
1052 1783 1290 1853 ἐπιλέγει

375 1862 559 1931 “Πως
590 1888 719 1936 ουν,
751 1867 844 1921 καὶ
873 1871 931 1921 τί
958 1870 1044 1922 δεῖ
1071 1871 1268 1937 νοῆσαι
1299 1867 1427 1939 περὶ
1459 1867 1635 1922 ἐκεῖνο
1665 1865 1861 1937 μένον,
1887 1889 1928 1920 20

257 1954 596 2022 περίλαμψιν
647 1950 698 2016 ἐξ
751 1947 922 2007 αὐτοῦ
968 1973 1100 2050 μεν,
1157 1951 1210 2016 ἐξ
1260 1947 1432 2006 αὐτοῦ
1472 1949 1532 2005 δε
1575 1950 1862 2021 μένοντος

259 2039 380 2090 οἱον
409 2028 571 2104 ἡλίου
601 2030 660 2089 τὸ
692 2034 818 2105 περὶ
852 2031 1023 2090 αυτὸν
1053 2035 1305 2107 λαμπρὸν
1334 2057 1453 2105 φως
1484 2036 1769 2106 περιθέον,
1812 2035 1864 2100 ἐξ

217 2139 239 2171 d
260 2114 430 2174 αὐτοῦ
464 2115 551 2174 ἀεὶ
591 2115 973 2190 γεννώμενον,
1017 2118 1279 2189 μένοντος
1315 2120 1391 2174 δέ.
1481 2121 1528 2174 4.
1563 2119 1654 2174 καὶ
1684 2115 1865 2175 πάντα

257 2200 323 2257 τὰ
352 2199 486 2258 ὄντα
517 2204 618 2267 ἕως
649 2202 828 2274 μένει,
871 2204 930 2258 ἐκ
960 2204 1055 2273 τῆς
1086 2199 1271 2259 αὐτῶν
1301 2200 1521 2274 οὐσίας,
1554 2198 1865 2273 ἀναγκαίαν

257 2282 361 2355 τὴν
391 2286 516 2358 περὶ
549 2309 688 2342 αυτα
717 2285 854 2358 πρὸς
883 2283 942 2342 τό
983 2291 1083 2354 ἔξω
1125 2309 1311 2344 αυτων
1353 2290 1412 2343 ἐκ
1444 2290 1539 2358 τῆς
1581 2284 1863 2359 παρούσης
1887 2308 1927 2341 25

260 2365 546 2440 δυνάμεως
599 2373 832 2426 δίδωσιν
881 2368 1068 2427 αὐτων
1120 2372 1490 2472 ἐξηρτημένην
1538 2365 1862 2443 υπόστασιν,

261 2449 447 2508 εἰκόνα
489 2453 663 2508 οὖσαν
701 2449 821 2509 οἷον
862 2451 1215 2526 άρχετύπων,
1268 2479 1348 2511 ων
1389 2458 1568 2527 ἐξέφυ.
1660 2459 1707 2510 5.
1752 2458 1863 2527 πῦρ

250 2559 361 2607 ,μεν
407 2533 509 2607 τὴν
557 2534 685 2609 παρ’
732 2534 883 2612 αὐτῷ
923 2537 1236 2610 θερμότητα
1277 2541 1366 2594 καὶ
1409 2562 1545 2611 χιων
1585 2534 1690 2594 οὐκ
1732 2546 1862 2594 εἵσω

258 2617 431 2691 μόνον
479 2618 538 2675 τὸ
590 2616 805 2693 ψυχρὸν
853 2623 1079 2692 κατέχει.
1152 2620 1384 2693 μάλιστα
1431 2622 1491 2678 δὲ
1534 2618 1636 2677 ’ὅσα
1679 2618 1862 2692 εὐώδη

259 2715 533 2776 μαρτυρεῖ
558 2701 759 2780 τούτῳ·
822 2707 923 2769 ἕως
953 2703 1056 2778 γάρ
1090 2708 1229 2777 ἐστι,
1263 2703 1485 2778 πρόεισί
1507 2727 1558 2761 τι
1591 2706 1643 2771 ἐξ
1676 2701 1861 2761 αὐτῶν
1884 2727 1924 2759 3ο

375 2898 394 2934 1
430 2893 687 2949 Πλωτῖνος]
724 2910 766 2948 p.
788 2896 923 2939 484d.
956 2897 1089 2939 486a.
1125 2897 1205 2936 487
1219 2897 1260 2936 d.
1293 2898 1387 2938 488.
1418 2899 1514 2938 489.
