2014 3146
617 111 833 154 PRAEP.
862 111 1082 154 EVANG.
1116 111 1240 154 XIV.
1274 113 1340 154 18.
1669 110 1774 163 309

163 225 310 294 ὅπως
353 228 534 284 ἐθέλει
575 251 655 294 τις
697 235 889 285 καλεῖν
930 226 1105 299 αὐτὴν
1134 225 1320 294 οὐδεὶς
1352 223 1422 284 ἂν
1454 219 1516 284 εὖ
1546 231 1774 301 φρονῶν

163 309 345 383 ὀρθὴν
376 311 518 368 εἶναι
560 319 699 384 φαίη
733 315 916 385 δῆλον.
985 312 1090 384 ε’γώ
1121 337 1222 384 μεν
1253 311 1357 386 γὰρ
1388 308 1520 368 οὐδε
1551 320 1774 384 φιλοσο-

163 400 303 468 φίαν
331 405 515 468 οἴομαι
547 401 668 453 δεῖν
697 392 984 468 ὀνομάζειν
1016 394 1208 469 αὐτὴν,
1235 395 1580 490 ἀναιροῦσάν
1611 420 1673 469 γε
1704 397 1772 468 δὴ

163 503 259 547 τας
289 483 390 537 τοῦ
418 487 750 553 φιλοσοφεῖν
780 477 964 555 ἀρχάς.
978 477 1005 500 ”

118 589 138 619 5
291 568 374 620 31.
433 568 615 621 Ταυτα
653 565 756 637 μὲν
796 589 899 623 ουν
939 588 1075 637 προς
1124 563 1251 631 τούς
1302 564 1439 621 κατὰ
1489 563 1774 638 Πύρρωνα

162 656 507 756 φιλοσοφεῖν
545 651 947 722 νομιζομένους.
1038 655 1282 722 συγγενῆ
1340 648 1390 705 δ’
1451 647 1636 714 αὐτοῖς
1687 658 1773 721 εἴη

160 728 231 789 ἂν
261 735 352 789 καὶ
383 731 447 790 τὰ
478 726 874 832 ἀναλεγόμενοι
914 732 1049 806 πρὸς
1090 732 1216 800 τοὺς
1257 733 1393 790 κατὰ
1418 730 1774 805 Ἀρίστιππον

159 814 256 874 τὸν
286 825 639 892 Κυρηναῖον,
680 815 822 889 μόνα
863 821 1123 889 λέγοντας
1155 818 1298 874 εἶναι
1326 841 1392 873 τα
1423 816 1579 890 πάθη
1611 842 1773 875 κατα-

159 898 350 1002 ληπτά.
433 899 778 974 Σωκράτους
823 898 876 957 δ’
914 903 1127 975 εταῖρος
1160 897 1187 958 ὃ
1215 898 1565 974 Ἀρίστιππος
1599 895 1696 974 ἦν,
1744 899 1771 963 ὁ

95 1010 135 1041 10
158 984 260 1056 τὴν
299 987 649 1059 καλουμένην
679 984 1046 1058 Κυρηναι“κὴν
1091 985 1503 1087 συστησάμενος
1535 990 1771 1059 αἵρεσιν,

158 1067 255 1141 ἀφ’
294 1093 358 1140 ης
387 1093 482 1137 τας
514 1068 766 1144 ἀφορμὰς
793 1067 1113 1142 Επίκουρος
1154 1069 1290 1144 πρὸς
1319 1069 1421 1144 τὴν
1450 1074 1548 1127 τοῦ
1579 1073 1769 1138 τέλους

159 1160 387 1210 έκθεσιν
419 1162 663 1227 εἴληφεν.
740 1178 812 1226 ην
854 1151 984 1211 δ’ὁ
1018 1152 1371 1227 Ἀρίστιππος
1413 1150 1580 1227 υγρός
1621 1153 1771 1212 πάνυ

159 1236 254 1294 τὸν
294 1243 421 1310 βίον
461 1241 553 1295 καὶ
594 1237 919 1311 φιλήδονος
989 1235 1113 1295 ἀλλ’
1159 1237 1329 1296 οὐδεν
1368 1264 1470 1312 μεν
1511 1240 1671 1307 οὗτος
1714 1243 1772 1297 ἐν

158 1325 234 1398 τῷ
275 1327 502 1398 φανερῷ
552 1325 680 1397 περὶ
719 1326 910 1390 τέλους
953 1326 1257 1397 διελέξατο,
1303 1322 1538 1396 δυνάμει
1580 1324 1643 1380 δε
1676 1329 1772 1396 τῆς

95 1431 135 1462 15
160 1405 517 1480 εὐδαιμονίας
558 1407 659 1480 τὴν
697 1406 1005 1465 ὑπόστασιν
1056 1415 1246 1480 ἔλεγεν
1287 1411 1346 1465 ἐν
1387 1404 1617 1480 ἡδοναῖς
1661 1423 1770 1466 κεῖ-

159 1500 308 1548 σθαι.
378 1489 464 1548 ἀεὶ
504 1516 609 1565 γαρ
653 1491 852 1564 λόγους
893 1494 1020 1566 περὶ
1060 1489 1266 1564 ηδονῆς
1313 1491 1641 1565 ποιούμενος
1694 1499 1772 1558 είς

156 1573 409 1643 ὑποψίαν
439 1599 538 1648 ηγε
567 1577 695 1643 τοὺς
726 1575 1053 1650 προσιόντας
1085 1573 1234 1653 αὐτῷ
1276 1580 1374 1635 τοῦ
1406 1579 1589 1648 λέγειν
1619 1579 1771 1643 τέλος

159 1659 303 1715 εἶναι
324 1659 384 1716 τὸ
409 1657 587 1731 ἡδέως
611 1663 722 1733 ζην.
769 1665 853 1717 32.
873 1660 1072 1718 τούτου
1102 1662 1332 1734 γέγονεν
1363 1658 1633 1734 ἀκουστὴς
1664 1660 1772 1718 σὺν

158 1740 344 1809 ἄλλοις
375 1746 467 1800 καὶ
497 1742 531 1816 ἡ
563 1743 816 1818 θυγάτηρ
842 1744 1014 1803 αὐτοῦ
1041 1742 1265 1818 Ἀρήτη·
1313 1742 1430 1817 ἥτις
1453 1745 1771 1818 γεννήσασα

94 1852 134 1883 20
157 1833 331 1884 παῖδα
363 1826 651 1901 ὠνόμασεν
679 1826 1060 1902 Ἀρίστιππον,
1103 1827 1164 1896 ὃς
1209 1832 1490 1902 εἰσαχθεὶς
1531 1828 1629 1887 ὑπ’
1667 1829 1765 1887 αὐ-

156 1936 251 1983 της
303 1918 379 1978 εις
420 1912 618 1984 λόγους
667 1920 999 1987 φιλοσοφίας
1050 1920 1482 1988 μητροδίδακτος
1533 1913 1767 1987 ἐκλήθη

154 2020 214 2061 ος
245 1999 335 2053 καὶ
369 2015 559 2069 σαφως
592 1994 832 2101 ωρίσατο
862 2001 1016 2066 τέλος
1048 1999 1190 2056 εἶναι
1214 1998 1273 2055 τὸ
1298 1994 1475 2071 ηδέως
1500 2003 1616 2071 ζῆν,
1641 1995 1768 2071 ηδο-

155 2079 261 2151 νὴν
293 2079 566 2137 ἐντάττων
595 2082 696 2154 τὴν
729 2107 866 2139 κατα
896 2093 1131 2155 κίνησιν.
1207 2096 1354 2155 τρεῖς
1393 2107 1499 2154 γαρ
1533 2089 1637 2155 ε’φη
1668 2107 1769 2139 κα-

154 2162 441 2230 ταστάσεις
474 2164 618 2222 εἶναι
647 2168 774 2239 περὶ
805 2165 907 2238 τὴν
937 2165 1209 2239 ημετέραν
1239 2165 1571 2238 σύγκρασιν·
1633 2173 1767 2238 μίαν

92 2272 132 2303 25
156 2248 258 2320 μὲν
289 2247 418 2305 καθ’
456 2246 526 2320 ἣν
556 2246 863 2322 άλγοῦμεν,
907 2253 1154 2307 ἐοικυῖαν
1193 2254 1267 2326 τῷ
1302 2250 1439 2306 κατὰ
1469 2248 1767 2308 θάλασσαν

156 2335 407 2405 χειμῶνι’
466 2334 658 2407 ἑτέραν
699 2335 760 2391 δὲ
800 2331 935 2391 καθ’
968 2331 1038 2405 ἣν
1070 2330 1353 2407 ἡδόμεθα,
1397 2339 1471 2410 τῷ
1504 2342 1634 2411 λείῳ
1667 2335 1768 2391 κύ-

156 2440 284 2487 ματι
323 2413 798 2490 άφομοιουμένην
871 2418 1010 2476 εἶναι
1059 2418 1164 2491 γὰρ
1204 2426 1361 2476 λείαν
1404 2426 1626 2491 κίνησιν
1667 2419 1768 2492 τὴν

155 2499 387 2571 ἡδονὴν,
419 2499 590 2576 ουρίω
622 2505 1121 2576 παραβαλλομένην
1150 2499 1362 2580 ἆνέμω
1410 2501 1513 2575 τὴν
1554 2505 1614 2560 δε
1654 2511 1766 2576 τρί·

154 2608 257 2654 την
287 2587 460 2657 μέσην
493 2586 634 2642 εἶναι
666 2585 1020 2658 κατάστασιν,
1052 2586 1184 2644 καθ’
1222 2585 1292 2660 ἣν
1327 2585 1454 2645 οὔτε
1489 2585 1768 2661 άλγουμεν

90 2690 131 2722 3ο
155 2666 283 2726 οὔτε
323 2667 607 2742 ηδόμεθα,
640 2669 852 2768 γαλήνη
884 2678 1278 2743 παραπλησίαν
1307 2663 1497 2730 οὖσαν.
1555 2671 1768 2729 τούτων

157 2749 211 2808 δ’
246 2753 349 2809 οὐν
391 2756 482 2810 καὶ
523 2760 730 2827 εφασκε
771 2779 883 2811 των
922 2759 1125 2813 παθῶν
1155 2754 1344 2828 μόνων
1375 2752 1514 2828 ἡμᾶς
1545 2756 1645 2828 τὴν
1678 2765 1766 2812 αῖ-

155 2846 360 2908 σθησιν
393 2844 557 2911 ἐχειν,
589 2837 725 2912 πρὸς
755 2863 851 2906 ους
881 2836 1254 2897 άντιλέλεκται
1285 2846 1469 2898 ταῦτα.

1794 1184 1882 1225 (164)
