2014 3146
265 131 370 184 254
947 130 1195 172 EUSEBII

177 258 180 260 ’
267 258 408 324 ρίας,
435 261 666 304 σκοπεῖν
683 260 794 311 τοῖς
814 244 1210 319 ἐντυγχάνουσι
1226 246 1331 318 πρὸ
1353 245 1666 322 ὀφθαλμῶν
1684 246 1846 321 θήσω
1861 264 1871 273 ·

267 332 333 390 οὐ
365 333 467 404 μὲν
498 330 566 403 δή
596 348 704 387 τισι
735 336 847 386 τῶν
877 327 1104 403 ἀνδρῶν
1134 329 1512 403 ἀπεχθόμενος
1532 377 1546 403 ,
1580 325 1658 390 ῶν
1687 357 1750 405 γε
1781 335 1874 390 καὶ

267 420 407 490 μέγα
437 413 607 489 θαῦμ’
645 422 792 488 ἔχειν
821 413 1088 488 ὁμολογῶ,
1120 411 1254 471 ὅταν
1288 414 1356 486 δὴ
1387 430 1499 482 τοῖς
1523 415 1727 490 ἄλλοις,
1759 415 1872 474 οἷά-

267 525 371 574 περ
397 497 738 574 ἀνθρώποις,
771 498 1111 573 παραβάλλω
1135 498 1263 566 τοὺς
1283 497 1520 573 ἄνδρας·
1555 505 1602 560 3.
1640 500 1780 559 ἐπὰν
1812 503 1874 559 δὲ

226 606 242 627 0
265 599 380 652 τοῖς
410 583 684 657 Ἐβραίων
723 583 1011 657 θεολόγοις
1050 607 1110 640 τε
1149 586 1242 640 καὶ
1272 583 1610 658 προφήταις,
1667 589 1786 662 θεῷ
1816 609 1875 643 τε
1918 610 1939 641 5

266 674 341 746 τῷ
375 667 467 726 διὰ
497 667 709 726 τούτων
750 670 843 724 καὶ
884 667 1200 742 μελλόντων
1242 668 1573 742 προρρήσεις
1614 672 1706 727 καὶ
1735 671 1874 728 θαυ-

267 754 455 827 μάτων
487 757 777 821 ἐπιδείξεις
807 756 1187 829 πεποιημένῳ,
1223 751 1359 828 ἀτὰρ
1393 753 1462 826 δὴ
1493 755 1584 811 καὶ
1615 753 1876 828 μαθημά-

268 863 379 896 των
411 836 662 911 εὐσεβῶν
695 836 984 910 δογμάτων
1025 862 1083 895 τε
1114 836 1347 910 ἀληθῶν
1381 842 1748 897 διδασκαλίαν
1778 863 1878 896 κα-

268 925 690 1000 ταβεβλημένςο,
734 918 922 980 οὐκέτ’
965 923 1123 995 οἶμαί
1159 947 1282 980 τινα
1323 927 1443 980 δεῖν
1485 920 1723 996 εὐλόγως
1765 927 1876 981 ἐπι-

267 1013 624 1081 μέμψασθαι,
677 1013 727 1064 εἰ
773 1005 910 1064 θεὸν
948 1005 1053 1080 πρὸ
1084 1005 1406 1081 ἀνθρώπων
1459 1010 1552 1064 καὶ
1605 1005 1878 1080 ἀλήθειαν
1900 1031 1941 1063 10

270 1090 448 1164 αὐτὴν
479 1090 584 1166 πρὸ
623 1096 863 1164 θνητῶν·
892 1096 1170 1165 λογισμῶν
1209 1116 1268 1149 τε
1311 1093 1403 1148 καὶ
1448 1099 1773 1167 στοχασμῶν
1801 1118 1877 1150 τι-

268 1175 518 1251 μώμεθα.
579 1180 628 1233 4.
676 1181 839 1234 τοῦτο
872 1178 937 1233 δέ
962 1201 1052 1250 μοι
1084 1182 1195 1233 πᾶν
1225 1174 1253 1234 ὁ
1284 1180 1381 1249 τῆς
1418 1176 1700 1251 παρούσης
1732 1187 1881 1251 ΠροεἸ

269 1264 621 1337 παρασκευῆς
654 1264 857 1328 δείξειν
887 1267 1310 1334 πεφιλοτίμηται
1333 1259 1512 1334 λόγος,
1546 1268 1622 1329 εἰς
1654 1260 1877 1335 ἀπόκρι-

269 1364 360 1404 σιν
399 1341 542 1419 ὁμοῦ
580 1348 671 1402 καὶ
712 1342 1017 1418 ἀπολογίαν
1045 1350 1158 1403 τῶν
1201 1344 1268 1420 δὴ
1308 1349 1693 1420 πευσομένων,
1723 1353 1783 1404 τί
1808 1345 1877 1418 δὴ

221 1441 242 1472 d
269 1427 375 1504 ἄρα
406 1428 576 1487 καλὸν
599 1426 633 1502 ἢ
658 1428 861 1503 σεμνὸν
894 1429 1106 1497 ἰδόντες
1140 1433 1199 1487 ἐν
1228 1443 1343 1497 τοῖς
1374 1430 1678 1507 βαρβάρων
1707 1430 1875 1504 γράμ-
1899 1452 1940 1486 15

267 1533 400 1588 μασι
430 1518 525 1587 τῆς
555 1513 812 1592 πατρῴας
843 1517 929 1572 καὶ
968 1512 1228 1588 εὐγενοῦς
1259 1523 1609 1589 φιλοσοφίας,
1640 1519 1734 1590 τῆς
1760 1512 1879 1574 Ἐλ-

269 1598 456 1672 λήνων
494 1602 663 1672 λέγω,
705 1605 1028 1672 προκρίνειν
1068 1597 1207 1657 αὐτοὶ
1249 1598 1671 1674 διανενοήμεθα.
1740 1598 1879 1658 ἄλλα

268 1684 374 1759 γάρ
405 1682 512 1756 ἤδη
546 1681 613 1740 δι’
648 1690 827 1757 ἔργων
856 1680 890 1756 ἦ
922 1682 1201 1752 ἀπόδειξις
1231 1680 1366 1758 ἡμῖν
1396 1691 1655 1758 χωρείτω.

158 1818 252 1862 [420]
397 1779 452 1828 11.
496 1765 764 1840 Ἡγοῦμαι
809 1769 870 1825 δὲ
913 1774 1035 1826 δεῖν
1065 1767 1343 1842 πρώτιστα
1388 1768 1614 1826 πάντων
1653 1769 1878 1826 ἄνωθεν

159 1876 249 1919 (718)
270 1849 378 1908 άπὸ
417 1855 512 1924 τῆς
557 1851 774 1924 πρώτης
815 1859 1122 1926 καταβολῆς
1161 1858 1274 1909 τῶν
1318 1850 1442 1925 παρ’
1462 1849 1685 1926 Ἕλλησι
1715 1861 1876 1925 φιλο-
1899 1876 1940 1908 20

270 1934 463 2008 σόφων
503 1933 890 2010 ἀπάρξασθαι,
933 1939 1025 1994 καὶ
1064 1936 1193 2003 τοὺς
1234 1935 1484 2011 πρόσθεν
1525 1933 1558 2010 ἢ
1600 1935 1876 1995 Πλάτωνα

269 2023 535 2093 γενέσθαι
575 2019 847 2092 φυσικοὺς
888 2023 1284 2094 ἐπικληθέντας
1316 2020 1656 2095 φιλοσόφους
1710 2046 1877 2079 κατα-

269 2115 493 2178 μαθεῖν,
534 2112 681 2171 τίνες
723 2107 853 2162 ποτὲ
892 2105 1182 2178 γεγόνασι,
1225 2109 1316 2162 καὶ
1355 2102 1565 2164 ὁποίων
1606 2111 1798 2180 ἔτυχεν
1842 2103 1876 2178 ἡ

270 2186 392 2246 κατ’
440 2188 642 2255 αὐτοὺς
683 2198 987 2264 φιλοσοφία
1028 2195 1354 2265 προστατῶν
1393 2197 1491 2248 τοῦ
1531 2190 1728 2263 λόγου,
1774 2189 1874 2248 εἶτ’

272 2276 358 2330 ἐπὶ
391 2272 493 2346 τὴν
522 2277 620 2331 τοῦ
641 2273 943 2341 Πλάτωνος
967 2284 1274 2350 παρελθεῖν
1300 2274 1584 2348 διαδοχὴν,
1615 2277 1707 2332 καὶ
1730 2281 1875 2342 τίνες
1897 2297 1940 2330 25

270 2356 391 2414 ποτ’
438 2350 580 2430 ἦσαν
621 2361 711 2415 καὶ
742 2365 887 2432 οἵδε,
930 2359 1027 2426 τάς
1066 2384 1125 2417 τε
1164 2383 1298 2431 προς
1344 2357 1616 2432 ἀλλήλους
1646 2368 1876 2434 λογομα-

270 2448 392 2515 χίας
425 2441 610 2499 αὐτῶν
653 2446 1076 2516 ἐπισκέψασθαι,
1122 2448 1500 2519 ἐπιθεωρῆσαι
1538 2445 1599 2502 δὲ
1640 2447 1732 2501 καὶ
1763 2450 1875 2502 τῶν

270 2523 454 2582 ἄλλων
496 2530 764 2596 αἱρέσεων
803 2528 899 2594 τὰς
941 2528 1279 2601 διαστάσεις,
1320 2533 1432 2586 τῶν
1469 2552 1528 2586 τε
1575 2532 1752 2597 δοξῶν
1780 2528 1875 2596 τὰς

270 2608 770 2682 ἀντικαταστάσεις,
805 2615 865 2669 ἐν
896 2610 981 2679 αἶς
1013 2621 1386 2680 πυκτεύοντας
1416 2611 1544 2680 τούς
1581 2618 1874 2684 γενναίους

269 2696 362 2750 καὶ
393 2700 692 2767 φιλοτίμως
725 2699 1295 2771 διαπληκτιζομένους,
1329 2696 1512 2771 ῶσπερ
1545 2698 1633 2753 ἐπὶ
1665 2699 1872 2769 σκηνῆς
1894 2719 1937 2752 30

222 2793 245 2825 b
271 2792 384 2844 τοῖς
429 2789 687 2850 θεαταῖς,
754 2785 1084 2853 παραδείξω.
1169 2787 1218 2839 2.
1284 2779 1480 2839 αὐτίκα
1539 2783 1677 2854 γοῦν
1727 2779 1872 2853 μάλα

270 2861 609 2937 θεασώμεθα
659 2859 808 2930 ὅπως
858 2866 960 2937 μὲν
1004 2862 1032 2922 ὁ
1074 2864 1314 2923 Πλάτων
1364 2864 1491 2931 τούς
1543 2862 1648 2939 πρὸ
1701 2865 1874 2922 αὐτοῦ
