2014 3146
280 132 383 184 342
961 131 1209 174 EUSEBII

278 249 397 315 υίὸς
429 246 579 324 αὐτῷ
597 245 910 321 Νικόμαχος
931 248 1158 320 ἐγένετο.
1201 251 1398 307 τοῦτον
1422 251 1489 306 δέ
1505 269 1678 322 φασιν
1707 249 1883 323 ὀρφα-

227 787 248 819 d

161 1209 246 1250 (794)

227 2041 245 2072 b

167 2381 256 2424 [4⁶43

278 332 379 390 νόν
407 332 686 405 τραφέντα
726 329 874 406 παρὰ
905 330 1243 409 Θεοφράστῳ
1285 334 1375 390 καὶ
1417 332 1485 406 δὴ
1525 341 1883 409 μειρακίσκον

277 414 409 473 ὄντα
439 415 752 474 ἀποθανεῖν
784 420 843 474 ἐν
874 413 1150 493 πολέμω.”

407 506 487 558 16.
516 497 677 558 Ἀλλά
707 504 880 558 ταῦτα
908 502 1009 574 μὲν
1042 504 1100 558 ἐκ
1139 505 1234 574 τῆς
1268 506 1614 575 δηλωθείσης
1638 500 1883 577 Ἀριστο-

275 586 468 652 κλέους
495 589 765 643 ἐκκείσθω
791 589 1032 660 γραφῆς·
1075 583 1182 658 ἤδη
1209 586 1382 643 δὲκαὶ
1413 584 1514 659 τὴν
1546 586 1882 660 δογματικὴν
1906 611 1926 644 5

268 667 676 743 Ἀριστοτέλους
706 676 1045 743 φιλοσοφίαν
1074 674 1358 743 θεωρῆσαι
1389 669 1591 744 καιρός.

399 766 478 816 111.
525 756 774 822 Μωσέως
814 757 906 812 καὶ
945 758 1058 812 τῶν
1097 753 1226 829 παρ’
1270 751 1542 828 Ἑβραίοις
1585 759 1884 828 προφητῶν

272 841 425 907 τέλος
459 839 601 897 εἶναι
631 845 728 897 τοῦ
759 846 1040 913 μακαρίως
1073 843 1169 913 ζῆν
1199 839 1301 912 τὴν
1322 845 1420 898 τοῦ
1439 843 1550 897 τῶν
1567 837 1713 897 ὅλων
1743 844 1882 897 θεοῦ

271 927 483 995 γνῶσίν
522 948 580 981 τε
619 927 711 981 καὶ
750 931 946 996 φιλίαν
990 923 1061 981 δι’
1109 923 1392 996 εὐσεβείας
1435 927 1884 997 συντελουμένην

271 1003 668 1082 ὑποθεμένων,
714 1006 1003 1081 εὐσέβειάν
1043 1033 1101 1066 τε
1143 1009 1284 1066 εἶναι
1313 1007 1500 1082 ἀληθῆ
1538 1008 1883 1077 ,διδαξάντων
1906 1028 1945 1062 10

272 1090 373 1164 τὴν
407 1093 497 1149 διὰ
528 1091 705 1165 πάσης
737 1090 931 1166 ἀρετῆς
973 1097 1048 1168 τῷ
1079 1097 1196 1169 θεῷ
1231 1090 1616 1167 εὐαρέστησιν,
1652 1091 1883 1166 (ταύτην

272 1176 375 1250 γὰρ
409 1178 550 1234 εἶναι
581 1181 691 1234 των
722 1174 955 1249 ἀγαθῶν
986 1183 1188 1248 αἰτίαν,
1224 1179 1311 1234 ἐπὶ
1341 1176 1492 1254 μόνω
1525 1175 1629 1249 γὰρ
1660 1180 1737 1254 τῷ
1765 1182 1881 1253 θεῷ

270 1261 335 1317 τὰ
384 1261 563 1319 πάντα
604 1268 826 1319 κεῖσθαι
878 1264 967 1318 καὶ
1020 1259 1153 1332 παρ’
1210 1260 1381 1320 αὐτοῦ
1430 1261 1496 1318 τὰ
1537 1260 1716 1319 πάντα
1769 1274 1882 1327 τοῖς

271 1348 558 1419 θεοφιλέσι
589 1346 973 1421 χορηγεῖσθαι)
1006 1350 1107 1403 τοῦ
1146 1370 1204 1404 τε
1243 1345 1541 1412 Πλάτωνος
1564 1345 1631 1403 τὰ
1655 1343 1882 1422 συνῳδὰ

269 1429 481 1498 τούτοις
522 1427 839 1504 ὁριζομένου
881 1433 970 1488 καὶ
1013 1434 1164 1497 τέλος
1213 1428 1567 1504 εὐδαιμονίας
1607 1430 1709 1503 τὴν
1750 1429 1880 1502 ἀρε-
1905 1451 1943 1484 15

269 1513 371 1587 τὴν
412 1514 896 1589 ἀποφαινομένου,
939 1515 1041 1587 τὴν
1083 1518 1274 1588 ἑτέραν
1316 1514 1550 1583 ὁδεύσας
1581 1511 1609 1572 ὁ
1635 1513 1881 1589 Ἀριστο-

268 1600 425 1672 τέλης
465 1597 568 1657 οὐκ
617 1598 795 1666 ἄλλως
839 1597 1143 1674 εὐδαίμονά
1184 1598 1307 1657 τινά
1350 1618 1523 1673 φησιν
1578 1606 1805 1657 ἔσεσθαι
1846 1594 1879 1671 ἢ

269 1686 359 1739 καὶ
392 1683 483 1740 διὰ
505 1687 601 1758 τῆς
623 1689 722 1742 τοῦ
746 1684 993 1758 σώματος
1019 1682 1321 1751 εὐπαθείας
1345 1687 1436 1742 καὶ
1467 1687 1561 1756 τῆς
1586 1687 1697 1741 τῶν
1731 1681 1879 1749 ἐκτὸς

269 1777 617 1841 περιουσίας,
653 1761 733 1825 οἷν
762 1767 900 1826 ἄνευ
923 1770 1062 1842 μηδὲ
1092 1768 1195 1840 τὴν
1218 1768 1420 1842 ἀρετὴν
1444 1765 1698 1840 ὠφελεῖν.
1744 1765 1878 1839 πρὸς

269 1849 335 1908 ὃν
363 1849 510 1918 ὅπως
544 1854 843 1925 ἐνέστησαν
886 1854 1291 1925 διεψευσμένην
1331 1849 1503 1910 αὐτοῦ
1540 1854 1642 1924 τὴν
1673 1847 1876 1923 ὑπόλη-
1902 1869 1943 1902 20

268 1949 368 2003 ψιν
397 1934 789 2010 ἀπελέγχοντες
821 1943 875 1994 οἱ
905 1935 1202 2003 Πλάτωνος
1229 1935 1494 2010 γνώριμοι
1519 1935 1748 2010 πάρεστι
1778 1960 1876 2008 μα·-

269 2030 398 2077 θεῖν
431 2021 522 2078 διὰ
553 2020 765 2078 τούτων

396 2115 471 2165 lV.
499 2102 528 2124 ‘⁸
547 2109 652 2178 Τῆς
683 2104 786 2179 γὰρ
819 2104 1109 2179 συμπάσης
1141 2110 1472 2178 φιλοσοφίας
1496 2107 1655 2178 κοινῇ
1683 2103 1879 2178 γνώμῃ

270 2191 381 2246 τῶν
420 2189 922 2263 φιλοσοφησάντων
965 2189 1067 2263 τὴν
1108 2189 1476 2262 ἀνθρωπίνην
1518 2186 1880 2262 εὐδαιμονίαν

271 2269 748 2347 ὑπισχνουμένης,
782 2278 939 2349 τριχῆ
973 2276 1030 2332 δὲ
1062 2277 1450 2348 διαιρουμένης
1482 2271 1617 2330 κατὰ
1639 2272 1741 2345 τὴν
1771 2277 1881 2330 τῶν
1902 2289 1942 2322 25

275 2355 420 2414 ὅλων
471 2358 760 2431 ποιητικὴν
815 2360 1165 2433 διανέμησιν,
1219 2363 1482 2416 τοσοῦτον
1521 2354 1778 2415 ἀποδέων
1823 2360 1884 2414 ἐν
1924 2415 1926 2417 ,

269 2439 481 2509 τούτοις
513 2450 610 2500 τοῦ
643 2443 930 2501 διδάσκειν
959 2467 1011 2500 τι
1042 2448 1154 2502 τῶν
1183 2442 1483 2509 Πλάτωνος
1513 2438 1540 2499 ὁ
1567 2451 1879 2515 Περιπατη-

268 2523 415 2592 τικὸς
445 2525 754 2599 ὀφθήσεται
786 2525 952 2600 ὥστε,
985 2526 1258 2586 πλειόνων
1287 2526 1466 2585 ὄντων
1496 2533 1553 2583 οἳ
1581 2528 1878 2599 διαφέρον-

267 2633 353 2666 ται
384 2609 663 2683 Πλάτωνι,
695 2610 929 2684 μάλιστα
962 2611 1383 2685 ἐναντιούμενος
1415 2608 1575 2677 αὐτὸς
1599 2621 1872 2682 φανεῖται.

270 2702 315 2751 2.
352 2696 441 2750 καὶ
481 2694 700 2766 πρῶτόν
739 2721 800 2768 γε
842 2693 947 2754 ἀπὸ
989 2701 1091 2754 τοῦ
1130 2700 1319 2754 κοινοῦ
1361 2697 1451 2752 καὶ
1491 2700 1752 2767 μεγίστου
1784 2695 1875 2750 καὶ
1899 2717 1940 2750 30

269 2778 610 2852 κυριωτάτου
650 2773 752 2852 τὴν
793 2779 928 2854 πρὸς
970 2779 1245 2838 Πλάτωνα
1287 2775 1647 2852 παραλλαγὴν
1689 2776 1875 2848 ἐποιή-

269 2881 427 2935 σατο,
469 2863 542 2936 μὴ
584 2863 822 2939 τηρήσας
867 2864 925 2921 τὸ
956 2867 1156 2938 μέτρον
1186 2869 1280 2936 τῆς
1315 2860 1693 2935 εὐδαιμονίας,
1739 2861 1878 2934 μηδὲ
