2014 3146
292 128 395 180 292
961 127 1211 169 EUSEBII
1261 195 1272 205 ⁶

291 242 364 311 ὡς
395 243 500 319 άρα
530 246 661 310 νοῦς
688 245 836 300 ἐστιν
861 241 889 299 6
907 246 1233 343 διακοσμῶν
1255 265 1314 299 τε
1337 245 1428 300 καὶ
1451 242 1678 301 πάντων
1707 254 1897 316 αἴτιος,

289 327 460 403 ταύτῃ
504 326 571 400 δὴ
612 330 680 401 τῇ
719 333 868 402 αἰτία
899 324 1085 399 ἥσθην
1130 351 1188 384 τε
1229 329 1322 383 καὶ
1363 330 1520 395 ἔδοξέ
1554 352 1646 402 μοι
1693 327 1899 403 τρόπον

289 411 413 470 τινὰ
445 414 508 468 εὐ
541 418 687 485 ἔχειν
716 411 776 469 τὸ
806 411 904 469 τὸν
933 415 1072 469 νοῦν
1117 410 1260 468 εἶναι
1300 409 1526 469 πάντων
1554 421 1760 486 αἴτιον,
1807 414 1898 469 καὶ

190 495 598 571 (75ηὴγησάμην,
626 502 676 553 εἰ
697 500 857 554 τοῦτο
880 493 1055 561 οὕτως
1082 494 1319 569 ἔχει,τόν
1341 518 1405 568 γε
1427 498 1567 553 νοῦν
1590 501 1901 570 κοσμοῦντα

289 581 469 639 πάντα
499 595 728 654 κοσμεῖν
768 582 860 637 καὶ
890 584 1122 638 ἕκαστον
1151 582 1370 638 τιθέναι
1402 578 1512 653 όπη
1549 577 1620 639 ἂν
1649 583 1901 652 βέλτιστα
1925 603 1945 636 5

291 673 402 741 ἔχῃ.
464 670 513 723 2.
550 671 599 722 εἰ
629 667 733 723 οὐν
771 689 852 731 τις
894 664 1150 737 βούλοιτο
1189 662 1292 736 τὴν
1333 670 1517 722 αἰτίαν
1560 660 1747 740 εῦρεῖν
1776 667 1902 738 περὶ

291 749 553 822 ἑκάστου,
596 747 704 823 ὅπη
744 745 778 822 ἢ
818 755 1031 822 γίνεται
1070 745 1105 821 ἢ
1145 746 1451 807 ἀπόλλυται
1481 744 1515 821 ἢ
1546 754 1693 821 ἔστι,
1738 752 1903 807 τοῦτο

293 841 414 893 δεῖν
443 836 570 909 περὶ
612 832 785 892 αὐτοῦ
818 833 1038 906 εὑρεῖν,
1076 832 1184 905 όπη
1225 836 1512 906 βέλτιστον
1550 829 1724 891 αὐτόν
1755 837 1904 891 ἐστιν

289 916 324 991 ἢ
357 919 501 976 εἶναι
539 914 574 990 ἢ
605 917 738 976 άλλο
779 917 968 975 ὁτιοῦν
1009 916 1241 991 πάσχειν
1272 913 1307 990 ἢ
1347 931 1541 975 ποιεῖν.
1617 922 1676 975 ἐκ
1709 915 1777 990 δὴ
1807 921 1907 975 τοῦ

290 1003 459 1076 λόγου
482 1002 680 1105 τούτου
697 1027 763 1060 ου
751 999 869 1060 ’δεν
891 1001 1024 1060 ἄλλο
1047 1017 1279 1060 σκοπεῖν
1301 1000 1603 1077 προσήκειν
1619 999 1903 1079 άνθρωπω
1928 1022 1967 1055 10

291 1090 384 1145 καὶ
414 1090 543 1160 περὶ
575 1085 748 1145 αὐτοῦ
794 1089 887 1144 καὶ
926 1089 1054 1161 περὶ
1092 1091 1205 1144 τῶν
1247 1085 1431 1145 άλλων
1471 1085 1590 1143 ἀλλ’
1628 1083 1662 1158 ἢ
1693 1084 1818 1144 τὸ”
1783 1111 1907 1160 αρι-

292 1190 424 1230 στον
453 1174 545 1229 καὶ
576 1170 636 1229 τὸ
667 1174 968 1245 βέλτιστον.
1012 1170 1317 1243 ἀναγκαῖον
1341 1171 1410 1244 δὴ
1436 1171 1579 1229 εἶναι
1608 1171 1705 1228 τὸν
1735 1167 1906 1227 αὐτὸν

290 1260 488 1314 τοῦτον
518 1258 610 1313 καὶ
649 1255 708 1314 τὸ
747 1270 935 1330 χεῖρον
978 1258 1216 1313 εἰδέναι·
1272 1253 1375 1328 τὴν
1419 1252 1595 1328 αὐτὴν
1625 1255 1729 1330 γὰρ
1762 1251 1905 1312 εἶναι

248 1365 271 1397 b
298 1339 600 1414 ἐπιστήμην
652 1343 779 1415 περὶ
832 1339 1030 1399 αὐτῶν.
1124 1345 1171 1400 3.
1214 1344 1389 1397 ταῦτα
1443 1338 1511 1412 δὴ
1563 1338 1906 1413 λογιζόμενος

291 1423 528 1499 ἅσμενος
562 1421 854 1498 εὑρηκέναι
887 1423 1043 1502 ᾤμην
1076 1423 1413 1482 διδάσκαλον
1442 1429 1538 1498 τῆς
1569 1431 1746 1492 αἰτίας
1777 1425 1904 1497 περὶ
1927 1443 1968 1476 15

291 1515 403 1567 τῶν
433 1508 612 1567 ὄντων
643 1508 780 1567 κατὰ
810 1513 948 1568 νοῦν
980 1512 1225 1586 ἐμαυτῷ,
1256 1508 1353 1566 τὸν
1376 1507 1781 1583 Ἀναξαγόραν,
1813 1513 1911 1565 καί

292 1619 383 1668 μοι
413 1593 653 1668 φράσειν
683 1598 904 1667 πρῶτον
934 1595 1037 1668 μὲν
1067 1592 1304 1667 πότερον
1335 1589 1368 1666 ἡ
1398 1597 1471 1666 γῆ
1494 1592 1724 1651 πλατεῖα
1756 1596 1906 1650 ἐστιν

291 1703 326 1750 η
359 1677 698 1753 στρογγύλη,
742 1677 932 1751 ἐπειδὴ
965 1679 1028 1736 δε
1057 1676 1352 1753 φράσειεν,
1395 1676 1906 1751 ἐπεκδιηγήσασθαι

291 1762 393 1836 τὴν
424 1770 608 1820 αἰτίαν
637 1765 730 1819 καὶ
763 1762 864 1835 τὴν
887 1760 1163 1835 ἀνάγκην,
1198 1765 1429 1834 λέγοντα
1450 1760 1510 1819 τὸ
1534 1760 1781 1835 άμεινον,
1814 1763 1906 1818 καὶ

292 1845 376 1904 ὅτι
408 1844 585 1919 αὐτὴν
615 1845 844 1920 ἄμεινον
873 1849 945 1919 ἠν
973 1846 1237 1918 τοιαύτην
1262 1847 1427 1904 εἶναι·
1475 1849 1566 1903 καὶ
1591 1852 1639 1903 εἰ
1665 1849 1724 1903 ἐν
1753 1846 1904 1921 μέσῳ
1927 1865 1969 1897 20

293 1939 433 2004 φαίη
476 1932 618 1988 εἶναι
659 1928 864 2004 αὐτὴν,
912 1929 1412 2004 ἐπεκδιηγήσεσθαι
1453 1954 1525 1996 ως
1565 1928 1793 2004 άμεινον
1834 1954 1906 2003 ην

253 2043 271 2065 e
296 2012 470 2089 αὐτὴν
503 2020 563 2073 ἐν
593 2017 742 2093 μέσῳ
775 2015 944 2073 εἶναι·
993 2017 1085 2072 καὶ
1118 2023 1172 2072 εἴ
1196 2040 1287 2088 μοι
1317 2019 1490 2072 ταῦτα
1519 2012 1904 2088 ἀποφαίνοιτο,

294 2098 762 2174 παρεσκευάσμην
805 2096 877 2166 ὦς
917 2098 1103 2157 οὐκέτι
1142 2098 1518 2173 ποθεσόμενος
1557 2105 1734 2166 αἰτίας
1773 2097 1905 2157 ἄλλο

296 2184 456 2252 εἶδος.
509 2189 560 2242 4.
593 2186 684 2242 καὶ
711 2184 778 2256 δὴ
810 2186 902 2241 καὶ
924 2187 1051 2259 περὶ
1076 2180 1237 2257 ἡλίου
1268 2183 1412 2241 οὕτω
1444 2181 1906 2258 παρεσκευάσμην

296 2265 557 2335 ὡσαύτως
597 2268 966 2343 πευσόμενος,
1019 2271 1112 2326 καὶ
1151 2267 1386 2341 σελήνης
1435 2271 1526 2325 καὶ
1565 2271 1678 2326 των
1721 2266 1906 2325 ἄλλων
1927 2285 1969 2318 25

295 2350 542 2425 ἄστρων,
574 2352 773 2427 τάχους
803 2377 862 2411 τε
893 2355 1019 2428 πέρι
1049 2352 1184 2426 πρὸς
1214 2351 1424 2426 ἄλληλα
1447 2354 1540 2410 καὶ
1562 2356 1784 2426 τροπῶν
1813 2353 1904 2409 καὶ

294 2439 407 2493 των
437 2434 622 2494 ἄλλων
651 2436 1027 2511 παθημάτων,
1058 2441 1134 2510 πῆ
1158 2459 1288 2495 ποτε
1311 2435 1466 2495 ταῦτ’
1499 2434 1727 2510 ἄμεινόν
1759 2440 1908 2494 ἐστιν

296 2524 527 2578 ἕκαστον
557 2524 649 2578 καὶ
680 2537 861 2580 ποιεῖν
891 2525 984 2579 καὶ
1013 2521 1246 2595 πάσχειν
1274 2519 1308 2578 ἃ
1339 2521 1548 2596 πάσχει.
1602 2519 1669 2578 οῦ
1699 2519 1803 2594 γαρ
1834 2518 1907 2578 ἄν

298 2603 416 2661 ποτ’
455 2603 624 2662 αὐτὸν
656 2603 828 2681 ᾤμην,
861 2605 1146 2679 φάσκοντά
1175 2630 1238 2678 γε
1275 2605 1385 2663 ὑπὸ
1424 2609 1529 2664 νοῦ
1567 2603 1708 2662 αῦτὰ
1745 2627 1905 2662 κεκο-

299 2694 576 2761 σμῆσθαι,
617 2687 793 2762 ἄλλην
820 2690 945 2748 τινὰ
975 2689 1161 2757 αὐτοῖς
1193 2696 1377 2748 αἰτίαν
1409 2693 1727 2761 ἐπενεγκεῖν
1757 2684 1790 2761 ἢ
1821 2687 1904 2746 ὅτι
1926 2707 1968 2741 3ο

299 2774 583 2844 βέλτιστον
609 2767 749 2829 αὐτὰ
772 2773 945 2841 οὕτως
969 2781 1116 2847 ἔχειν
1144 2776 1294 2832 ἐστὶν
1318 2772 1502 2847 ὥσπερ
1531 2779 1654 2846 ἔχει.
1697 2777 1745 2830 5.
1775 2771 1904 2830 ἑκά-

255 2878 276 2910 «ῑ
301 2876 435 2914 στου
459 2849 560 2914 οῦν
575 2854 798 2930 [αὐτῶν]
815 2857 1153 2917 ἀποδιδόντα
1163 2857 1266 2931 τὴν
1285 2864 1469 2916 αἰτίαν
1479 2860 1568 2915 καὶ
1585 2860 1746 2932 κοινῇ
1770 2863 1902 2914 πᾶσι
