2014 3146
246 109 346 162 116
858 153 862 156 Δ
923 109 1172 151 EUSEBH

243 225 377 283 ἄλλο
427 229 521 298 τῆς
562 223 772 290 πόλεως
819 226 1142 298 συνέδριον·
1203 223 1408 298 νόμους
1449 227 1510 283 δὲ
1549 228 1641 283 καὶ
1681 232 1859 300 ψηφί-

244 330 422 384 σματα
473 307 742 382 λεγόμενα
793 303 826 381 ἢ
885 310 1237 382 γεγραμμένα
1288 307 1423 366 οὔθ’
1477 306 1684 385 ὁρῶσιν
1734 309 1850 368 οὔτ’

243 393 526 452 ἀκούουσι.
578 394 819 450 σπουδαὶ
846 393 908 450 δὲ
939 395 1223 466 ἑταιρειῶν
1255 391 1340 449 ἐπ’
1377 391 1545 467 ἀρχὰς
1586 397 1678 452 καὶ
1719 395 1857 452 σύν-

243 484 364 536 οδοι
403 479 495 534 καὶ
539 482 738 535 δεῖπνα
777 478 870 533 καὶ
905 476 1013 534 σὺν
1037 475 1329 551 αὐλητρίσι
1351 481 1542 551 κῶμοι,
1566 477 1698 536 οὐδὲ
1720 477 1857 553 ὄναρ

243 561 508 637 πράττειν
538 567 898 635 προσίσταται
942 560 1143 628 αὐτοῖς.
1234 566 1282 619 3.
1342 554 1404 618 εὖ
1438 563 1499 619 δὲ
1528 559 1562 634 ἢ
1593 567 1774 630 κακῶς
1803 569 1862 621 τί

242 649 474 720 γέγονεν
505 650 565 703 ἐν
597 644 780 718 πόλει,
824 643 858 718 ἢ
899 651 958 702 τί
982 669 1058 723 τω
1090 644 1262 703 κακόν
1294 649 1444 703 ἐστιν
1476 650 1536 703 ἐκ
1567 646 1858 720 προγόνων

244 731 471 804 γεγονὸς
515 726 545 803 ἢ
585 729 721 804 πρὸς
761 727 987 805 ἀνδρῶν
1026 727 1060 802 ἢ
1101 734 1415 802 γυναικῶν,
1446 735 1658 804 μᾶλλον
1689 730 1860 789 αὐτὸν

244 818 485 889 λέληθεν
536 812 569 888 ἢ
622 820 680 872 οἱ
725 818 821 888 τῆς
872 813 1158 887 θαλάσσης
1211 813 1500 888 λεγόμενοι
1552 814 1691 889 χόες.
1766 817 1860 873 καὶ

244 906 418 957 ταῦτα
443 898 623 957 πάντα
646 897 768 956 οὐδ’
797 897 879 956 ὅτι
905 895 1009 956 οὐκ
1030 899 1186 956 οἶδεν
1200 899 1369 956 οἶδεν·
1388 896 1521 956 οὐδὲ
1543 899 1648 973 γὰρ
1674 899 1862 957 αὐτῶν

244 983 501 1058 ἀπέχεται
553 987 651 1041 τοῦ
705 981 1024 1057 εὐδοκιμεῖν
1076 983 1266 1058 χάριν,
1313 976 1452 1040 ἄλλα
1502 988 1578 1061 τῷ
1630 982 1749 1041 ὄντι
1799 983 1860 1042 τὸ

247 1075 406 1142 σῶμα
436 1067 610 1142 μόνον
643 1072 703 1125 ἐν
731 1074 798 1143 τῇ
830 1067 986 1126 πόλει
1016 1081 1193 1125 κεῖται
1224 1066 1398 1125 αὐτοῦ
1437 1070 1531 1125 καὶ
1572 1071 1858 1142 ἐπιδημεῖ·

244 1152 278 1226 ἡ
321 1154 381 1211 δὲ
424 1151 669 1225 διάνοια,
709 1159 881 1210 ταῦτα
921 1151 1101 1209 πάντα
1140 1150 1458 1225 ἡγησαμένη
1512 1151 1716 1227 σμικροὶ
1767 1155 1860 1210 καὶ

246 1236 431 1310 οὐδὲν,
463 1235 775 1311 ἀτιμάσασα
805 1241 1055 1310 πανταχῆ
1087 1240 1341 1309 πέταται,
1383 1235 1519 1294 κατὰ
1549 1242 1862 1311 Πίνδαρον,

245 1321 311 1378 τά
350 1346 408 1379 τε
450 1325 549 1395 γᾶς
589 1318 870 1395 ὑπένερθε
920 1323 1013 1378 καὶ
1064 1319 1131 1378 τοὶ
1174 1325 1411 1378 ἐπίπεδα
1453 1325 1860 1397 γεωμετροῦσα,

1884 1010 1925 1042 10

134 1431 222 1472 (603)
247 1405 490 1482 οὐρανοῦ
532 1430 591 1463 τε
630 1403 772 1480 ὕπερ
813 1402 1262 1479 άστρονομοῦσα,
1304 1408 1397 1462 καὶ
1446 1410 1631 1463 πᾶσαν
1682 1405 1861 1478 πάντη
1884 1429 1925 1461 15

137 1768 232 1811 [354]

202 2102 224 2133 b

213 2870 228 2890 (¹

246 1491 421 1564 φύσιν
453 1493 801 1564 ἐρευνωμένη
831 1494 943 1548 τῶν
972 1487 1152 1547 ὄντων
1183 1487 1416 1547 ἑκάστου
1455 1488 1608 1563 ὅλου,
1644 1496 1722 1557 εἰς
1751 1493 1864 1548 τῶν

250 1575 411 1648 ε’γγύς
443 1574 614 1633 οὐδὲν
644 1572 850 1647 ἑαυτὴν
880 1584 1264 1647 συγκαθιεῖσα.

374 1664 422 1716 4.
472 1665 603 1726 Πῶς
633 1662 793 1716 τοῦτο
825 1661 1020 1731 λέγεις,
1053 1651 1095 1715 ῶ
1127 1657 1451 1733 Σῶκρατες;
1546 1722 1554 1731 ,

362 1742 575 1816 ’Ὦισπερ
621 1746 712 1800 καὶ
745 1746 935 1815 Θαλῆν
974 1741 1457 1817 ἆστρονομοῦντα,
1502 1735 1543 1798 ῶ
1587 1740 1863 1817 Θεόδωρε,

250 1830 342 1885 καὶ
384 1825 500 1885 ἅνω
543 1829 848 1899 βλέποντα,
889 1826 1131 1885 πεσόντα
1174 1833 1252 1893 εἰς
1292 1827 1470 1900 φρέαρ
1513 1824 1730 1901 Θρᾷττά
1782 1850 1863 1894 τις

252 1909 483 1986 ἐμμελὴς
524 1913 615 1968 καὶ
657 1917 920 1985 χαρίεσσα
960 1912 1294 1986 θεραπαινὶς
1339 1909 1669 1978 ἆποσκῶψαι
1710 1912 1867 1983 λέγε-

250 2021 358 2068 ται,
391 1994 464 2063 ῶς
494 1995 560 2052 τὰ
589 1996 694 2068 μὲν
726 1998 786 2052 ἐν
817 1993 1038 2071 οὐρανῷ
1069 2005 1414 2069 προθυμοῖτο
1446 1996 1675 2066 εἰδέναι,
1706 1994 1772 2051 τὰ
1805 1995 1867 2052 δὲ

253 2087 570 2154 ἔμπροσθεν
613 2078 787 2136 αὐτοῦ
827 2081 919 2136 καὶ
960 2102 1109 2154 παρα
1149 2077 1322 2144 πόδας
1363 2077 1638 2136 λανθάνοι
1678 2076 1862 2136 αὐτόν.

253 2170 299 2222 5.
319 2162 522 2222 ταυτὸν
549 2165 609 2221 δε
633 2161 795 2239 ἀρκεῖ
814 2167 1046 2237 σκῶμμα
1073 2165 1162 2220 ἐπὶ
1166 2162 1392 2265 πάντας
1414 2161 1535 2220 ὅσοι
1558 2165 1618 2220 ἐν
1637 2170 1866 2236 φιλοσο-

253 2255 357 2324 φία
390 2247 660 2321 διάγουσι.
737 2252 812 2304 τῶ
844 2272 947 2322 γαρ
978 2246 1098 2304 ὄντι
1127 2246 1224 2305 τὸν
1253 2250 1503 2304 τοιοῦτον
1532 2270 1562 2303 ο
1594 2271 1696 2319 μεν
1726 2255 1867 2319 πλη-

255 2339 380 2389 σίον
419 2335 511 2388 καὶ
551 2331 579 2388 ὁ
620 2338 822 2404 γείτων
862 2333 1120 2405 λέληθεν,
1161 2329 1229 2388 οὐ
1267 2329 1440 2404 μόνον
1479 2330 1509 2388 ὅ
1541 2355 1592 2387 τι
1623 2329 1867 2404 πράττει,

256 2414 378 2472 ἀλλ’
416 2414 607 2487 ὀλίγου
639 2418 731 2472 καὶ
765 2422 815 2473 εἰ
836 2414 1135 2490 ἅνθρωπός
1162 2418 1310 2473 ἐστιν
1333 2412 1367 2487 ἤ
1390 2440 1440 2472 τι
1466 2413 1598 2472 ἄλλο
1628 2419 1864 2489 θρέμμα.

256 2507 315 2556 τί
342 2501 407 2556 δέ
433 2498 553 2555 ποτ’
592 2501 742 2556 ἐστὶν
773 2497 1092 2572 ἄνθρωπος,
1136 2502 1228 2556 καὶ
1266 2506 1324 2556 τί
1348 2504 1413 2574 τῇ
1445 2498 1670 2573 τοιαύτῃ
1701 2498 1869 2572 φύσει

259 2582 524 2656 προσήκει
558 2581 828 2656 διάφορον
858 2585 968 2639 τῶν
999 2581 1184 2641 άλλων
1215 2597 1398 2641 ποιεῖν
1426 2580 1462 2659 ἢ
1493 2582 1744 2656 πάσχειν,
1778 2591 1869 2655 ζη-

258 2681 342 2724 τεῖ
379 2691 437 2723 τε
479 2669 569 2723 καὶ
601 2664 891 2740 πράγματα
923 2672 1028 2767 ἔχει
1065 2666 1511 2741 διερευνώμενος.
1558 2665 1866 2739 μανθάνεις

259 2750 364 2825 γάρ
396 2773 522 2823 που,
557 2752 598 2807 ῶ
634 2746 959 2824 Θεόδωρε,
936 2749 969 2823 η’
1000 2748 1092 2819 οὕ;

387 2840 434 2892 6.
469 2832 697 2907 Ἔγωγε,
730 2836 821 2891 καὶ
852 2832 1034 2908 ἀληθῆ
1066 2836 1254 2906 λέγεις.

1885 1848 1928 1881 20

1889 2275 1930 2308 25

1890 2695 1930 2729 30
