2014 3146
632 142 844 182 PRAEP.
875 142 1098 184 EVANG.
1133 142 1256 184 XIV.
1290 145 1356 186 13.
1691 142 1794 196 287

185 257 387 318 θάνειν
427 254 525 324 οὓς
554 253 885 331 ἷθρέψομεν,
925 259 1017 314 καὶ
1049 253 1152 314 οὐκ
1194 260 1386 330 ἐξῆκον
1417 260 1594 316 ἐκεῖσε
1624 255 1711 315 ἀεὶ
1743 257 1802 317 οἷ

186 341 394 408 πάντας
428 346 518 399 δεῖ·
544 338 808 413 ἀνήκειν,
842 337 962 399 οἷον
992 339 1115 414 ἄρτι
1146 344 1273 415 περὶ
1302 346 1398 414 τῆς
1429 340 1794 416 ἀστρονομίας

187 429 458 499 ἐλέγομεν.
534 423 567 498 ἢ
598 423 701 482 οὐκ
730 422 883 483 οἶσθ’
915 424 998 483 ότι
1029 428 1122 483 καὶ
1151 428 1277 500 περὶ
1309 422 1574 500 ἁρμονίας
1606 431 1796 500 ἕτερον

182 513 434 568 τοιοῦτον
474 512 719 579 ποιοῦσι;
775 508 871 575 τὰς
919 508 1025 584 γὰρ
1065 508 1407 583 ἀκουομένας
1454 513 1525 568 αὐ
1562 530 1792 615 συμφω-

139 619 161 652 5
183 601 306 662 νίας
338 597 428 651 καὶ
459 592 747 667 φθόγγους
779 593 1034 667 ἀλλήλοις
1065 593 1501 669 ἀναμετροῦντες
1546 594 1793 668 ἀνήνυτα

184 675 371 752 ῶσπερ
395 683 452 736 οἱ
471 676 799 751 ἀστρονόμοι
823 680 1059 735 ποιοῦσι.
1104 684 1151 736 6.
1180 677 1273 751 Νὴ
1296 703 1424 745 τους
1448 678 1636 750 θεοὺς,
1664 687 1790 753 ἔφη,
1939 752 1943 756 .

182 765 273 820 καὶ
314 768 541 836 γελοίως
581 786 677 834 γε,
731 760 1054 834 πυκνώματ’
1115 760 1248 819 ἅττα
1298 761 1654 836 ὀνομάζοντες
1700 767 1792 821 καὶ
1816 786 1902 827 (74)

180 845 628 921 παραβάλλοντες
658 869 724 902 τα
755 838 898 918 ῶτα,
931 843 1050 910 οἶον
1077 848 1137 902 ἐκ
1166 845 1433 918 γειτόνων
1457 845 1654 918 φωνὴν
1684 858 1790 920 θη-

181 931 500 1034 ρευόμενοι,
533 934 590 988 οἱ
615 931 716 1003 μέν
746 947 920 1003 φασιν
950 936 1029 987 ε’τι
1060 928 1388 987 κατακούειν
1414 933 1472 988 ἐν
1490 933 1638 1016 μέσςο
1669 956 1804 988 τινα

113 1038 157 1070 10
179 1013 320 1087 ἠχὴν
349 1017 441 1071 καὶ
473 1012 836 1087 σμικρότατον
867 1014 1011 1072 εἶναι
1039 1020 1201 1072 τοῦτο
1227 1012 1540 1091 διάστημα
1524 1016 1565 1071 ῶ
1596 1038 1822 1089 μετρη-

178 1100 334 1172 τέον,
375 1103 432 1156 οι
472 1096 524 1156 δ’
559 1096 1037 1172 ἀμφισβητοῦντες
1069 1123 1140 1165 ως
1181 1097 1372 1171 ὅμοιον
1401 1097 1510 1172 ἤδη
1542 1110 1903 1172 φθεγγο-[436]

177 1185 381 1290 us'vmv’,
413 1181 714 1256 ἀμφότεροι
746 1184 856 1240 ῶτα
879 1186 977 1240 τοῦ
1001 1187 1102 1240 νοῦ
1126 1182 1580 1257 προστησάμενοι.
1633 1189 1677 1242 7
1701 1183 1789 1241 Σὺ

177 1268 311 1340 μὲν,
342 1268 413 1340 ἠν
445 1264 500 1324 δ’
537 1266 670 1340 ἐγῶ,
703 1291 831 1335 τους
862 1265 1130 1342 χρηστους
1160 1270 1337 1340 λέγεις
1360 1267 1486 1334 τοὺς
1517 1282 1636 1334 ταῖς
1667 1292 1788 1342 χορ-

179 1356 303 1418 δαῖς
327 1349 620 1425 πράγματα
643 1355 982 1425 παρέχοντας
1007 1353 1098 1408 καὶ
1121 1358 1538 1424 βασανίζοντας,
1565 1355 1652 1410 ἐπὶ
1678 1355 1790 1409 τῶν

112 1458 153 1491 15
178 1435 465 1493 κολλόπων
495 1440 915 1510 στρεβλοῦντας.
977 1441 1070 1494 ἵνα
1116 1436 1176 1492 δὲ
1206 1436 1279 1508 μὴ
1310 1437 1617 1509 μακροτέρα
1648 1433 1681 1509 ἡ
1715 1443 1787 1493 εἰ-

177 1518 292 1578 κῶν
330 1528 614 1594 γίγνηται,
655 1518 914 1596 πλήκτρῳ
957 1544 1016 1577 τε
1062 1524 1290 1592 πληγῶν
1318 1523 1664 1593 γιγνομένων
1697 1522 1787 1577 καὶ
1812 1539 1835 1571 b

176 1611 503 1678 κατηγορίας
538 1607 664 1678 πέρι
694 1606 786 1662 καὶ
819 1603 1158 1678 ἐξαρνήσεως
1189 1606 1280 1661 καὶ
1313 1603 1627 1673 ἀλαζονείας
1659 1629 1789 1678 χορ-

179 1692 320 1765 δῶν,
354 1688 598 1763 παύομαι
627 1692 722 1762 τῆς
755 1687 992 1760 εἰκόνος,
1041 1691 1132 1744 καὶ
1172 1687 1239 1745 οὔ
1270 1713 1410 1761 φημι
1441 1687 1666 1755 τούτους
1698 1691 1784 1745 λέ-

174 1795 314 1846 γειν,
339 1771 463 1830 ἀλλ’
504 1777 750 1839 ἐκείνους
774 1769 871 1839 οὓς
896 1780 1108 1846 ἔφαμεν
1132 1776 1239 1830 νῦν
1267 1771 1334 1845 δὴ
1366 1775 1489 1847 περὶ
1522 1769 1787 1848 ἁρμονίας

111 1877 154 1910 20
179 1861 450 1931 εἰρῆσθαι.
515 1863 560 1915 8.
593 1857 797 1915 ταυτὸν
836 1855 942 1931 γὰρ
989 1862 1208 1914 ποιοῦσι
1248 1870 1359 1924 τοῖς
1406 1861 1465 1914 ἐν
1496 1862 1561 1931 τῇ
1594 1856 1786 1931 ἀστρο-

176 1948 355 2017 νομία.
427 1940 554 2009 τοὺς
593 1939 698 2016 γάρ
742 1945 800 1999 ἐν
849 1940 1074 2008 ταύταις
1116 1954 1234 2007 ταῖς
1275 1950 1628 2014 συμφωνίαις
1667 1954 1786 2006 ταῖς

175 2024 539 2099 ἀκουομέναις
584 2023 856 2100 ἀριθμοὺς
899 2028 1185 2098 ζητουσιν,
1233 2023 1353 2082 ἀλλ’
1406 2049 1508 2082 ουκ
1542 2032 1616 2092 εἰς
1649 2047 1786 2099 προ-

175 2108 426 2183 βλήματα
450 2109 695 2182 ἀνίασιν,
729 2114 1050 2166 ἐπισκοπεῖν
1072 2114 1218 2175 τίνες
1243 2107 1528 2181 ξύμφωνοι
1555 2106 1784 2182 ἀριθμοὶ

175 2196 265 2249 καὶ
296 2199 442 2260 τίνες
474 2218 567 2266 ου,
601 2196 694 2250 καὶ
727 2193 819 2250 διὰ
848 2199 904 2250 τί
933 2191 1194 2264 ἑκάτεροι.

110 2297 152 2328 25
304 2283 350 2334 9.
391 2275 554 2334 Ἀλλα
593 2276 697 2349 γὰρ
738 2279 831 2333 καὶ
870 2273 1039 2333 ταῦθ’
1076 2274 1209 2348 ἡμῖν
1248 2273 1353 2348 πρὸ
1384 2271 1522 2332 ὁδοῦ
1552 2282 1783 2347 κείσθω,

176 2359 642 2433 ἀπολογουμένοις
684 2357 767 2417 ὅτι
807 2360 880 2433 μὴ
915 2365 1040 2433 δίχα
1083 2365 1329 2426 διανοίας
1360 2357 1534 2432 ὀρθῆς
1567 2362 1656 2416 καὶ
1687 2362 1782 2431 τῆς
1808 2384 1823 2406 e

175 2449 288 2503 τῶν
316 2449 547 2502 τοιῶνδε
570 2443 1045 2518 ἀχρηστομαθείας
1071 2442 1518 2518 ῶλιγωρήσαμεν.
1566 2443 1785 2512 σκεψῶ-

176 2540 323 2602 μεθα
355 2532 490 2600 δῆτα
537 2528 728 2586 λοιπὸν
773 2526 880 2600 ἤδη
925 2526 1149 2586 ἀνωθεν
1195 2525 1488 2600 ἀρξάμενοι
1533 2526 1627 2593 τὰς
1671 2533 1784 2584 τῶν

178 2615 484 2686 εἰρημένων
514 2615 769 2685 φυσικῶν
799 2611 1125 2684 φιλοσόφων
1158 2610 1487 2684 δογματικὰς
1518 2609 1653 2684 πρὸς
1685 2608 1784 2667 ἀλ-

112 2723 155 2756 30
179 2697 378 2769 λήλους
409 2695 732 2764 ἀντιδοξίας.
793 2694 995 2769 γράφει
1028 2696 1096 2767 δὴ
1128 2694 1348 2768 ἀθρόως
1379 2694 1642 2752 ἁπάντων
1671 2699 1782 2751 τῶν

175 2784 555 2838 Πλατωνικῶν
586 2776 722 2852 ὁμοῦ
754 2782 844 2836 καὶ
877 2786 1286 2852 Πυθαγορείων
1317 2784 1427 2836 τῶν
1456 2803 1514 2836 τε
1546 2786 1623 2836 ἔτι
1653 2800 1780 2851 πρε-

178 2868 465 2939 σβυτέρων
488 2868 744 2938 φυσικῶν
766 2862 1089 2938 φιλοσόφων
1116 2866 1556 2936 ἐπικεκλημένων
1588 2863 1677 2918 καὶ
1710 2853 1784 2917 αὖ
