2014 3146
631 122 846 165 PRAEP.
883 122 1102 164 EVANG.
1135 123 1232 163 XV.
1267 122 1306 163 5.
1667 122 1771 174 349

160 243 272 308 ξεσι
313 240 741 312 κατεσχημένος,
793 235 862 294 ἀν
901 237 1295 312 καταφρονήσῃ
1334 242 1447 297 τῶν
1484 241 1640 296 θεῶν
1679 242 1771 296 καὶ
1795 252 1816 284 b

159 324 336 397 μηδὲν
386 329 586 397 νομίσῃ
640 321 775 395 πρὸς
827 318 1023 394 αὑτὸν,
1079 319 1174 379 ἅτε
1220 322 1407 395 πόρρω
1447 324 1549 396 μὲν
1587 322 1774 381 αὐτῶν

159 405 539 484 ἀπῳκισμένος
582 411 642 464 ἐν
680 409 758 482 τῷ
787 411 912 479 ζῆν,
953 405 1262 465 ἀποθανών
1304 408 1366 478 δὲ
1396 406 1528 464 οὐδὲ
1561 415 1638 465 ἔτι
1673 405 1770 479 ὢν,

162 495 372 565 ἕτοιμος
403 487 473 549 ἀν
504 497 658 549 ἔλθοι
690 490 825 563 πρὸς
854 489 914 548 τὸ
938 497 1259 564 χαρίζεσθαι
1282 507 1399 557 ταῖς
1432 496 1768 565 ἐπιθυμίαις.

117 600 138 632 5
161 580 208 633 5.
245 582 434 633 πίστιν
463 574 567 648 γὰρ
599 582 795 647 λαβεῖν
824 577 949 648 περὶ
981 579 1080 632 τοῦ
1111 583 1312 633 λαθεῖν
1335 573 1637 634 ἀδικοῦντα
1669 575 1771 634 οὐκ

160 659 472 732 ἀδύνατον,
502 657 573 718 ἀν
602 682 666 732 γε
697 657 1035 731 ἀνθρώπους
1068 661 1165 732 δέῃ
1198 659 1529 718 λανθάνειν·
1563 658 1630 717 οὐ
1660 659 1771 734 μὴν

161 742 466 817 ἀναγκαῖον
498 747 557 801 ἐκ
587 743 790 809 παντὸς
822 751 1023 801 λαθεῖν
1048 751 1253 816 ζητεῖν,
1286 742 1426 801 ὅπου
1457 747 1524 817 γέ
1549 769 1628 810 τις
1659 748 1771 801 τῶν

160 827 574 902 πεφωρακότων
615 841 842 900 κρατεῖν
876 826 1112 892 δυνατός
1146 831 1307 885 ἐστιν.
1383 826 1523 885 ὥστε
1554 828 1770 901 ἕτοιμόν

161 938 211 970 τι
255 919 436 986 χρῆμα
481 912 616 982 πρὸς
658 909 882 968 ἀδικίαν
922 907 955 983 ἡ
995 918 1091 984 τῆς
1132 918 1394 985 προνοίας
1441 910 1767 984 ἀπόγνωσις.

99 1022 136 1054 10
162 1003 208 1054 6.
256 1001 462 1063 ἐκεῖνος
501 1005 604 1070 μὲν
643 995 746 1069 γὰρ
789 997 879 1052 καὶ
922 994 1072 1053 πάνυ
1113 995 1342 1071 χρηστός
1395 1001 1574 1068 ἐστιν,
1624 995 1771 1062 ὅστις

160 1081 263 1153 τὴν
301 1079 512 1154 ἡδονὴν
550 1079 684 1154 ἡμῖν
722 1086 1013 1153 προτείνας
1056 1077 1128 1148 [ὃς
1168 1079 1412 1154 ἀγαθὸν,
1454 1084 1546 1138 καὶ
1578 1081 1680 1152 τὴν
1713 1084 1771 1138 ἐκ
1798 1107 1815 1130 c

161 1170 315 1224 θεῶν
345 1163 538 1223 ἀδειαν
569 1164 1013 1238 παρασχόμενος,
1053 1171 1129 1222 ἔτι
1159 1165 1411 1238 μηχανὴν
1443 1166 1578 1238 πρὸς
1610 1164 1670 1222 τὸ
1700 1164 1772 1238 μη

160 1249 379 1307 ἀδικεῖν
419 1256 661 1324 πορίζειν
702 1259 902 1321 οἰέται,
948 1247 1138 1322 ὅμοιόν
1181 1274 1231 1307 τι
1263 1253 1439 1307 ποιῶν
1471 1253 1638 1326 ιάτρςῦ
1670 1248 1774 1322 τὴν

147 1335 263 1407 γμὲν
293 1341 371 1391 ἔτι
395 1339 591 1403 ζῶντος
615 1339 714 1392 τοῦ
737 1333 1040 1407 κάμνοντος
1064 1333 1335 1406 βοήθειαν
1359 1337 1605 1407 παρέντι,
1638 1332 1771 1406 μετά
1788 1353 1883 1396 [467]

101 1442 140 1474 15
165 1417 412 1476 θάνατον
455 1420 516 1476 δὲ
558 1421 783 1476 πλέκειν
822 1415 974 1483 τινάς
1005 1416 1251 1491 μηχανάς
1283 1422 1607 1495 πειρωμένῳ
1638 1418 1773 1490 πρὸς

164 1510 443 1612 σωτηρίαν
482 1509 578 1559 τοῦ
610 1507 932 1568 τεθνεῶτος.
997 1507 1041 1559 7.
1077 1511 1472 1576 παραπλησίως
1506 1504 1567 1560 δὲ
1597 1501 1772 1578 τούτῳ

163 1590 254 1644 καὶ
285 1584 313 1644 ὁ
346 1586 927 1661 Περιπατητικός.οὐ
962 1586 1066 1659 γὰρ
1097 1585 1271 1653 οὕτως
1302 1584 1334 1660 ἡ
1361 1590 1485 1659 περὶ
1509 1587 1610 1659 τὴν
1641 1586 1776 1659 ἡδο-

165 1671 272 1744 νὴν
302 1671 519 1744 σπουδὴ
564 1696 638 1737 ως
669 1697 702 1744 η
735 1669 870 1744 πρὸς
901 1670 959 1728 τὸ
991 1681 1152 1728 θεῖον
1182 1669 1264 1728 ὅτι
1296 1670 1517 1743 κη’δοιτο
1548 1670 1774 1728 ἀπιστία

163 1754 266 1827 τὴν
297 1753 522 1813 ἀδικίαν
554 1754 942 1829 ἐπιρρώννυσι
1004 1762 1062 1812 τί
1086 1748 1220 1827 οὖν,
1262 1754 1436 1827 φήσαι
1467 1781 1547 1822 τις
1579 1751 1679 1827 ἀν,
1717 1758 1775 1812 ἐν

101 1865 142 1897 20
165 1864 345 1897 ταυτω
368 1839 576 1906 τάττεις
594 1838 974 1913 Ἀριστοτέλην
998 1842 1089 1896 καὶ
1105 1839 1461 1914 Ἐπίκουρον;
1494 1839 1644 1897 πάνυ
1673 1864 1776 1913 μεν
1802 1860 1822 1891 d

166 1917 295 1997 οὐν,
329 1923 400 1991 ὥς
431 1948 494 1997 γε
524 1923 658 1998 πρὸς
690 1923 749 1981 τὸ
780 1931 1163 1998 προκείμενον.
1226 1930 1272 1981 8.
1306 1932 1364 1981 τί
1388 1923 1491 1997 γάρ
1525 1927 1777 1998 διαφέρει

166 2008 301 2081 πρὸς
343 2005 481 2082 ἡμᾶς
524 2006 556 2080 ἢ
596 2012 694 2066 τοῦ
736 2007 944 2081 κόσμου
982 2009 1042 2065 τὸ
1083 2019 1246 2066 θεῖον
1278 2011 1653 2076 ἐξοικίσασθαι
1684 2010 1775 2065 καὶ

166 2097 444 2165 μηδεμίαν
474 2091 607 2165 ἡμῖν
637 2091 771 2166 πρὸς
803 2091 937 2149 αὐτὸ
968 2100 1268 2150 κοινωνίαν
1297 2090 1618 2163 ἀπολιπεῖν,
1651 2088 1684 2164 ἢ
1718 2095 1776 2149 ἐν

167 2175 352 2253 κόσμῳ
383 2174 510 2242 τούς
541 2176 709 2242 θεοὺς
740 2181 1111 2248 καθείρξαντα
1140 2181 1252 2232 τῶν
1283 2179 1372 2234 ε’πὶ
1395 2180 1493 2248 γῆς
1524 2174 1777 2249 πραγμά-

105 2283 145 2316 25
169 2285 280 2318 των
320 2259 655 2333 ἀποστῆσαι;
699 2257 820 2316 κατ’
869 2270 990 2317 ἴσον
1030 2258 1135 2334 γάρ
1176 2259 1310 2333 παρ’
1358 2259 1688 2333 ἀμφοτέροις
1717 2260 1776 2318 τὸ

173 2348 232 2401 ἐκ
271 2349 423 2402 θεῶν
463 2342 658 2417 ἀμελὲς
699 2350 776 2410 εἰς
816 2345 943 2410 τοὺς
984 2343 1347 2417 ἀνθρώπους,
1398 2347 1488 2402 καὶ
1532 2355 1623 2418 ἴση
1665 2359 1777 2412 τοῖς

172 2428 464 2486 ἀδικοῦσιν
495 2428 527 2500 ἡ
559 2426 666 2485 ἀπὸ
696 2431 809 2484 τῶν
838 2433 993 2486 θεῶν
1021 2427 1193 2485 ἄδεια.
1248 2429 1308 2486 τὸ
1341 2429 1403 2487 δὲ
1429 2433 1656 2486 ἐκείνων
1685 2454 1777 2502 με·

171 2511 385 2570 νόντων
409 2511 530 2569 κατ’
568 2511 808 2586 οὐρανὸν
832 2515 923 2570 καὶ
957 2509 1096 2586 ἡμᾶς
1120 2538 1171 2570 τι
1201 2514 1438 2587 χρηστὸν
1473 2511 1778 2572 ἀπολαύειν

172 2596 406 2670 μάλιστα
436 2597 537 2670 μὲν
567 2594 755 2654 κοινὸν
786 2599 878 2654 καὶ
909 2596 1128 2670 ἀλόγων
1159 2601 1250 2655 καὶ
1282 2597 1543 2672 ἀψύχων,
1576 2597 1685 2671 ἤδη
1718 2599 1778 2655 δὲ

110 2704 151 2736 30
173 2681 344 2757 ταύτῃ
376 2705 438 2754 γε
468 2683 558 2738 καὶ
592 2679 711 2738 κατ’
743 2679 1069 2756 Ἐπίκουρον
1098 2680 1287 2755 ὄνησις
1316 2697 1429 2750 τοῖς
1459 2681 1777 2756 ἀνθρώποις

175 2762 281 2822 ἀπὸ
311 2770 466 2823 θεῶν
495 2772 721 2839 γίνεται.
777 2771 823 2823 9.
866 2764 960 2834 τάς
994 2770 1132 2839 γοῦν
1163 2774 1449 2839 βελτίονας
1481 2764 1778 2841 ἀπορροίας
1802 2789 1892 2831 (800)

177 2847 363 2907 αὐτῶν
392 2869 529 2923 φασι
560 2865 671 2917 τοῖς
694 2854 1024 2924 μετασχοῦσι
1047 2850 1304 2924 μεγάλων
1327 2848 1560 2924 ἀγαθῶν
1584 2873 1777 2925 παραι-
