2014 3146
247 113 348 165 168
916 112 1165 154 EUSEBII

496 220 613 283 θεὸς
637 222 727 287 μὲν
751 223 912 273 αἰτίαν
937 219 1053 285 φύει
1077 225 1296 289 βροτοῖς,

196 318 220 350 d
384 290 503 344 ὅταν
528 298 750 343 κακῶσαι
777 295 915 358 δῶμα
939 290 1213 359 παμπήδην
1237 294 1376 362 θέλῃ.

245 401 324 454 15.
358 393 479 454 ἀλλ’
514 395 610 453 ἐάν
639 420 719 463 τις
750 403 880 471 ποιῇ
907 399 965 454 ἐν
988 393 1071 463 οἷς
1100 399 1271 453 ταῦτα
1303 394 1367 453 τὰ
1393 402 1617 500 ἰαμβεῖα
1649 403 1844 468 ἔνεστι,

239 481 306 538 τὰ
337 485 431 554 τῆς
463 480 676 554 Νιόβης
717 479 872 554 πάθη
912 478 947 554 ἢ
986 506 1052 538 τα
1092 483 1424 539 Πελοπιδῶν
1464 476 1498 554 ἢ
1527 481 1593 538 τὰ
1632 480 1846 556 Τρωικὰ

239 562 276 638 ῄ
305 589 356 622 τι
387 563 519 624 ἀλλο
549 569 662 623 τῶν
690 564 984 638 τοιούτων,
1016 562 1049 638 ἢ
1073 562 1139 623 οῦ
1170 569 1309 623 θεοῦ
1335 571 1468 639 ἔργα
1495 568 1680 623 ἐατέον
1711 563 1848 623 αὐτα
1871 589 1891 621 5

239 652 453 723 λέγειν,
486 647 521 724 ἢ
555 656 605 708 εἰ
633 654 799 723 θεοῦ,
844 652 1157 725 ἐξευρετέον
1188 647 1377 717 αὐτοῖς
1419 648 1664 724 σχεδὸν
1648 675 1712 707 ον
1743 653 1848 707 νῦν

238 733 394 808 ἡμεῖς
426 733 591 808 λόγον
622 741 913 810 ζητοῦμεν,
946 737 1037 792 καὶ
1068 736 1289 792 λεκτέον
1320 733 1392 802 ὡς
1423 733 1451 792 ὁ
1475 735 1578 808 μὲν
1606 733 1737 802 θεὸς
1770 739 1850 791 δί-

240 818 368 877 καιά
398 843 455 876 τε
498 822 590 877 καὶ
629 818 817 892 ἀγαθά
848 818 1147 894 εἰργάζετο,
1191 825 1249 876 οὗ
1287 820 1347 876 δὲ
1389 815 1660 877 ῶνίναντο
1692 826 1850 876 κολα-

242 903 469 976 ζόμενοι.
535 904 607 971 ῶς
651 902 706 961 δ’
740 903 925 963 ἄθλιοι
956 906 1058 978 μὲν
1087 910 1144 961 oc
1172 910 1335 977 δίκην
1366 903 1644 976 διδόντες,
1688 895 1760 975 ἦν
1792 904 1850 960 δὲ

238 984 267 1046 ὁ
301 993 453 1062 δρῶν
482 994 654 1046 ταῦτα
684 988 843 1061 θεὸς,
885 986 990 1046 οῦκ
1032 990 1220 1046 ἐατέον
1262 991 1443 1061 λέγειν
1472 988 1569 1046 τὸν
1598 986 1846 1061 ποιητήν.
1874 1012 1913 1043 10

243 1078 323 1130 16.
358 1070 483 1130 ἀλλ’
522 1080 573 1132 εἰ
608 1075 711 1148 μὲν
754 1072 836 1131 ὅτι
870 1072 1186 1146 ἐδεήθησαν
1225 1071 1500 1139 κολάσεως
1532 1075 1746 1145 λέγοιεν
1778 1070 1851 1138 ὥς

127 1176 221 1217 (644)
240 1157 426 1216 ἄθλιοι
457 1162 515 1215 οἱ
548 1161 739 1228 κακοὶ,
782 1156 1028 1225 διδόντες
1074 1159 1134 1214 δὲ
1180 1163 1344 1230 δίκην
1385 1155 1704 1230 ὠφελοῦντο
1742 1152 1851 1213 ὑπὸ

238 1246 337 1300 τοῦ
367 1246 533 1315 θεοῦ,
569 1246 769 1300 ἐατέον.
850 1247 928 1299 17.
963 1247 1151 1301 κακῶν
1192 1243 1254 1299 δὲ
1294 1252 1472 1300 αἴτιον
1511 1240 1684 1315 φάναι
1715 1239 1854 1299 θεόν

238 1351 347 1384 τινι
361 1333 657 1400 γίγνεσθαι
669 1326 889 1400 ἀγαθὸν
911 1325 1062 1399 όντα,
1090 1328 1457 1401 διαμαχητέον
1469 1329 1635 1384 παντὶ
1646 1324 1850 1402 τρόπῳ,

238 1410 373 1484 μήτε
412 1436 536 1469 τινα
575 1416 747 1470 ταῦτα
779 1415 962 1485 λέγειν
994 1416 1053 1470 ἐν
1082 1416 1148 1486 τῇ
1192 1414 1393 1469 ἑαυτοῦ
1424 1410 1610 1482 πόλει,
1643 1417 1695 1468 εἰ
1721 1413 1850 1484 μέλ-
1878 1433 1916 1465 15

239 1505 322 1553 λει
355 1493 794 1570 εὐνομήσεσθαι,
826 1496 962 1571 μήτε
991 1494 1115 1554 τινα
1138 1493 1389 1567 ἀκούειν,
1421 1494 1557 1599 μήτε
1580 1493 1852 1568 νεώτερον

236 1580 372 1654 μήτε
402 1580 808 1657 πρεσβύτερον,
849 1580 984 1655 μήτε
1017 1584 1075 1639 ἐν
1104 1584 1282 1657 μέτρῳ
1313 1579 1434 1654 μήτ’
1478 1580 1614 1638 ἄνευ
1642 1582 1845 1654 μέτρου

237 1668 680 1738 μυθολογοῦντα,
714 1663 786 1734 ῶς
817 1665 944 1723 οὕτε
974 1663 1098 1723 ὅσια
1121 1661 1192 1722 ἂν
1222 1663 1509 1739 λεγόμενα,
1546 1671 1596 1722 εί
1617 1667 1858 1736 λέγοιτο,

238 1748 367 1806 οῦτε
381 1749 673 1825 ξύμφορα
646 1765 779 1823 ημῖν
795 1748 922 1808 οὔτε
937 1749 1206 1851 ξύμφωνα
1219 1747 1358 1806 αῦτα
1373 1745 1574 1815 αὑτοῖς.
1603 1753 1682 1806 18.
1698 1746 1852 1820 Ξύμ-

239 1833 423 1907 ψηφός
456 1854 541 1892 σοι
574 1838 719 1908 εἰμὶ,
753 1842 888 1907 ἔφη,
919 1834 1117 1891 τούτου
1148 1838 1247 1891 τοῦ
1277 1832 1482 1906 νόμου,
1526 1829 1689 1905 κάμοὶ
1720 1831 1849 1907 ἀρέ-
1872 1858 1914 1890 20

194 1943 217 1975 b
242 1937 391 1975 Gna.-
441 1910 615 1984 Οῦτος
646 1942 749 1991 μεν
778 1925 997 1989 τοίνυν,
1041 1911 1110 1989 ἦν
1143 1914 1196 1975 δ’
1233 1917 1367 1990 ἐγω,
1412 1914 1490 1984 εἷς
1521 1914 1592 1974 ἂν
1624 1925 1708 1989 εἴη
1740 1920 1852 1974 τῶν

239 2005 366 2075 περὶ
396 2007 535 2060 θεοῦ
580 2002 766 2076 νόμων
807 2028 865 2061 τε
895 2005 988 2060 καὶ
1017 2001 1236 2101 τύπων,
1283 2005 1342 2059 ἐν
1381 1998 1464 2068 οἷς
1509 2000 1694 2074 δεήσει
1723 2001 1852 2067 τούς

237 2110 295 2143 τε
348 2088 606 2158 λέγοντας
649 2091 830 2159 λέγειν
881 2090 972 2144 καὶ
1024 2085 1149 2152 τούς
1200 2089 1495 2152 ποιοῦντας
1535 2099 1718 2143 ποιεῖν
1775 2084 1850 2158 μὴ

126 2195 217 2239 [378]
239 2169 465 2228 πάντων
490 2182 666 2229 αἰτιον
683 2171 778 2229 τὸν
799 2171 956 2243 θεὸν,
983 2168 1132 2228 ἀλλά
1133 2174 1244 2228 τῶν
1258 2168 1506 2243 ἀγαθῶν.
1550 2172 1659 2228 Καὶ
1685 2168 1848 2243 μάλα,

239 2262 363 2357 ἔφη,
396 2254 623 2330 ἀπόχρη.
694 2262 768 2314 Ι9.
805 2263 876 2314 Τί
896 2257 957 2313 δε
982 2252 1098 2328 δὴ
1074 2281 1102 2312 ο
1128 2253 1381 2328 δεύτερος
1399 2253 1523 2323 ὅδε;
1557 2246 1663 2326 ἀρα
1679 2254 1848 2326 γόητα
1873 2278 1915 2310 25

237 2339 333 2396 τὸν
374 2340 511 2396 θεὸν
551 2349 655 2398 οἰέι
697 2341 866 2412 εἶναι,
909 2342 1000 2398 καὶ
1041 2337 1161 2398 οἷον
1203 2343 1255 2407 ἐξ
1300 2343 1596 2412 ἐπιβουλῆς
1638 2337 1850 2412 φαντά-

239 2429 434 2491 ζεσθαι
464 2421 657 2481 ἄλλοτε
691 2428 750 2481 έν
773 2422 963 2492 ἄλλαις
983 2427 1155 2491 ἰδέαις
1171 2469 1184 2495 ,
1216 2425 1334 2481 τοτὲ
1351 2425 1452 2497 μὲν
1476 2421 1645 2480 αὐτὸν
1667 2421 1849 2495 γιγνό-

238 2529 408 2579 μενον
462 2510 552 2564 καὶ
605 2505 942 2566 ἀλλάττοντα
992 2508 1051 2566 τὸ
1102 2505 1274 2565 αὑτοῦ
1320 2509 1466 2575 εἶδος
1521 2514 1598 2573 είς
1645 2505 1849 2572 πολλας

238 2615 482 2663 μορφας,
523 2615 643 2648 τοτε
685 2593 746 2648 δε
788 2589 928 2666 ἡμᾶς
959 2592 1254 2650 ἀπατῶντα
1294 2595 1386 2649 καὶ
1426 2594 1691 2649 ποιοῦντα
1721 2591 1914 2729 περὶ0

201 2703 218 2725 c
243 2671 415 2733 αὑτοῦ
446 2679 670 2732 τοιαῦτα
715 2681 933 2748 δοκεῖν,
975 2672 1008 2749 ἢ
1042 2673 1256 2734 απλοῦν
1285 2701 1342 2733 τε
1376 2675 1546 2746 εἶναι,
1589 2678 1680 2730 καὶ
1711 2672 1886 2730 πάν-3

238 2783 349 2816 των
372 2757 569 2831 ἥκιστα
586 2764 680 2832 τῆς
705 2758 874 2817 αὑτοῦ
902 2764 1050 2828 ἰδέας
1077 2764 1382 2833 ἐκβαινειν;
1420 2757 1538 2817 Οὐκ
1563 2764 1686 2831 ἔχω,
1719 2765 1843 2831 ἔφη,

237 2848 345 2901 νῦν
387 2867 448 2916 γε
487 2842 659 2911 οὕτως
703 2850 895 2901 εἰπεῖν.
969 2849 1052 2902 20.
1095 2851 1165 2902 Τί
1193 2846 1252 2902 δὲ·
1281 2843 1435 2914 τόδε;
1479 2840 1580 2901 οὐκ
1610 2841 1844 2914 ἀνάγκη,
