2014 3146
279 114 379 166 120
955 114 1203 156 EUSEBII

276 229 563 303 βάναυσοι.
633 235 708 306 τῷ
752 221 856 287 οὖν
895 227 1186 285 ἀδικοῦντι
1224 231 1316 286 καὶ
1358 226 1554 288 ἀνόσια
1595 232 1811 303 λε’γοντι
1851 228 1885 304 ἢ

276 314 568 390 πράττοντι
598 317 789 390 μακρῷ
821 310 1000 387 ἄριστ’
1037 319 1146 386 ἔχει
1177 310 1237 370 τὸ
1267 312 1340 386 μὴ
1372 329 1685 390 συγχωρεῖν
1717 318 1886 391 δεινῷ

275 398 388 456 ὑπὸ
420 403 762 472 πανουργίας
794 397 952 455 εἶναι.
1026 401 1106 454 18.
1139 395 1471 469 ἀγάλλονται
1500 398 1604 473 γὰρ
1633 403 1709 476 τῷ
1740 396 1881 457 ὀνεί-

278 489 380 555 δει,
413 485 504 540 καὶ
535 492 744 539 οἰονται
775 480 1000 539 ἀκούειν
1022 479 1107 538 ὅτι
1131 480 1196 538 οὐ
1221 485 1384 558 λῆροί
1413 488 1546 555 εἰσι,
1578 487 1678 555 γῆς
1707 481 1886 550 άλλως

274 566 454 641 άχθη,
487 565 608 623 ἀλλ’
647 564 848 640 ἄνδρες
878 571 1030 632 οιόυς
1063 571 1152 623 δεῖ
1181 570 1241 624 ἐν
1279 565 1434 624 πόλει
1473 565 1602 634 τοὺς
1633 579 1931 641 σωθησο-5

166 656 492 726 (Βοωμένους.
555 653 777 708 λεκτέον
822 652 925 708 οὑν
963 649 1232 725 τάληθὲς,
1275 650 1357 708 ὅτι
1396 649 1639 728 τοσούτω
1679 651 1887 725 μᾶλλόν

278 743 421 794 εἰσιν
452 733 559 794 οἷοι
604 735 708 793 οὐκ
748 745 986 806 οῖ’,ονται
1031 734 1113 792 ὅτι
1155 734 1277 810 οὐχὶ
1318 744 1541 794 οἴονται.
1625 733 1888 809 ἀγνοοῦσι

276 820 380 896 γὰρ
414 826 610 894 ζημίαν
651 818 904 893 ἀδικιάς,
946 817 976 877 ὃ
1019 824 1108 877 δεῖ
1144 817 1339 892 ἥκιστα
1379 818 1620 892 ἀγνοεῖν.
1683 819 1751 878 οὐ
1782 819 1887 894 γάρ

279 910 428 964 ἐστιν
469 902 539 978 ἣν
572 909 831 977 δοκοῦσι,
863 910 1074 977 πληγαί
1099 928 1158 961 τε
1189 907 1281 962 καὶ
1305 903 1569 976 θάνατοι,
1603 897 1681 962 ὧν
1714 909 1889 963 ε’νίοτε

276 989 586 1063 πάσχουσιν
618 987 785 1047 οὐδεν
816 988 1171 1062 ἀδικοῦντες,
1214 988 1353 1046 ἀλλὰ
1383 985 1454 1061 ἣν
1484 987 1766 1048 ἀδύνατον
1799 993 1889 1046 ἐκ-
1913 1013 1954 1046 10

278 1088 499 1148 φυγεῖν.

410 1164 490 1215 19.
546 1166 682 1215 Τίνα
717 1157 784 1229 δὴ
818 1160 1020 1231 λέγεις;

403 1241 912 1316 Παραδειγμάτων,
956 1244 997 1300 ὠ
1039 1248 1197 1315 φίλε,
1242 1245 1302 1300 ἐν
1339 1245 1416 1319 τῷ
1456 1239 1574 1300 ὄντι
1616 1241 1889 1315 ἑστώτων,

275 1331 376 1385 τοῦ
404 1352 506 1401 μεν
527 1333 693 1385 θείου
718 1325 1237 1401 εὐδαιμονεστάτου,
1269 1333 1367 1384 τοῦ
1394 1327 1455 1383 δε
1478 1325 1654 1384 ἀθέου
1677 1324 1891 1385 ἀθλιω-

275 1410 443 1470 τάτου
463 1457 478 1485 ,
512 1409 613 1484 οὐχ
644 1407 880 1486 ὁρωντες
910 1407 993 1469 ὅτι
1023 1409 1197 1477 οὕτως
1230 1418 1370 1485 ἔχει,
1402 1409 1511 1469 ὑπὸ
1543 1409 1888 1485 ἠλιθιότητός
1916 1435 1956 1469 15

232 1516 254 1547 b
277 1520 335 1554 τε
365 1499 457 1554 καὶ
497 1502 593 1568 τῆς
625 1495 853 1570 ἐσχάτης
885 1495 1078 1562 ἀνοίας
1109 1494 1455 1554 λανθάνουσι
1496 1501 1569 1572 τῷ
1609 1520 1712 1569 μεν
1741 1495 1890 1569 ὁμοι-

278 1579 504 1655 ούμενοι
538 1579 628 1637 διά
658 1579 756 1647 τάς
786 1578 1015 1647 ἀδίκους
1047 1579 1296 1655 πράξεις,
1328 1605 1404 1637 τω
1436 1581 1497 1637 δε
1527 1579 1890 1654 ἀνομοιούμε-

277 1682 387 1723 νοι·
436 1666 503 1723 οὐ
548 1663 614 1737 δὴ
655 1671 870 1723 τίνουσι
913 1671 1103 1737 δίκην,
1148 1668 1341 1734 ζωντες
1392 1664 1490 1722 τὸν
1531 1663 1713 1724 εἰκότα
1765 1671 1891 1737 βίον

279 1773 320 1805 ω
366 1748 697 1822 ὁμοιοῦνται.
767 1755 852 1807 20.
889 1745 959 1807 ἀν
995 1750 1056 1806 δε
1101 1759 1343 1822 εἰπωμεν
1375 1746 1485 1822 ὅτι,
1511 1744 1580 1806 ἀν
1616 1747 1690 1822 μὴ
1713 1745 1892 1806 ἀπαλ-

280 1808 488 1906 λαγῶσι
527 1837 624 1905 τῆς
667 1832 1005 1906 δεινότητος,
1061 1836 1154 1890 καὶ
1202 1831 1635 1906 τελευτήσαντας
1687 1830 1889 1901 αὐτοὺς
1911 1858 1957 1890 20

281 1921 487 1983 ἐκεῖνος
526 1918 628 1990 μὲν
668 1914 695 1974 ὃ
746 1920 856 1974 τῶν
896 1922 1083 1974 κακῶν
1133 1915 1378 1988 καθαρὸς
1418 1916 1582 1983 τόπος
1627 1915 1694 1975 οὐ
1738 1920 1891 1986 δέξε-

278 2027 396 2075 ται,
452 2000 660 2059 ἐνθάδε
701 2003 763 2059 δὲ
802 2000 904 2074 τὴν
944 2000 1131 2068 αὑτοῖς
1166 2000 1458 2075 ὁμοιότητα
1493 2007 1769 2075 διαγωγῆς
1803 2000 1890 2060 ἀεὶ

281 2090 495 2159 ἕξουσι,
529 2088 686 2143 κακοὶ
718 2101 906 2153 κακοῖς
939 2084 1231 2158 συνόντες,
1262 2089 1434 2143 ταῦτα
1466 2084 1536 2158 δὴ
1561 2089 1652 2143 καὶ
1681 2086 1891 2144 παντά-

280 2189 450 2229 πασιν
481 2169 553 2238 ὡς
587 2173 762 2229 δεινοὶ
794 2173 886 2227 καὶ
918 2173 1223 2244 πανοῦργοι
1253 2167 1505 2244 ἀνοήτων
1528 2173 1697 2228 τινῶν
1727 2167 1890 2228 ἀκού-

282 2274 490 2313 σονται
1886 2251 1957 2310 ’25

407 2343 492 2396 21.
546 2341 650 2396 Καὶ
681 2338 827 2412 μάλα
861 2337 958 2411 δὴ,
994 2363 1035 2395 ω
1069 2337 1378 2447 Σώκρατες.

231 2451 250 2473 c
413 2421 555 2479 Οἶδά
585 2446 696 2496 τοι,
731 2447 772 2478 ω
807 2425 1004 2495 ἑταῖρε.
1069 2448 1129 2480 εν
1159 2424 1346 2496 μέντοι
1375 2447 1426 2480 τι
1459 2421 1647 2489 αὐτοῖς
1679 2427 1890 2496 συμβέ-

282 2513 482 2578 βηκεν,
523 2503 656 2563 ὅταν
698 2511 814 2563 ἰδία
845 2505 1009 2578 λόγον
1052 2509 1150 2580 δέῃ
1184 2511 1387 2564 δοῦναί
1412 2530 1469 2564 τε
1500 2510 1592 2564 καὶ
1624 2509 1890 2575 δέξασθαι

282 2592 409 2692 περὶ
452 2581 531 2646 ων
573 2592 831 2663 ψέγουσι,
873 2593 965 2646 καὶ
1007 2589 1353 2662 ἐθελήσωσιν
1394 2590 1669 2664 ἀνδρικῶς
1709 2588 1889 2648 πολύν

282 2673 483 2777 χρόνον
522 2670 847 2747 υπομεῖναι,
902 2676 994 2730 καὶ
1031 2673 1104 2747 μὴ
1153 2673 1443 2747 ἀνάνδρως
1483 2687 1714 2747 φυγεῖν,
1753 2673 1889 2731 τότε
1910 2698 1953 2731 30

168 2775 267 2819 [356]
283 2780 526 2829 ατοπως,
581 2783 621 2814 ω
664 2757 944 2831 δαιμόνιε,
993 2762 1357 2824 τελευτωντες
1406 2755 1508 2815 οὐκ
1556 2755 1888 2832 ἀρέσκουσιν

284 2840 439 2901 αὐτοὶ
470 2838 656 2909 αὐτοῖς
688 2844 814 2917 περὶ
846 2866 924 2900 ων
956 2843 1205 2915 λέγουσι,
1238 2844 1330 2899 καὶ
1352 2841 1386 2915 ἡ
1412 2841 1671 2917 ρητορικὴ
1704 2846 1888 2915 ἐκείνη
