2014 3146
578 96 790 137 PRAEP.
820 95 1039 139 EVANG.
1071 95 1169 139 xv.
1201 98 1269 137 22.
1302 98 1369 140 23.
1678 95 1780 147 393

312 215 359 268 2.
414 211 770 285 Ξενοφάνης,
827 215 886 269 ἐκ
937 216 1214 286 πυριδίων
1265 215 1378 270 τῶν
1427 214 1782 286 φαινομένων

175 299 695 371 συναθροιζομένων
735 296 837 368 μὲν
878 300 938 353 ἐκ
979 301 1074 368 τῆς
1115 295 1290 371 ὑγροῖς
1332 295 1779 371 ἀναθυμιάσεως,

175 379 660 455 συναθροιζόντων
701 380 762 436 δὲ
804 377 900 438 τὸν
939 377 1099 453 ῆλιον
1131 385 1190 438 ἐκ
1230 384 1421 453 νεφῶν
1451 384 1782 455 πεπυρωμέ-

171 487 304 522 νων.

129 585 150 618 5
301 566 348 619 3.
389 566 463 619 Oc
488 564 757 634 Στωϊκοὶ,
789 559 1012 636 ἄναμμα
1046 561 1239 636 νοερὸν
1272 566 1330 620 ἐκ
1361 561 1664 636 θαλάσσης.

299 679 346 731 4.
381 672 649 747 Πλάτων,
685 677 744 730 ἐκ
774 681 1038 731 πλείστου
1071 673 1259 748 πυρός.

299 790 346 844 5.
384 784 779 859 Ἀναξαγόρας,
823 785 1195 859 Δημόκριτος,
1239 785 1637 862 Μητρόδωρος,
1679 786 1779 860 μύ-

174 876 310 944 δρον
339 867 373 943 ἢ
397 872 598 943 πέτρον
638 868 928 944 διάπυρον.

300 987 346 1039 6.
383 980 787 1057 Ἀριστοτέλης,
843 997 1090 1055 σφαῖραν
1133 985 1191 1039 ἐκ
1239 986 1337 1039 τοῦ
1379 984 1627 1055 πέμπτου
1670 982 1780 1040 σώ-

110 1090 149 1122 10
173 1090 354 1140 ματος.

304 1170 347 1222 7.
386 1164 654 1231 Φιλόλαος
685 1160 713 1221 ὁ
738 1162 1128 1238 Πυθαγόρειος
1155 1170 1349 1222 δίσκον
1378 1160 1659 1238 ὑαλοειδῆ,
1696 1170 1779 1222 δε-

170 1247 406 1323 χόμενον
435 1250 538 1321 μὲν
568 1254 665 1306 τοῦ
698 1251 758 1306 ἐν
788 1251 864 1326 τῷ
887 1247 1072 1325 κόσμῳ
1099 1246 1272 1322 πυρὸς
1295 1247 1396 1321 τῆν
1427 1247 1779 1322 ἀνταύγειαν,

173 1336 479 1406 διηθοῦντα
514 1333 574 1389 δὲ
605 1330 741 1406 πρὸς
771 1329 910 1406 ἡμᾶς
940 1331 999 1389 τὸ
1031 1337 1173 1405 φῶς·
1231 1329 1370 1389 ὥστε
1399 1335 1780 1407 προσεοικέναι

171 1413 332 1489 ἡλίου
370 1414 427 1474 τὸ
475 1420 534 1474 ἐν
576 1414 798 1493 οὐρανῷ
840 1420 1095 1490 πυρῶδες
1135 1421 1202 1492 τῇ
1232 1414 1339 1474 ἀπὸ
1381 1421 1478 1474 τοῦ
1512 1417 1780 1492 ἐνόπτρου

107 1526 147 1560 15
172 1499 307 1559 κατά
337 1498 644 1559 ἀνάκλασιν
676 1503 1104 1578 διασπειρομένῃ
1139 1502 1274 1575 πρὸς
1313 1500 1452 1574 ἡμᾶς
1485 1500 1654 1576 αὐγῇ·
1689 1503 1781 1558 καὶ

170 1584 274 1659 γάρ
317 1583 524 1657 ταύτην
565 1583 1047 1660 προσονομάζομεν
1090 1583 1276 1658 ῆλιον,
1334 1588 1504 1642 οἱονεὶ
1547 1591 1781 1644 εἴδωλον

173 1667 423 1727 εἰδώλου.

298 1772 344 1824 8.
374 1763 740 1840 Ἐμπεδοκλῆς
773 1767 878 1825 δύο
919 1763 1135 1840 ἡλίους·
1195 1765 1291 1825 τὸν
1329 1768 1430 1840 μὲν
1470 1766 1780 1842 ἀρχέτυπον

170 1855 282 1926 πῦρ
317 1854 376 1909 ἐν
406 1854 483 1928 τῷ
515 1854 681 1928 ἑτέρω
713 1848 1055 1928 ἡμισφαιρίω
1086 1854 1184 1909 τοῦ
1215 1850 1452 1925 κόσμου,
1486 1860 1780 1926 πεπληρω-

107 1959 148 1991 20
171 1934 265 2002 κός
306 1935 365 1992 τὸ
404 1931 768 2010 ἡμισφαίριον
809 1932 895 1992 ἀεὶ
936 1959 1273 2010 καταντικρυ
1312 1940 1407 2013 τῆς
1444 1934 1779 2043 ἀνταυγείας

173 2015 374 2091 αυτοῦ,
420 2017 516 2076 τόν
550 2020 611 2076 δε
650 2019 991 2093 φαινόμενον
1032 2018 1368 2093 ἀνταύγειαν
1413 2021 1582 2093 εἶναι,
1617 2024 1676 2077 ἐν
1706 2025 1780 2096 τῷ

174 2105 341 2180 ἑτέρω
382 2098 756 2180 ἡμισφαιρίῳ,
807 2128 880 2160 τω
922 2106 1022 2161 τοῦ
1062 2101 1220 2176 ἀέρος
1261 2107 1360 2160 τοῦ
1407 2107 1781 2179 θερμομιγους

171 2188 616 2263 πεπληρωμένῳ,
659 2184 765 2244 ἀπὸ
809 2192 1174 2260 κυκλοτεροῦς
1211 2190 1306 2259 τῆς
1345 2194 1443 2261 γῆς
1486 2186 1602 2245 κατ’
1643 2185 1781 2245 ἀνά-

172 2279 367 2328 κλασιν
393 2273 789 2344 ἐγγιγνομένην
815 2277 890 2337 εἰς
907 2271 1002 2328 τὸν
1023 2270 1182 2344 ἥλιον
1205 2272 1301 2329 τὸν
1324 2277 1779 2346 κρυσταλλοειδῆ,

108 2377 147 2409 25
173 2356 717 2429 συμπεριελκομένην
742 2355 804 2412 δὲ
833 2359 898 2430 τῇ
930 2354 1142 2428 κινήσει
1172 2358 1272 2413 τοῦ
1294 2363 1550 2431 πυρίνου.
1615 2355 1686 2424 ὡς
1720 2357 1780 2413 δὲ

173 2441 418 2512 βραχέως
452 2442 709 2512 εἰρῆσθαι
741 2438 1109 2513 συντεμόντα,
1141 2436 1479 2514 ἀνταύγειαν
1512 2440 1653 2498 εἶναι
1683 2444 1779 2498 τοῦ

173 2525 299 2597 περὶ
330 2521 431 2595 τῆν
463 2528 567 2596 γῆν
599 2522 771 2598 πυρὸς
803 2522 898 2580 τὸν
929 2521 1101 2596 ῆλιον.

258 2705 261 2708 ψ
301 2640 346 2692 9.
378 2631 725 2708 Ἐπίκουρος,
779 2633 977 2708 γήινον
1029 2634 1330 2710 πύκνωμα,
1383 2637 1777 2710 κισσηροειδὲς,

174 2721 265 2775 καὶ
306 2719 661 2792 σπογγοειδὲς
701 2731 818 2786 ταῖς
860 2719 1286 2794 κατατρήσεσιν,
1327 2716 1436 2778 ὑπὸ
1467 2723 1564 2778 τοῦ
1605 2718 1778 2794 πυρὸς

110 2823 150 2856 30
174 2799 544 2877 ἀνημμένον.”

1805 1966 1826 1998 <1
