2014 3146
595 127 808 170 PRAEP.
838 126 1062 171 EVANG.
1092 127 1196 169 XII.
1229 127 1295 171 18.
1674 126 1774 178 103
1806 145 1808 147 >

163 242 476 318 ἀτιμάζειν,
519 241 592 310 ῶς
633 247 853 315 πρῶτον
892 246 1005 300 τῶν
1048 248 1358 300 καλλίστων
1387 255 1500 309 τοῖς
1530 239 1776 316 ἀρίστοις

163 328 403 403 ἀνδράσι
433 325 940 402 παραγιγνόμενον·
987 329 1080 384 καὶ
1113 335 1322 385 εἴποτε
1355 329 1644 402 ἐξέρχεται,
1679 333 1773 385 δυ-

165 412 335 471 νατὸν
376 415 442 470 δέ
479 416 627 470 ἐστιν
660 414 1144 486 ἐπανορθοῦσθαι,
1175 415 1336 470 τοῦτο
1378 409 1464 469 άεὶ
1506 415 1775 485 δραστέον

166 497 259 556 διὰ
287 504 416 570 βίου
446 498 612 554 παντὶ
642 495 779 554 κατὰ
809 493 1095 570 δύναμιν.”

120 607 143 639 5
291 587 339 639 4.
400 584 512 640 Καὶ
545 584 605 639 ἐν
635 587 710 658 τῷ
742 583 984 658 δευτέρῳ
1017 581 1080 638 δὲ
1109 583 1221 637 τῶν
1251 579 1462 654 Νόμων
1494 583 1731 654 ἐπιλέγει

284 663 599 724 “Παιδείαν
641 664 708 739 δὴ
749 667 890 737 λέγω
930 665 1032 738 τὴν
1072 668 1524 738 παραγινομένην
1554 670 1775 739 πρῶτον

162 753 357 809 παισὶν
387 749 607 824 ἀρετὴν,
639 746 816 823 ἡδονὴ
849 750 910 807 δὲ
941 753 1033 807 καὶ
1063 756 1222 822 φιλία
1253 752 1345 807 καὶ
1378 748 1525 823 λύπη
1557 753 1649 807 καὶ
1678 766 1771 824 μῖ-
1791 774 1884 816 (592)

163 853 258 902 σος
290 835 387 893 ἐὰν
415 833 602 908 ὀρθῶς
634 837 694 891 ἐν
724 848 928 907 ψυχαῖς
970 838 1335 907 ἐγγίγνωνται
1375 833 1450 907 μή
1481 856 1567 892 πω
1602 840 1777 893 δυνα-

161 922 347 992 μένων
395 918 560 991 λόγον
611 916 946 992 λαμβάνειν,
1001 917 1290 990 λαβόντων
1338 920 1398 976 δὲ
1454 917 1551 977 τὸν
1610 917 1776 992 λόγον

99 1031 139 1063 ιο
164 1003 584 1077 συμφωνήσωσι
625 1009 701 1081 τῷ
745 1002 920 1079 λόγῳ,
971 1001 1157 1078 ὀρθῶς
1200 1010 1455 1062 εἰθίσθαι
1506 1002 1615 1062 ὑπὸ
1662 1007 1776 1062 τῶν

163 1088 559 1162 προσηκόντων
591 1092 769 1146 ἐθῶν·
804 1087 943 1161 αὕτη
975 1085 1094 1146 ἔσθ’
1128 1087 1490 1162 ἡσυμφωνία
1514 1088 1774 1163 ξύμπασα

161 1174 265 1246 μὲν
294 1171 481 1245 ἀρετὴ,
511 1172 572 1230 τὸ
605 1174 665 1230 δὲ
695 1174 822 1247 περὶ
851 1170 947 1239 τάς
978 1169 1182 1246 ἡδονὰς
1212 1176 1305 1231 καὶ
1329 1172 1506 1241 λύπας
1528 1184 1775 1247 τεθραμ-

162 1261 332 1330 μένον
371 1255 540 1330 αὐτῆς
581 1258 797 1331 ὀρθῶς,
843 1254 982 1314 ῶστε
1022 1271 1208 1331 μισεῖν
1246 1259 1349 1331 μὲν
1390 1255 1425 1315 ὁὶ
1456 1257 1557 1332 χρὴ
1588 1271 1775 1332 μισεῖν

165 1339 339 1409 εὐθὺς
371 1346 424 1410 ἐξ
456 1340 626 1415 ἀρχῆς
650 1345 808 1416 μέχρι
829 1344 1040 1415 τέλους,
1063 1349 1315 1417 στέργειν
1347 1343 1409 1399 δὲ
1432 1340 1466 1400 ἃ
1488 1342 1592 1418 χρὴ
1616 1346 1776 1415 στέρ-

99 1451 140 1483 15
163 1449 310 1499 γειν,
353 1424 499 1484 τοῦτ’
552 1423 686 1483 αυτὸ
728 1424 1021 1500 ἀποτεμῶν
1060 1431 1135 1503 τῷ
1188 1426 1334 1504 λόγῳ
1375 1429 1467 1484 καὶ
1511 1433 1775 1485 παιδείαν

162 1509 594 1584 προσαγορεύων
624 1509 761 1568 κατά
792 1535 855 1583 γε
885 1535 987 1583 την
1019 1510 1155 1584 ε’μὴν
1185 1509 1369 1584 ὀρθῶς
1400 1537 1470 1570 αν
1495 1533 1773 1585 προσαγο-
1803 1535 1823 1568 b

162 1592 376 1669 ρεύοιςῖ

289 1683 337 1736 5.
393 1682 578 1738 Ταῦτα
608 1677 636 1736 ὁ
660 1677 915 1742 Πλάτων.
978 1678 1276 1753 προλαβών
1310 1682 1369 1737 δε
1400 1677 1570 1738 αυτὸν
1599 1677 1626 1738 ὁ
1659 1691 1775 1738 Λα-

163 1766 260 1836 βὶδ
284 1767 345 1822 ἐν
375 1769 742 1841 ψαλμῳδίαις,
773 1779 959 1837 μισεῖν
988 1762 1022 1820 ἃ
1057 1770 1145 1822 δεῖ
1163 1779 1349 1838 μισεῖν
1389 1767 1482 1822 καὶ
1523 1767 1776 1840 στέργειν

95 1874 140 1906 20
165 1846 449 1906 διδάσκων
489 1845 525 1904 α’
570 1854 659 1905 δεῖ
685 1851 964 1921 στέργειν,
1009 1848 1143 1907 τάδε
1182 1857 1326 1922 φησί
1366 1845 1567 1907 “defin
1611 1853 1776 1908 τέκνα

161 1930 436 1990 ἀκούσατέ
478 1957 615 2005 μου,
683 1931 864 2005 φόβον
915 1939 1114 2007 κυρίου
1177 1933 1382 2002 διδάξω
1432 1933 1590 2007 ὑμᾶς.
1694 1941 1776 2001 τίς

163 2020 315 2074 ἐστιν
344 2017 644 2091 ἅνθρωπος
673 2013 702 2074 ὁ
733 2019 921 2075 θέλων
952 2016 1112 2091 ζωὴν,
1143 2015 1377 2091 ἀγαπῶν
1399 2015 1604 2093 ἡμέρας
1630 2024 1776 2076 ἰδεῖν

161 2099 405 2174 άγαθάςς
452 2106 670 2159 παῦσον
709 2101 810 2174 τὴν
849 2102 1106 2175 γλῶσσάν
1152 2122 1255 2160 σου
1295 2100 1402 2160 άπὸ
1433 2105 1636 2173 κακοῦ,
1682 2105 1775 2159 καὶ

163 2193 316 2259 χείλη
348 2206 451 2244 σου
480 2190 579 2244 τοῦ
608 2185 683 2260 μὴ
715 2190 949 2257 λαλῆσαι
981 2186 1161 2244 δόλον.
1239 2193 1494 2244 ἔκκλινον
1533 2185 1640 2243 ἀπὸ
1674 2210 1776 2243 κα-

96 2294 140 2325 25
163 2273 282 2341 κοῦ,
301 2273 394 2327 καὶ
417 2277 652 2342 ποίησον
675 2269 915 2341 ἀγαθόν·
944 2269 1173 2343 ζήτησον
1197 2269 1444 2343 εἰρήνην,
1462 2273 1555 2328 καὶ
1575 2274 1776 2339 δίωξον
1805 2308 1823 2330 e

168 2350 378 2462 ocvmfv‘s
498 2359 546 2409 6.
624 2355 716 2410 καὶ
766 2348 795 2409 ὁ
841 2358 1113 2427 Σολομῶν
1163 2353 1364 2428 ὁμοίως
1433 2350 1771 2413 άκούσατε”

164 2440 302 2510 φησὶ
338 2433 579 2504 “names
621 2442 882 2495 παιδείαν
911 2437 1128 2512 πατρός.
1209 2444 1391 2513 δῶρον
1420 2439 1525 2512 γὰρ
1556 2438 1775 2511 ἀγαθὸν

167 2525 450 2596 δωροῦμαι
487 2519 646 2594 ὑμῖν
697 2523 809 2578 τῶν
859 2526 1006 2596 ε’μῶν
1045 2523 1232 2596 νόμων
1274 2523 1348 2597 μὴ
1396 2523 1773 2596 ἐπιλανθάνη-

165 2603 316 2663 σθε.”
395 2608 486 2663 καὶ
526 2604 693 2663 πάλιν
726 2602 756 2625 “
774 2612 969 2678 κτῆσαι
1010 2614 1243 2681 σοφίαν,
1285 2611 1480 2681 κτῆσαι
1522 2607 1772 2678 σύνεσιν,

97 2712 143 2744 30
165 2689 237 2762 μὴ
270 2687 563 2764 ἐπιλάθῃ.”
639 2693 731 2747 καὶ
761 2688 791 2709 “
811 2690 970 2749 εἷπον
1008 2690 1110 2764 τὴν
1150 2698 1355 2765 σοφίαν
1387 2692 1492 2764 σὴν
1522 2691 1775 2765 ἀδελφὴν
1792 2717 1883 2760 [348]

281 2886 306 2924 6
338 2882 580 2925 Παιδείαν
610 2883 680 2936 -]
714 2884 847 2925 Plato
878 2886 990 2938 Leg.
1024 2887 1064 2928 2.
1100 2899 1141 2938 p.
1167 2887 1263 2927 653.
