2014 3146
576 123 791 166 PRAEP.
821 123 1041 167 EVANG.
1075 124 1181 165 XII.
1212 124 1336 163 2—4.
1693 122 1760 174 33

149 238 277 306 τούς
320 246 638 312 ἔμπροσθεν
677 238 875 312 λόγους
919 242 1254 312 διεξελθεῖν,
1302 237 1375 304 ὥς
1414 236 1520 312 ἄρα
1561 242 1624 295 αἱ
1647 240 1758 296 ταῖν
1784 263 1869 306 [338]

148 323 597 396 τελευτησάντων
627 326 800 396 ψυχαὶ
832 322 1075 396 δύναμιν
1115 330 1310 396 ἔχουσί
1334 347 1458 380 τινα
1501 321 1759 395 τελευτή-

149 426 314 465 σασαι
354 411 445 464 καὶ
488 411 600 464 τω”ν
641 406 778 464 κατὰ
818 406 1158 480 ἀνθρώπους
1200 407 1539 481 πραγμάτων
1572 410 1758 480 ε’πιμε-
1781 445 1798 466 e

149 496 389 550 λοῦνται.
461 498 632 549 ταῦτα
663 489 896 564 ἀληθεῖς
936 493 1067 565 μὲν,
1110 494 1310 564 μακροὶ
1345 494 1410 548 δέ
1438 497 1543 549 εἰσι
1573 495 1758 566 περιέ-

103 598 123 630 5
147 599 333 649 χοντες
372 575 538 648 λόγοι.
609 575 896 633 πιστεύειν
941 577 1002 633 δὲ
1042 590 1161 642 ταῖς
1201 599 1260 633 τε
1310 573 1500 642 ἄλλαις
1550 575 1759 649 φήμαις

146 659 325 733 χρεων
364 663 490 732 περὶ
529 659 594 718 τὰ
635 663 890 732 τοιαῦτα,
941 659 1084 717 οὕτω
1136 668 1365 727 πολλαῖς
1405 662 1497 716 καὶ
1539 659 1758 733 σφόδρα

146 753 404 810 παλαιαῖς
443 743 664 816 οὔσαις,
711 742 994 801 πιστεύειν
1035 744 1094 800 δὲ
1125 746 1216 800 καὶ
1246 757 1360 811 τοῖς
1392 748 1759 816 νομοθετοῦσι

145 827 311 885 ταῦθ’
357 826 532 893 οὕτως
571 836 747 901 ἔχειν,
794 825 969 902 ἄνπερ
1010 825 1084 900 μὴ
1125 826 1478 886 παντάπασιν
1517 825 1757 903 ἄφρονες

144 909 511 985 φαίνωνται.”
1637 970 1654 980 ‚

81 1019 121 1050 10
271 1001 319 1053 2.
353 999 465 1054 Καὶ
497 1000 558 1053 ἐν
586 999 654 1069 τῇ
682 1002 862 1073 βίβλῳ
895 996 958 1052 δὲ
986 999 1099 1052 τῶν
1121 1001 1511 1068 Μακκαβαίων
1542 997 1756 1068 λέγεται

135 1078 397 1154 Ἱερεμίας
427 1079 455 1137 ὁ
487 1079 772 1154 προφήτης
802 1079 937 1152 μετὰ
979 1078 1081 1152 τὴν
1121 1078 1450 1152 ἀπαλλαγὴν
1487 1083 1587 1138 τοῦ
1627 1087 1755 1152 βίου

145 1161 438 1238 εὐχόμενος
468 1160 710 1238 ὁρᾶσθαι
738 1163 880 1237 ὑπὲρ
909 1167 1011 1221 τοῦ
1040 1167 1196 1237 λαοῦ,
1224 1161 1296 1231 ὦς
1326 1170 1601 1238 φροντίδα
1632 1187 1755 1222 ποι-

143 1247 376 1321 ούμενος
417 1251 528 1305 τῶν
568 1250 657 1327 ἐπὶ
696 1251 795 1321 γῆς
835 1247 1169 1322 ἀνθρώπων.
1242 1254 1363 1306 δεῖν
1404 1251 1470 1306 δέ
1495 1268 1633 1322 φησι
1663 1252 1751 1307 καὶ
1779 1275 1802 1306 d

143 1328 171 1388 ὁ
201 1331 444 1389 Πλάτων
470 1331 688 1399 τούτοις
718 1330 1014 1390 πιστεύειν.

80 1440 120 1472 15
271 1428 349 1477 IV.
376 1414 616 1488 “Λο’γων
648 1417 710 1473 δὲ
736 1417 927 1473 δισσὸν
953 1416 1122 1482 εἶδος·
1156 1414 1215 1473 τὸ
1239 1416 1342 1488 μὲν
1365 1413 1593 1488 ἀληθὲς,
1618 1420 1756 1485 ψεῦ-

145 1506 239 1566 δος
270 1501 332 1557 δὲ
364 1503 566 1574 ἕτερον,
628 1507 761 1557 Ναί.
822 1504 1172 1558 Παιδευτέον
1203 1501 1262 1557 δε
1306 1504 1365 1557 ἐν
1403 1499 1752 1574 ἀμφοτέροις,

145 1582 415 1656 πρότερον
458 1585 518 1641 δε
560 1587 620 1642 ἐν
657 1599 771 1650 τοῖς
812 1587 1109 1654 ψευδέσιν;
1157 1582 1240 1642 Οὐ
1279 1583 1584 1657 μανθάνω,
1627 1609 1752 1658 εφη,

142 1691 257 1735 πως
288 1671 480 1741 λέγεις
556 1665 640 1726 Οὔ
671 1667 1008 1742 μανθάνεις,
1050 1670 1121 1740 ἠν
1153 1666 1206 1724 δ’
1243 1668 1378 1741 ε’γω,
1418 1666 1501 1726 ότι
1531 1691 1753 1742 πρωτον

140 1767 254 1819 τοῖς
283 1758 526 1819 παιδίοις
555 1752 774 1826 μύθους
815 1755 1058 1826 λέγομεν.
1130 1756 1294 1810 τοῦτο
1339 1755 1404 1810 δέ
1436 1775 1547 1811 που
1588 1777 1662 1820 ως
1691 1751 1751 1811 τό

78 1861 119 1892 20
141 1834 272 1895 ὅλον
304 1843 482 1895 εἰπεῖν
512 1841 746 1908 ψεῦδος,
780 1844 864 1894 ἔνι
895 1838 956 1894 δὲ
987 1839 1080 1894 καὶ
1109 1835 1309 1910 ἀληθῆ.
1386 1835 1657 1911 πρότερον
1691 1838 1752 1895 δὲ

139 1920 342 1994 μύθοις
372 1921 508 1996 πρὸς
539 1922 604 1979 τὰ
634 1927 830 1978 παιδία
861 1917 894 1994 ἢ
924 1929 1254 1995 γυμνασίοις
1283 1920 1563 1994 χρώμεθα.
1597 1919 1750 1980 ’Ἐστι
1768 1948 1856 1989 (576)

139 2002 361 2064 ταῦτα.”

265 2094 313 2146 2.
367 2092 552 2147 Ταῦτα
581 2085 610 2146 ὁ
642 2088 899 2148 Πλάτων.
970 2091 1062 2146 καὶ
1092 2086 1225 2163 παρ’
1253 2088 1526 2164 Ἑβραίοις
1560 2090 1622 2146 δὲ
1651 2090 1747 2156 τὰς

137 2177 232 2246 τῆς
265 2175 465 2231 ἐνθέου
496 2177 714 2248 γραφῆς
748 2179 990 2246 ἱστορίας
1029 2188 1143 2239 τοῖς
1183 2179 1402 2244 νηπίοις
1441 2172 1536 2238 τὰς
1568 2171 1748 2246 ψυχὰς

74 2280 116 2312 25
139 2256 519 2330 ἁπλούστερον
551 2255 736 2331 ὥσπερ
767 2255 920 2323 τινας
949 2255 1168 2329 μύθους
1199 2263 1330 2322 ἔθος
1363 2258 1477 2313 ἐστὶ
1506 2262 1749 2331 παραδι-

141 2340 327 2413 δόναι,
376 2354 489 2407 τοῖς
532 2340 580 2397 δ’
629 2342 1162 2413 ἐγγεγυμνασμένοις
1201 2340 1304 2413 τὴν
1344 2343 1458 2408 ἕξιν
1499 2339 1594 2407 τὰς
1634 2347 1746 2398 τῶν

137 2423 319 2496 λόγων
359 2427 676 2496 βαθυτέρας
722 2426 813 2481 καὶ
858 2424 1186 2498 δογματικὰς
1225 2431 1468 2498 θεωρίας
1510 2424 1601 2482 διὰ
1650 2429 1746 2497 τῆς

138 2512 483 2581 καλουμένης
517 2507 899 2581 δευτερώσεως
930 2511 1022 2566 καὶ
1053 2516 1358 2582 σαφηνείας
1388 2512 1501 2566 τῶν
1531 2517 1747 2566 λανθα-

138 2593 351 2651 νόντων
380 2591 506 2658 τοὺς
537 2590 775 2659 πολλοὺς
806 2591 1110 2666 νοημάτων.

73 2697 113 2731 30
265 2691 317 2739 V.
359 2675 627 2735 “Οὐκοῦν
667 2673 816 2734 οἷσθ’
849 2674 933 2734 ὅτι
971 2674 1108 2750 ἀρχὴ
1151 2676 1354 2743 παντὸς
1394 2683 1559 2751 ἔργον
1589 2677 1746 2750 μέγι-
1771 2703 1790 2734 b

253 2816 303 2854 15
335 2807 500 2866 Λόγων
522 2809 575 2855 δὲ
599 2811 672 2868 -]
706 2813 841 2855 Plato
863 2814 976 2866 Rep.
998 2817 1038 2856 2.
1061 2828 1105 2867 p.
1130 2816 1228 2857 376.

250 2872 303 2911 30
337 2827 531 2912 Οὐκοῦν
555 2867 626 2923 —]
659 2869 796 2911 Plato
817 2870 926 2910 ibid.
950 2884 993 2922 p.
1018 2872 1113 2911 377.

1352 2938 1424 2987 6⁷³²·
