2014 3146
613 137 827 180 PRAEP.
855 136 1076 180 EVANG.
1109 138 1234 178 xm.
1268 139 1335 180 19.
1674 135 1779 189 243

170 251 270 319 δας
299 276 358 310 τε
389 255 480 310 καὶ
510 250 748 326 ἄνδρας,
782 253 874 309 καὶ
903 250 1071 326 κόρας
1102 254 1195 309 καὶ
1239 265 1509 324 γυναῖκας
1551 251 1778 311 πάντων

165 335 378 395 τούτων
411 335 801 410 ἐπιστήμονας·
847 335 1012 411 κόρας
1042 337 1146 410 μὲν
1175 334 1346 402 οὔσας
1371 343 1448 394 ἔτι
1468 341 1655 396 πᾶσαν
1676 336 1778 412 τὴν

170 425 230 479 ἐν
260 419 450 488 ὅπλοις
480 420 713 496 ὄρχησιν
753 423 844 478 καὶ
886 420 1068 495 μάχην
1097 427 1546 495 μεμελετηκυίας,
1577 438 1779 495 γυναῖ-

167 530 265 573 κας
299 507 359 563 δὲ
392 505 662 575 διεξόδων
691 508 782 564 καὶ
813 504 1022 575 τάξεων
1063 508 1155 563 καὶ
1185 509 1399 573 θέσεως
1430 508 1523 564 καὶ
1553 505 1779 582 ἀναιρέ-

126 612 146 645 5
168 609 306 659 σεως
337 589 526 649 ὅπλων
556 587 851 665 ἡμμένας.”

296 681 339 733 7.
381 673 529 733 ”Αλλ
562 673 695 733 οὐδε
723 674 938 740 τούτοις
968 673 996 731 ὁ
1021 671 1294 747 Ἑβραίων
1338 673 1648 733 ἐπινεύσειε
1686 674 1781 733 λό-

164 783 288 833 γος,
350 759 778 862 ἆντιφθέγξεται
824 760 885 816 δε
925 755 1208 831 τάναντία,
1249 757 1379 832 μηδ’
1419 756 1505 816 ἐπ’
1554 758 1780 834 ἀνδρῶν

167 843 393 920 ῥώμαις,
424 843 500 918 μὴ
530 843 612 901 ὅτι
641 867 704 916 γε
734 846 1019 916 γυναικῶν
1058 842 1161 915 τὴν
1192 846 1253 900 ἐν
1291 845 1548 917 πολέμοις
1588 842 1779 902 ἀνατι-
1800 857 1822 889 b

164 931 288 996 θεὶς
319 927 691 1004 κατόρθωσιν,
724 951 904 985 παντα
937 928 997 984 δε
1031 933 1110 994 εἰς
1141 925 1280 985 θεὸν
1302 952 1528 1000 αναγων
1557 930 1648 986 καὶ
1678 929 1780 1002 τὴν

102 1036 143 1068 10
166 1013 315 1089 παρὰ
345 1016 510 1072 τοῦδε
540 1019 876 1087 συμμαχίαν.
920 1014 1067 1084 λέγει
1100 1010 1151 1069 δ’
1189 1005 1326 1070 οὖν
1331 1011 1453 1070 εἀν
1482 1013 1556 1087 μὴ
1587 1012 1779 1087 κύριος

165 1097 502 1173 οἰκοδομήσῃ
545 1097 726 1171 οἶκον,
785 1104 863 1164 είς
902 1121 1082 1170 ματην
1123 1099 1427 1156 ἐκοπίασαν
1467 1102 1525 1154 οι
1560 1104 1780 1156 οἰκοδο-

165 1186 396 1258 μοῦντες
438 1181 622 1240 αὐτόν.
708 1180 804 1239 ε’ὂιν
846 1181 920 1256 μὴ
960 1180 1150 1255 κύριος
1199 1181 1418 1256 φυλάξῃ
1460 1181 1652 1256 πόλιν,
1702 1190 1779 1250 εἰς

164 1266 343 1343 μάτην
381 1266 743 1343 ἠγρύπνησεν
782 1266 810 1324 ὅ
842 1265 1163 1340 φυλασσων.
1167 1263 1196 1284 ”
1266 1272 1313 1324 8.
1362 1263 1390 1324 ὁ
1424 1269 1492 1331 δέ
1531 1291 1593 1341 γε
1630 1279 1780 1326 θαυ-

164 1352 366 1428 μαστὸς
396 1350 712 1455 φιλόσοφος
723 1353 830 1410 θέα
849 1376 922 1418 ως
947 1353 1038 1409 καὶ
1065 1357 1142 1418 εἰς
1165 1348 1262 1409 τὸν
1278 1350 1551 1425 γυμνικὸν
1569 1352 1778 1426 είσαγει

103 1458 144 1491 15
166 1462 262 1505 τας
291 1450 563 1511 γυναῖκας
593 1436 802 1538 ἀγωνα,
836 1428 950 1494 ωδέ
974 1458 1050 1508 πη
1081 1438 1260 1508 λέγων

285 1519 567 1590 “Γυναιξὶ
612 1523 691 1594 δὲ,
734 1521 923 1596 κόραις
959 1545 1062 1595 μεν
1101 1519 1330 1593 ἀνήβοις
1369 1535 1608 1595 γυμναις
1647 1541 1779 1579 στα-

167 1613 290 1665 διον
319 1609 410 1664 καὶ
442 1612 675 1664 δίαυλον
705 1608 796 1663 καὶ
830 1612 1074 1679 ἔφιππον
1104 1607 1196 1662 καὶ
1230 1603 1479 1679 δόλιχον,
1524 1610 1584 1663 ἐν
1626 1605 1776 1684 αὐτῷ

163 1695 242 1769 τῷ
293 1690 481 1769 δρόμῳ
528 1687 956 1765 ἁμιλλωμέναις·
1027 1704 1146 1758 ταῖς
1199 1691 1260 1747 δὲ
1310 1694 1778 1765 τριακαιδεκέτεσι

165 1778 322 1852 με’χρι
369 1775 548 1850 γάμου
598 1775 902 1850 μενούσαις
935 1780 1258 1848 κοινωνίας,
1313 1774 1386 1849 μὴ
1437 1775 1778 1851 μακρότερον

103 1883 144 1914 20
170 1870 381 1919 εἴκοσιν
413 1865 551 1919 ε’τῶν
580 1860 712 1934 μηδ’
752 1869 978 1919 ἔλαττον
1006 1859 1408 1918 ὀκτωκαίδεκα·
1484 1860 1777 1935 πρεπούσῃ

165 1946 228 2003 δὲ
269 1949 437 2021 στολῇ
483 1945 710 2013 ταύταις
752 1948 1105 2020 ἐσταλμέναις
1147 1949 1487 2017 καταβατέον
1539 1948 1628 2003 ἐπὶ
1676 1945 1778 2019 τὴν

165 2028 404 2103 ἅμιλλαν
441 2029 655 2088 τούτων
693 2037 806 2088 τῶν
848 2029 1086 2104 δρόμων.
1167 2035 1214 2087 9.
1262 2032 1355 2086 καὶ
1398 2029 1465 2086 τὰ
1507 2030 1611 2103 μὲν
1648 2033 1776 2105 περὶ

169 2113 406 2188 δρόμους
438 2112 676 2188 ἀνδράσι
715 2138 773 2173 τε
813 2117 903 2171 καὶ
950 2117 1169 2187 γυναιξὶ
1210 2112 1362 2170 ταῦτ’
1400 2119 1554 2171 ἔστω·
1615 2114 1680 2171 τὰ
1715 2115 1776 2170 δὲ

167 2198 285 2255 κατ’
325 2197 506 2273 ἰσχύν,
538 2196 662 2256 ἀντὶ
693 2200 795 2272 μὲν
826 2198 1001 2270 πάλης
1033 2201 1124 2255 καὶ
1153 2200 1265 2255 τῶν
1294 2196 1560 2255 τοιούτων
1582 2196 1647 2255 τα
1671 2202 1778 2256 νῦν
1814 2224 1816 2226 ·

103 2307 145 2339 25
167 2280 271 2340 ὅσα
301 2285 494 2357 βαρέα,
526 2283 628 2356 τὴν
661 2287 720 2340 ἐν
741 2297 854 2350 τοῖς
883 2281 1072 2348 ὅπλοις
1096 2281 1294 2355 μάχην,
1321 2284 1418 2339 ἕνα
1439 2307 1498 2340 τε
1519 2281 1654 2357 πρὸς
1678 2286 1775 2340 ἕνα

168 2370 605 2441 διαμαχομένους
636 2370 728 2424 καὶ
760 2365 861 2424 δύο
892 2366 1027 2441 πρὸς
1060 2364 1209 2423 δύο.”

298 2457 379 2509 10.
429 2454 540 2509 Καὶ
573 2454 694 2525 ἑξῆς
725 2450 900 2509 εἰπών

286 2533 317 2555 “
343 2534 558 2595 Ταυτὸν
601 2535 669 2609 δὴ
708 2538 800 2592 καὶ
839 2535 968 2604 τοὺς
1009 2537 1135 2610 περὶ
1175 2534 1519 2610 ὁπλομαχίαν
1569 2533 1773 2610 ἄκρους

166 2625 651 2697 παρακαλοῦντας,
692 2618 795 2695 χρὴ
835 2619 1063 2687 τούτους
1093 2631 1421 2695 νομοθετεῖν
1458 2619 1771 2678 κελεύειν·”

106 2727 147 2761 30
297 2707 545 2781 ἐπιφέρει
583 2707 762 2778 λέγων

285 2899 336 2939 16
360 2896 562 2950 Γυναιξὶ
587 2894 642 2940 δὲ
665 2897 737 2953 —]
763 2898 897 2939 Plato
918 2899 1033 2952 Leg.
1066 2913 1110 2952 p.
1133 2900 1229 2941 833.
1252 2899 1348 2941 834.

1410 2965 1472 3016 16
1487 2965 1516 2995 ’¹‘
