2014 3146
625 95 840 141 PRAEP.
871 96 1091 138 EVANG.
1124 97 1344 139 X111.13.
1668 95 1772 148 207
1839 83 1846 91 ’

165 211 271 286 νὴν
299 211 510 287 ἡμέραν
540 213 807 285 κέκληκεν
839 210 931 269 διὰ
960 210 1087 279 τούς
1111 211 1568 287 κοσμοκράτορας,
1602 212 1770 286 οἶμαι,
1795 211 1802 221 “

164 300 263 355 τοῦ
292 295 521 364 σκότους
561 295 785 354 τούτου·
832 296 1013 355 ὕπνον
1058 298 1119 354 δὲ
1157 299 1250 354 καὶ
1280 295 1529 354 θάνατον
1557 296 1663 369 τὴν
1696 303 1772 364 εἰς

166 384 320 455 σῶμα
360 380 494 438 ὁδὸν
533 385 629 453 τῆς
681 384 858 454 ψυχῆς
907 381 1043 438 κατὰ
1084 378 1256 438 ταύτά
1299 385 1376 458 τῷ
1420 378 1768 459 Ἡρακλείτῳ.

164 467 255 523 καὶ
306 464 381 539 μή
425 490 475 523 τι
526 470 685 523 τοῦτο
740 469 827 522 ἐπὶ
881 470 979 523 τοῦ
1020 472 1265 540 σωτῆρος
1311 468 1672 541 προεθέσπιζε
1711 465 1772 523 τὸ

119 554 382 624 ὄπνεῦμα
438 549 529 607 διὰ
579 553 678 607 τοῦ
716 552 905 622 Λαβὶδ
953 553 1117 623 λέγον
1154 546 1282 623 ‘e’ycb
1334 549 1639 624 ἐκοιμήθην
1680 553 1771 608 καὶ

162 632 418 692 ὕπνωσα·
474 636 808 707 ἐξηγέρθην,
851 632 933 691 ὅτι
975 633 1163 712 κύριος
1210 632 1574 708 άντιλήψεταί
1611 633 1765 708 μου·’
1792 657 1886 699 (677)

163 717 230 776 οὐ
264 718 368 793 γὰρ
401 716 502 792 τὴν
533 715 837 776 ἀνάστασιν
867 717 1039 791 μόνον
1078 722 1178 776 τοῦ
1216 722 1461 792 Χριστοῦ
1493 722 1544 787 ἐξ
1587 719 1771 776 ὕπνου

162 809 402 877 ἔγερσιν,
434 800 572 860 άλλόι
603 805 693 859 καὶ
725 801 826 874 τὴν
860 809 935 869 εἰς
967 802 1144 877 σάρκα
1176 803 1424 860 κάθοδον
1446 807 1545 860 τοῦ
1574 809 1771 876 κυρίου

159 884 339 946 ὕπνον
369 886 675 960 ἀλληγορεῖ.
719 891 801 944 33.
846 883 1102 944 αὐτίκαὸ
1146 885 1310 953 αὐτὸς
1350 885 1531 961 σωτὴρ
1572 909 1772 961 παρεγ-

99 996 138 1028 10
161 975 298 1048 γυοῖ,
352 987 697 1047 γρηγορεῖτε
765 968 913 1044 οἷον,
953 975 1212 1045 μελετᾶτε
1252 975 1348 1044 ζῆν
1388 974 1480 1029 καὶ
1521 978 1774 1046 χωρίζειν

158 1055 262 1129 τὴν
293 1055 477 1130 ψυχὴν
506 1060 604 1114 τοῦ
635 1054 883 1129 σώματος
914 1060 1199 1130 πειρασθε.
1260 1055 1362 1129 τήν
1400 1081 1459 1114 τε
1502 1056 1774 1131 κυριακὴν

159 1137 371 1216 ἡμέραν
411 1145 470 1198 ἐν
509 1144 583 1218 τῷ
625 1139 835 1218 δεκάτῳ
877 1144 971 1213 τῆς
1007 1147 1293 1207 Πολιτείας
1323 1140 1351 1198 ὅ
1397 1140 1638 1199 Πλάτων
1682 1139 1774 1198 δια

161 1224 374 1284 τούτων
404 1223 870 1299 καταμαντεύεται

280 1309 545 1383 “Ἐπειδὴ
592 1311 652 1367 δὲ
691 1323 804 1376 τοῖς
846 1313 906 1367 ἐν
944 1312 1022 1387 τςὸ
1070 1315 1295 1382 λειμῶνι
1336 1309 1582 1376 ἑκάστοις
1634 1310 1771 1367 ἑπτα

99 1418 138 1451 15
160 1394 357 1470 ἡμέραι
389 1397 666 1468 γένοιντο,
709 1392 1056 1459 αναστάντας
1089 1397 1353 1452 ἐντευθεν
1387 1399 1476 1452 δεῖ
1500 1399 1566 1468 τῇ
1598 1392 1769 1469 ὀγδόῃ

161 1479 500 1552 πορεύεσθαι
532 1481 622 1536 καὶ
655 1477 1019 1552 αφικνεῖσθαι
1050 1485 1416 1580 τεταρταίους.
1427 1477 1457 1498 ”
1798 1499 1824 1532 b

250 1560 551 1638 “Λειμῶνα
574 1588 675 1637 μεν
698 1565 802 1620 οὐν
826 1561 1127 1620 ἀκουστέον
1142 1561 1244 1636 τὴν
1267 1561 1486 1636 απλανῆ
1505 1576 1769 1637 σφαῖραν,

163 1647 235 1716 ὦς
266 1645 472 1722 ἥμερον
511 1655 715 1722 χωρίον
755 1651 846 1705 καὶ
877 1648 1150 1720 προσηνες
1192 1649 1283 1704 καὶ
1316 1651 1426 1705 τῶν
1464 1646 1638 1705 ὁσίων
1668 1672 1770 1721 χω-

163 1749 288 1807 ρον·
338 1731 473 1790 ἑπτα
506 1733 566 1790 δε
597 1728 802 1806 ἡμέρας
834 1731 1069 1805 εκάστην
1100 1739 1322 1804 κίνησιν
1351 1757 1463 1789 των
1494 1732 1646 1804 ἑπτα,
1679 1734 1773 1788 καὶ

98 1839 139 1871 20
163 1821 346 1876 πᾶσαν
374 1815 475 1891 τὴν
518 1815 847 1890 ε’ργαστικὴν
875 1820 1075 1890 τέχνην
1108 1823 1184 1884 εἰς
1215 1822 1367 1884 τέλος
1408 1813 1772 1883 ἀναπαύσεως

162 1903 542 1960 σπεύδουσαν·
599 1901 632 1974 ἡ
677 1903 737 1958 δὲ
779 1900 915 1975 μετα
955 1900 1084 1968 τούς
1126 1903 1522 1975 πλανωμένους
1575 1907 1770 1975 πορεία

163 1989 251 2044 ἐπὶ
281 1986 378 2044 τὸν
419 1983 661 2060 οὐρανὸν
703 1984 851 2060 ἄγει,
883 1989 1132 2043 τουτέστι
1160 1985 1264 2059 τὴν
1302 1983 1509 2058 ὀγδόην
1549 1991 1772 2057 κίνησίν

160 2095 219 2128 τε
260 2074 351 2129 καὶ
389 2067 625 2146 ἡμέραν·
680 2077 1030 2145 τεταρταίους
1085 2071 1147 2127 δὲ
1197 2068 1291 2136 τὰς
1332 2069 1509 2142 ψυχας
1549 2067 1772 2126 ἀπιέναι

163 2157 337 2228 λέγει,
382 2159 569 2228 δηλῶν
607 2154 709 2227 τὴν
752 2154 844 2211 διὰ
883 2157 995 2211 τῶν
1033 2153 1320 2227 τεσσάρων
1349 2159 1639 2226 στοιχείων
1669 2175 1771 2210 πο-

99 2265 141 2297 25
165 2248 336 2314 ρείαν.
355 2236 382 2258 ”

293 2327 374 2380 34.
397 2318 617 2402 .“Ἀλλο“ι
661 2325 753 2379 καὶ
792 2321 894 2394 τὴν
927 2320 1172 2395 ἑβδόμην
1206 2320 1360 2396 ἱεράν
1399 2319 1465 2379 οὗ
1506 2319 1678 2394 μόνον
1718 2326 1775 2378 οἱ
1794 2354 1811 2375 c

158 2404 428 2481 Ἑβραῖοι,
460 2403 599 2463 ἄλλα
629 2408 721 2463 καὶ
752 2431 804 2463 οι
821 2402 1082 2479 Ἕλληνες
1115 2416 1294 2479 ἴσασι,
1335 2404 1468 2464 καθ’
1505 2402 1576 2478 ἣν
1605 2404 1633 2462 ὁ
1664 2409 1768 2470 πᾶς

163 2492 363 2566 κόσμος
395 2499 675 2549 κυκλεῖται
715 2494 827 2547 τῶν
841 2493 1319 2595 ζωογονουμένων
1350 2492 1442 2548 καὶ
1472 2491 1771 2563 φυομένων

163 2573 442 2635 ἁπάντων.
506 2574 758 2658 “Ησίοδος
797 2599 898 2648 μεν
939 2599 1041 2633 ουν
1081 2574 1223 2634 οὕτω
1255 2578 1382 2648 περὶ
1424 2575 1592 2647 αὐτῆς
1623 2576 1769 2646 λέγει

101 2685 142 2717 30
305 2691 500 2751 πρῶτον
526 2683 611 2748 ἕνη
636 2678 801 2750 τετράς
826 2702 874 2733 τε
899 2683 981 2733 καὶ
1010 2678 1238 2750 ἑβδόμη
1217 2678 1350 2751 ιερὸν
1374 2674 1526 2750 ἦμαρ.

871 2772 890 2793 2

280 2857 331 2894 12
364 2848 414 2895 ἐν
436 2852 498 2906 τῷ
522 2847 702 2907 δεκάτῳ
726 2851 807 2907 τῆς
830 2851 1104 2908 Πολιτείας]
1139 2867 1179 2907 p.
1204 2855 1300 2895 626.
