2014 3146
604 106 817 149 PRAEP.
859 107 1078 149 EVANG.
1111 107 1211 148 ΧΠ.
1243 109 1311 148 52.
1665 107 1763 159 153

162 220 264 280 οὐκ
305 225 549 296 ἐμμελῶς
600 219 804 294 ἄγουσί
839 242 900 280 σε
931 221 1066 295 πρὸς
1098 221 1387 295 ἀσέβειαν,
1421 228 1480 279 ἔν
1510 246 1567 280 τε
1601 221 1764 280 Μού-

162 324 282 373 σαις
313 305 416 363 οὐκ
446 305 629 380 ὀρθῶς
659 301 1002 380 ὑμνούμεναι
1032 304 1141 380 ἅμα
1173 309 1264 364 καὶ
1291 310 1350 364 ἐν
1374 313 1653 372 παντοίοις
1677 306 1764 375 λό-

162 414 291 463 γοις.
367 394 415 447 2.
471 386 505 463 ἢ
545 392 634 446 καὶ
682 389 816 463 πρὸς
846 393 998 459 τέλος
1041 400 1172 459 ἴσως
1206 389 1503 465 [ἀνοσίους]
1538 389 1765 465 ἀνθρῶ-

160 498 299 541 πους
329 470 477 548 ὁρῶν
510 472 775 542 ἐλθόντας
804 475 1085 550 γηραιοὺς,
1114 472 1318 542 παῖδας
1350 481 1568 533 παίδων
1599 499 1764 532 κατα-

117 557 419 626 ὄλιπόντας
461 563 521 617 ἐν
561 572 740 632 τιμαῖς
777 573 896 626 ταῖς
942 567 1250 633 μεγίσταις,
1303 558 1539 633 ταράττῃ
1591 563 1878 623 tammo]

157 642 292 700 ὅταν
325 645 384 700 ἐν
413 642 585 702 ἅπασι
614 641 826 710 τούτοις
870 640 1057 702 ἰδῶν
1035 641 1069 717 ῆ
1103 642 1179 701 δι’
1215 642 1381 744 ἀκοῆς
1412 643 1763 717 αἰσθόμενος,

159 723 192 799 ἢ
225 729 316 784 καὶ
347 748 700 785 πανταπασιν
730 725 894 794 αὐτὸς
926 725 1110 785 αὐτῶν
1142 752 1250 786 τινι
1281 725 1554 800 αὐτόπτης
1593 747 1765 834 προσ-

157 835 340 893 τυχων
379 810 612 869 ’πολλῶν
655 810 1021 885 ἄσεβηματων
1063 814 1154 869 και
1199 816 1399 870 δεινῶν
1439 815 1764 920 γενομένων

160 898 268 953 τισὶ
311 888 382 953 δι’
429 894 570 953 αὐτὰ
598 919 770 953 ταυτα
805 894 993 977 [ὁρας,]
1030 899 1088 953 ἐκ
1119 899 1367 971 σμικρῶν
1399 901 1476 963 εἰς
1505 903 1763 969 τυραννί-

93 999 134 1031 10
161 985 259 1047 δας
289 1004 347 1038 τε
377 983 470 1037 καὶ
499 978 564 1037 τα
593 981 822 1053 μέγιστα
851 978 1247 1055 ἀφικομένους·
1294 979 1415 1037 τότε
1454 978 1545 1037 διὰ
1584 979 1764 1038 πάντα

156 1062 222 1121 τὰ
251 1071 474 1122 τοιαῦτα
506 1067 670 1138 δῆλος
702 1064 752 1122 εἷ
778 1067 1097 1138 μέμφεσθαι
1126 1067 1227 1138 μὲν
1255 1063 1426 1132 θεοὺς
1458 1061 1530 1132 ῶς
1555 1070 1763 1131 αἰτίους

154 1146 318 1216 ὄντας
355 1153 467 1206 τῶν
506 1147 770 1208 τοιούτων
812 1147 902 1206 διὰ
941 1151 1265 1222 ξυγγένειαν
1295 1148 1398 1207 οὐκ
1428 1145 1498 1207 ἂν
1531 1152 1763 1220 ἐθέλων,

156 1230 423 1307 ἀγόμενος
466 1235 526 1290 δὲ
565 1232 674 1291 ὑπό
704 1256 763 1291 τε
793 1230 1018 1306 ἀλογίας
1055 1233 1166 1307 ἅμα
1217 1237 1307 1291 καὶ
1346 1232 1412 1291 οὐ
1457 1232 1764 1307 δυνάμενος

158 1323 545 1392 δυσχεραίνειν
584 1317 754 1385 θεοὺς
806 1324 882 1385 εἰς
921 1322 1083 1375 τοῦτο
1124 1322 1233 1375 νῦν
1262 1316 1322 1375 τὸ
1354 1316 1533 1384 πάθος
1566 1317 1763 1390 ἐλήλυ-
1783 1341 1879 1385 (631)

93 1421 134 1453 15
156 1412 294 1475 θας,
335 1399 468 1460 ὥστ’
503 1402 645 1460 εἶναι
675 1403 778 1475 μὲν
810 1408 996 1460 δοκεῖν
1037 1401 1266 1474 αὐτους,
1306 1408 1418 1460 τῶν
1450 1399 1502 1458 δ’
1537 1399 1764 1475 ανθρω-

155 1493 337 1544 πίνων
368 1502 741 1560 καταφρονεῖν
771 1489 863 1543 καὶ
893 1485 1120 1559 ἀμελεῖν
1150 1509 1502 1561 πραγματων.
1571 1491 1619 1543 3.
1667 1491 1761 1544 ι’να

155 1563 258 1628 οὖν
287 1569 361 1644 μὴ
395 1574 484 1628 ἐπὶ
513 1579 696 1644 μεῖζον
727 1578 866 1646 ἔλθῃ
898 1590 984 1628 σοι
1026 1570 1205 1637 παθος
1246 1569 1382 1645 πρὸς
1412 1568 1673 1642 ασέβειαν
1702 1570 1761 1628 τὸ

155 1657 261 1713 νῦν
291 1653 471 1729 παρὸν
502 1654 706 1729 δόγμα,
747 1652 869 1712 ἀλλ’
906 1653 1002 1712 ἐαν
1044 1679 1160 1723 πως
1190 1663 1310 1713 οἱον
1340 1653 1762 1728 αποδιοπομπή-

156 1749 364 1796 σασθαι
394 1738 575 1812 λόγοις
608 1738 739 1797 αὐτὸ
771 1733 1003 1814 προσιὸν
1032 1739 1327 1813 γενωμεθα
1360 1741 1608 1811 δυνατοὶ,
1641 1761 1763 1796 πει-

73 1845 133 1877 -20
156 1822 402 1924 ρῶμεθα,
435 1822 783 1891 συνάψαντες
812 1824 909 1881 τὸν
942 1827 1064 1897 ἑξῆς
1095 1823 1324 1900 λόγον,
1307 1826 1349 1880 ῶ
1374 1823 1509 1897 πρὸς
1533 1821 1629 1881 τὸν
1655 1846 1761 1880 πα-

156 1906 340 1982 ράπαν
369 1906 470 1981 οὐχ
493 1907 803 1982 ἡγούμενον
825 1907 998 1975 θεους
1024 1906 1130 1977 ἐξ’
1099 1912 1268 1983 αρχῆς
1293 1907 1759 1981 διεπερανάμεθα,

154 1991 330 2069 τούτῳ
361 1995 535 2050 τανῦν
565 1991 1040 2067 προσχρήσασθαι.
1115 1998 1164 2051 4.
1222 1992 1290 2050 σὺ
1335 1991 1412 2062 δ’,
1455 1986 1496 2048 ῶ
1528 2000 1759 2050 Κλεινία

155 2100 213 2133 τε
263 2078 354 2132 καὶ
395 2080 670 2150 ,Μέγιλλε,
722 2076 863 2150 ὑπὲρ
905 2082 1002 2134 ’τοῦ
1042 2080 1202 2149 νέου,
1245 2075 1501 2148 καθάπερ
1549 2079 1609 2133 ἐν
1647 2090 1759 2141 τοῖς

110 2231 113 2234 y
155 2165 502 2234 ἔμπροσθεν,
544 2159 966 2234 ἀποκρινόμενοι
1022 2162 1376 2232 διαδέχεσθε·
1454 2159 1549 2216 ἐὰν
1597 2163 1661 2216 δέ
1710 2184 1760 2215 τι
1786 2182 1807 2214 b
1868 2192 1872 2195 ‡

93 2263 134 2294 25
158 2242 433 2301 δύσκολον
464 2249 779 2316 ἐγγίγνηται
808 2258 921 2309 τοῖς
952 2242 1162 2316 λόγοις,
1207 2241 1311 2315 ε’γῶ
1343 2247 1533 2316 σφῶν,
1576 2242 1758 2317 ῶσπερ

156 2329 264 2384 νῦν
295 2327 383 2399 δὴ,
417 2326 711 2400 δεξάμενος
743 2332 980 2399 διαβιβῶ
1010 2326 1108 2385 τὸν
1137 2327 1396 2400 ποταμόν.

279 2407 487 2483 Ὀρθῶς
519 2414 718 2483 λέγεις·
767 2414 858 2468 καὶ
891 2410 961 2468 σύ
991 2435 1049 2468 τε
1078 2408 1223 2468 οὕτω
1264 2416 1438 2468 ταῦτα
1482 2415 1586 2485 δρᾶ
1636 2434 1759 2468 ποι-

155 2493 361 2567 ήσομέν
391 2519 448 2552 τε
479 2493 633 2567 ἡμεῖς
666 2501 743 2561 εἰς
772 2493 831 2551 τὸ
864 2494 1104 2552 δυνατὸν
1136 2492 1170 2551 ἃ
1200 2498 1389 2568 λέγεις.

282 2583 330 2636 5.
371 2576 518 2636 Ἀλλ’
561 2576 727 2636 οὐδὲν
766 2576 887 2652 τάχ’
919 2576 989 2637 ἂν
1029 2588 1161 2647 ἴσως
1194 2589 1278 2652 εἰή
1310 2577 1556 2652 χαλεπὸν.
1580 2582 1759 2636 ἐνδεί-

92 2684 133 2716 30
156 2664 358 2730 ξασθαι
387 2662 549 2720 τοῦτό
579 2686 662 2736 γε,
694 2659 766 2729 ῶς
799 2666 1069 2736 ἐπιμελεῖς
1095 2667 1342 2737 σμικρῶν
1373 2666 1479 2721 εἰσὶ
1509 2666 1634 2720 θεοὶ
1656 2662 1758 2735 οὐχ

156 2738 339 2819 ἦττον,
371 2751 579 2820 μᾶλλον
612 2749 691 2818 δὲ,
723 2743 756 2820 ἢ
787 2753 864 2823 τῷ
891 2751 1116 2821 μεγέθει
1142 2747 1541 2821 διαφερόντων.
1591 2747 1758 2819 ἤκουε

155 2828 262 2903 γάρ
292 2852 400 2888 που
432 2831 522 2888 καὶ
554 2835 738 2906 παρῆν
768 2845 880 2898 τοῖς
911 2836 1018 2889 νῦν
1050 2832 1117 2905 δὴ
1160 2835 1472 2905 λεγομένοις
1508 2827 1580 2896 ῶς
1619 2829 1752 2901 ἀγα-
