2014 3146
632 116 844 156 PRAEP.
875 114 1245 160 EVANG.X111
1273 118 1337 157 13
1674 91 1794 167 201f

295 227 636 337 ΝἈδελφούς
669 229 719 288 δ’
759 230 901 288 εἶναι
931 227 1099 305 ἡμᾶς,
1142 256 1214 298 ως
1257 228 1326 288 ἂν
1355 234 1454 288 τοῦ
1486 231 1607 299 ἑνὸς
1638 235 1779 289 θεοῦ

171 315 333 383 ὄντας
365 318 457 374 καὶ
501 313 622 382 ἑνὸς
656 314 1023 389 διδασκάλου,
1066 321 1332 389 φαίνεταί
1366 338 1475 374 που
1506 318 1598 373 καὶ
1628 315 1779 374 Πλά-

173 427 286 460 των
315 405 494 468 καλῶς
527 393 638 458 ὧδέ
664 423 780 467 πως

296 482 486 544 “Ἐστὲ
527 486 629 559 μὲν
666 483 771 559 γάρ
814 483 1016 551 πάντες
1047 488 1104 541 οἱ
1132 487 1191 542 ἐν
1230 488 1295 559 τῇ
1338 484 1494 543 πόλει
1524 482 1778 559 ἀδελφοὶ,

129 594 149 627 5
175 569 247 638 ὡς
273 569 524 644 φήσομεν
547 567 681 645 πρὸς
704 566 910 637 αὐτούς
934 572 1395 643 μυθολογοῦντες.
1439 566 1558 626 ἀλλ’
1595 566 1623 627 ὁ
1647 568 1778 637 θεὸς
1804 601 1825 624 e

173 654 457 727 πλάττων,
501 653 620 713 ὅσοι
659 654 761 727 μὲν
802 650 962 727 ὑμῶν
1005 655 1184 710 ἱκανοὶ
1217 652 1436 727 ἄρχειν,
1480 652 1688 728 χρυσὸν
1721 657 1779 711 ἐν

172 746 239 815 τῇ
283 742 498 813 γενέσει
538 741 832 812 συνέμιξεν
872 736 1086 810 αὐτοῖς,
1133 737 1218 794 διὸ
1256 737 1576 811 τιμιώτατοί
1613 745 1776 797 εἰσιν·

172 821 291 883 ὅσοι
325 825 386 881 δὲ
418 827 730 898 ἐπίκουροι,
772 821 1048 897 ἄργυρον·
1097 827 1331 895 σίδηρον
1364 823 1425 879 δὲ
1456 824 1546 879 καὶ
1578 821 1782 896 χαλκὸν

172 923 287 976 τοῖς
318 923 582 982 γεωργοῖς
612 909 704 964 καὶ
735 921 849 974 τοῖς
880 905 1064 973 ἄλλοις
1097 904 1506 982 δημιουργοῖς.”

107 1019 150 1051 10
304 998 382 1051 19.
406 991 582 1051 Ὅθεν
604 989 818 1065 ἀνάγκη
842 994 980 1064 φησὶ
1006 993 1322 1063 γεγονέναι,
1348 988 1697 1060 ἀσπάζεσθαί
1718 1015 1782 1049 τε

172 1081 264 1136 καὶ
305 1086 492 1151 φιλεῖν
529 1075 759 1143 τούτους
800 1077 903 1150 μὲν
932 1078 1104 1133 ταῦτα
1137 1074 1223 1149 ἐφ’
1270 1072 1351 1142 οἷς
1380 1082 1611 1149 γνῶσις,
1646 1080 1782 1133 ἐκεί-

172 1188 305 1230 νους
339 1163 401 1220 δὲ
433 1160 518 1235 ἐφ’
555 1158 637 1230 οἷς
671 1161 816 1230 δόξα.
875 1171 1004 1228 ἴσως
1028 1158 1132 1234 γάρ
1157 1158 1258 1233 τὴν
1283 1159 1543 1234 ἐκλεκτὴν
1573 1159 1782 1234 ταύτην

173 1246 348 1323 φύσιν
408 1246 668 1320 γνώσεως
733 1249 1030 1320 ἐφιεμένην
1081 1244 1440 1319 μαντεύεται,
1508 1251 1557 1303 εἰ
1606 1245 1680 1319 μή
1731 1270 1782 1302 τι

172 1346 320 1407 τρεῖς
359 1357 511 1399 τινας
561 1327 961 1403 ὑποτιθέμενος
1010 1328 1238 1402 φύσεις,
1287 1344 1439 1404 ’τρεῖς
1481 1336 1776 1402 πολιτείας,
1804 1357 1827 1389 d

107 1443 148 1476 15
176 1420 248 1484 ὡς
286 1413 574 1489 ὖπέλαβόν
614 1440 790 1488 τινες,
846 1413 1170 1488 διαγράφει,
1226 1416 1316 1472 καὶ
1357 1411 1642 1472 Ἰουδαίων
1681 1415 1783 1488 μὲν

172 1499 453 1574 ἀργυρᾶν,
487 1499 767 1572 Ἑλλήνων
811 1500 871 1556 δὲ
910 1497 1012 1572 τὴν
1051 1506 1270 1571 τρίτην,
1317 1503 1669 1572 Χριστιανῶν
1701 1499 1781 1571 δὲ,

109 1595 113 1599 ’
174 1582 255 1653 οἷς
302 1582 331 1642 ὁ
373 1584 574 1659 χρυσὸς
614 1581 642 1641 ὁ
675 1582 957 1657 βασιλικὸς
990 1586 1473 1657 ἐγκαταμέμικται,
1521 1582 1581 1640 τὸ
1623 1581 1783 1656 ἅγιον

172 1674 406 1743 πνεῦμα.
470 1675 554 1727 20.
589 1668 686 1726 τόν
714 1693 774 1726 τε
799 1670 1150 1742 Χριστιανῶν
1183 1674 1309 1740 βίον
1335 1672 1623 1742 ἐμφαίνων
1646 1668 1782 1725 κατα

173 1757 322 1824 λέξιν
350 1753 554 1828 γράφει
587 1757 646 1811 ἐν
675 1757 753 1830 τῷ
785 1752 1065 1830 Θεαιτήτῳ

106 1864 148 1895 20
291 1836 596 1913 “Λέγωμεν
627 1836 696 1911 δὴ
727 1841 853 1911 περὶ
882 1841 996 1895 τῶν
1019 1843 1369 1910 κορυφαίων·
1402 1843 1458 1894 τί
1473 1836 1578 1911 γὰρ
1602 1835 1674 1895 ἄν
1702 1862 1782 1905 τις

169 1923 298 1992 τούς
338 1947 401 1996 γε
440 1922 667 1996 φαύλως
713 1928 1094 1995 διατρίβοντας
1137 1925 1196 1979 ἐν
1247 1929 1553 1998 φιλοσοφίᾳ
1605 1924 1780 1995 λέγοι;

172 2001 325 2067 οὗτοι
359 2011 423 2065 δέ
463 2030 572 2066 που
611 2006 739 2065 οὔτε
781 2014 857 2075 εἰς
898 2004 1107 2079 άγορὰν
1151 2016 1299 2064 ἴσασι
1339 2005 1440 2079 τὴν
1479 2005 1614 2064 ὁδὸν
1655 2005 1783 2063 οὔτε

172 2092 315 2151 όπου
359 2091 717 2166 δικαστήριον
758 2116 792 2164 η
832 2089 1233 2165 βουλευτήριον
1269 2089 1304 2163 ἤ
1347 2115 1397 2147 τι
1429 2089 1618 2148 κοινὸν
1648 2088 1781 2147 άλλο

171 2181 267 2249 τῆς
299 2176 511 2243 πόλεως
542 2179 867 2248 συνέδριον,
901 2174 1107 2248 νόμους
1134 2175 1194 2231 δε
1217 2177 1309 2231 καὶ
1339 2181 1666 2247 ψηφίσματα
1697 2182 1780 2230 λε-

108 2284 150 2316 25
173 2259 382 2334 γόμενα
421 2256 455 2334 ἢ
495 2262 848 2333 γεγραμμένα
898 2258 1029 2316 οὕτε
1078 2254 1283 2331 ὁρωσιν
1331 2256 1459 2316 οὕτε
1498 2255 1778 2317 ἀκούουσι.

173 2346 415 2403 σπουδαὶ
459 2346 518 2401 δε
561 2347 847 2417 ἑταιρειῶν
895 2345 987 2400 καὶ
1036 2341 1265 2400 σύνοδοι
1307 2345 1396 2399 καὶ
1449 2342 1557 2401 συν
1610 2341 1897 2416 avan-‹6⁷3›

171 2436 319 2503 τρίσι
349 2432 548 2501 κῶμοι,
590 2425 723 2486 οὐδὲ
763 2426 900 2503 ὄναρ
941 2426 1200 2500 πράττειν
1239 2434 1510 2501 προσίστα
1550 2452 1637 2484 ται
1679 2426 1783 2484 αὐ-

171 2528 299 2581 τοῖς.
386 2505 448 2570 εὖ
481 2514 542 2570 δὲ
581 2510 613 2585 ἢ
645 2516 824 2579 κακῶς
854 2536 905 2569 τι
956 2514 1185 2584 γέγονεν
1226 2515 1286 2569 ἐν
1323 2510 1507 2585 πόλει,
1552 2509 1588 2585 ἤ
1625 2518 1683 2570 τί
1706 2536 1782 2588 τω

173 2597 345 2656 κακόν
399 2601 512 2655 ἐστι
556 2595 782 2670 γεγονὸς
836 2600 895 2654 ἐκ
946 2595 1269 2670 προγόνων,
1320 2601 1529 2670 μᾶλλον
1582 2595 1782 2662 αὐτούς

291 2766 311 2802 1
340 2756 598 2831 Ἀδελφοὺς
619 2760 689 2815 -]
725 2762 937 2803 Clemens
958 2762 1027 2803 Al.
1054 2763 1216 2804 Strorn.
1240 2776 1282 2815 p.
1308 2764 1403 2805 705.

288 2821 314 2859 4
340 2812 471 2861 Ἐστε
493 2814 582 2872 μὲν
602 2821 673 2867 -]
706 2819 840 2859 Plato
862 2819 974 2872 Rep.
1000 2822 1025 2860 3
1048 2833 1090 2872 p.
1111 2821 1207 2862 415

260 2877 314 2917 20
345 2834 566 2929 Λέγωμεν
589 2869 649 2928 δὴ
673 2878 743 2923 -]
775 2875 909 2915 Plato
932 2875 1123 2916 Theaet.
1146 2889 1186 2928 p.
1213 2876 1306 2917 173.
