2014 3146
315 119 419 171 370
999 119 1248 159 EUSEBH

265 262 287 294 d
436 245 556 294 XIV
595 227 923 306 “Στοιχεῖον
967 232 1115 290 εἷναί
1150 252 1290 305 φασι
1318 237 1430 291 τῶν
1468 234 1647 293 ὄντων
1686 235 1746 294 τὸ
1786 243 1922 311 πῦρ,

311 317 566 390 καθάπερ
592 313 959 392 Ηράκλειτος,
985 316 1184 374 τούτου
1207 314 1261 374 δ’
1289 315 1456 390 ἀρχὰς
1479 316 1622 392 ύλην
1645 323 1734 377 καὶ
1760 319 1918 394 θεὸν,

312 429 384 471 ως
415 401 670 461 Πλάτων.
741 399 859 458 ἀλλ’
906 393 1062 468 οὗτος
1102 399 1266 474 άμφω
1298 401 1521 475 σώματά
1552 424 1723 476 φησιν
1756 405 1919 476 εἶναι,

311 491 403 546 καὶ
447 485 506 543 τὸ
552 490 751 544 ποιοῦν
795 488 886 543 καὶ
931 483 989 542 τὸ
1037 484 1274 559 πάσχον,
1331 489 1547 544 ἐκείνου
1597 487 1656 544 τὸ
1702 495 1920 561 πρῶτον

313 575 509 630 ποιοῦν
554 581 731 628 αἴτιον
771 568 1064 643 ἀσώματον
1115 569 1257 627 εἶναι
1299 573 1568 671 λέγοντος.
1640 577 1688 629 2.
1733 579 1965 630 ἔπειτα5

201 682 286 722 (817)
316 659 374 714 δε
405 658 496 713 καὶ
531 654 667 712 κατά
697 679 848 722 τινας
882 657 1244 729 εἱμαρμένους
1277 654 1509 728 χρόνους
1541 659 1922 730 ἐκπυροῦσθαι

311 741 408 799 τὸν
439 739 731 814 σύμπαντα
773 739 1008 813 κόσμον,
1051 736 1152 796 εἴτ
1198 732 1363 806 αὖθις
1406 739 1573 798 πάλιν
1605 747 1921 815 διακοσμεῖ-

315 822 621 883 σθαι.τό
663 826 849 898 μέντοι
890 826 1109 897 πρῶτον
1160 831 1272 897 πῦρ
1329 825 1470 882 εἶναι
1520 833 1836 898 καθαπερεί
1870 851 1921 883 τι

314 913 556 982 σπέρμα,
599 912 711 966 τῶν
741 907 1003 965 ἁπάντων
1035 914 1160 982 ἔχον
1190 906 1317 973 τοὺς
1359 908 1557 982 λόγους
1587 915 1679 966 καὶ
1709 908 1804 976 τάς
1835 917 1923 967 αἰ-

313 1000 430 1060 τίας
461 997 572 1050 τῶν
601 993 911 1066 γεγονότων
935 995 1027 1049 καὶ
1050 996 1162 1049 τῶν
1191 996 1537 1067 γιγνομένων
1559 997 1648 1050 καὶ
1669 997 1782 1051 τῶν
1805 998 1920 1052 ἐσο-
1945 1017 1989 1049 10

314 1083 523 1152 μένων·
583 1077 684 1149 τὴν
733 1079 793 1134 δὲ
837 1076 1050 1149 τούτων
1097 1076 1399 1150 ἐπιπλοκὴν
1444 1081 1535 1134 καὶ
1579 1077 1922 1136 ἀκολουθίαν

317 1164 654 1236 εἱμαρμένην
693 1164 785 1219 καὶ
829 1160 1135 1235 ἐπιστήμην
1175 1164 1266 1218 καὶ
1307 1159 1580 1234 ἀλήθειαν
1620 1165 1712 1229 καὶ
1751 1162 1923 1240 νόμον

316 1249 457 1306 εἶναι
511 1249 623 1304 τῶν
676 1245 856 1303 ὄντων
911 1243 1285 1319 άδιάδραστόν
1339 1271 1462 1304 τινα
1507 1249 1598 1303 καὶ
1653 1245 1919 1320 ἄφυκτον.

314 1332 486 1404 ταύτῃ
503 1336 535 1386 δ
541 1331 564 1386 ὲ
581 1330 760 1388 πάντα
779 1337 1114 1388 διοικεῖσθαι
1132 1330 1198 1388 τὰ
1211 1331 1348 1387 κατὰ
1361 1330 1458 1389 τὸν
1469 1330 1678 1405 κόσμον
1689 1328 1920 1406 ὑπέρευ,

315 1415 572 1489 καθάπερ
607 1419 665 1473 ἐν
698 1412 1050 1489 ευνομωτάτῃ
1082 1417 1191 1472 τινὶ
1223 1422 1485 1491 πολιτείᾳ.
1947 1436 1989 1469 15

268 1524 288 1555 b
442 1512 539 1561 XV.
575 1496 771 1558 ωνΟλον
798 1501 858 1557 δε
879 1499 975 1556 τὸν
1000 1499 1209 1573 κόσμον
1233 1499 1340 1558 σὺν
1363 1514 1477 1566 τοῖς
1505 1502 1705 1557 ἑαυτοῦ
1735 1502 1922 1574 μέρεσι

315 1583 791 1660 προσαγορεύουσι
839 1582 1002 1642 θεόν
1058 1588 1255 1642 τοῦτον
1307 1585 1367 1641 δε
1421 1588 1519 1641 ε’να
1559 1583 1740 1657 μόνον
1781 1584 1931 1642 εἷναί

316 1689 452 1743 φασι
483 1673 574 1727 καὶ
606 1671 1027 1743 πεπερασμένον
1048 1672 1139 1726 καὶ
1162 1671 1301 1744 ζῷον
1326 1671 1417 1725 καὶ
1442 1668 1627 1726 ἀΐδιον
1639 1671 1731 1725 καὶ
1762 1668 1918 1726 θεόν.

270 1787 286 1808 c
318 1758 377 1827 ἐν
407 1754 510 1827 γὰρ
551 1753 726 1831 τούτῳ
767 1752 944 1810 πάντα
975 1755 1332 1827 περιέχεσθαι
1370 1752 1436 1809 τὰ
1466 1751 1718 1826 σώματα,
1761 1751 1924 1810 κενὸν

319 1839 380 1895 δὲ
420 1839 596 1911 μηδὲν
632 1834 904 1910 ὑπάρχειν
950 1841 1010 1894 ἐν
1051 1835 1214 1912 αὐτῷ.
1286 1835 1344 1893 τὸ
1387 1835 1490 1911 γὰρ
1533 1839 1591 1893 ἐκ
1621 1835 1796 1908 πάσης
1828 1840 1922 1910 τῆς
1946 1857 1990 1889 20

317 1921 509 1988 οὐσίας
541 1920 700 1979 ποιὸν
731 1920 1275 1995 προσαγορεύεσθαι,
1307 1920 1366 1977 τὸ
1398 1919 1534 1978 κατὰ
1563 1918 1665 1992 τὴν
1699 1920 1922 1978 διακόσ-

316 2025 484 2080 μησιν
522 2004 624 2078 τὴν
662 2004 924 2078 τοιαύτην
966 2004 1213 2073 διάταξιν
1245 2013 1382 2079 ἔχον.
1451 2010 1499 2061 2.
1537 2003 1619 2062 διὸ
1653 2003 1788 2062 κατὰ
1821 2006 1924 2078 μὲν

315 2092 415 2164 τὴν
446 2093 720 2165 προτέραν
743 2088 1013 2147 ἀπόδοσιν
1038 2087 1221 2146 ἀΐδιον
1243 2090 1340 2147 τὸν
1359 2087 1566 2162 κόσμον
1593 2089 1743 2146 εἶναί
1767 2108 1923 2162 φασι,

316 2176 452 2233 κατὰ
493 2177 552 2232 δὲ
593 2178 694 2248 τὴν
736 2174 1102 2248 διακόσμησιν
1139 2172 1407 2247 γεννητὸν
1447 2176 1539 2230 καὶ
1581 2174 1925 2247 μεταβλητὸν

317 2258 454 2316 κατὰ
484 2259 777 2333 περιόδους
809 2258 1071 2331 ἀπείρους
1103 2265 1397 2331 γεγονυίας
1427 2281 1487 2314 τε
1517 2261 1607 2314 καὶ
1643 2260 1918 2331 ἐσομένας.
1946 2278 1988 2311 25

317 2349 365 2402 3.
408 2346 498 2400 καὶ
551 2345 611 2400 τὸ
654 2345 756 2417 μὲν
796 2347 854 2400 ἐκ
895 2346 989 2415 τῆς
1042 2342 1220 2416 πάσης
1271 2341 1464 2409 οὐσίας
1507 2341 1666 2399 ποιὸν
1717 2341 1924 2415 κόσμον

318 2426 502 2485 ἀΐδιον
535 2428 676 2485 εἶναι
717 2431 809 2485 καὶ
838 2427 999 2485 θεόν’
1047 2430 1311 2500 λέγεσθαι
1344 2428 1405 2483 δὲ
1435 2425 1643 2500 κόσμον
1674 2424 1924 2499 σύστημα

321 2514 373 2579 ἐξ
404 2510 649 2583 οὐρανοῦ
681 2516 773 2570 καὶ
802 2509 961 2585 ἀέρος
1001 2515 1093 2569 καὶ
1135 2515 1232 2584 γῆς
1264 2514 1355 2569 καὶ
1385 2510 1661 2583 θαλάττης
1692 2512 1782 2566 καὶ
1813 2513 1925 2567 τῶν
1997 2536 1999 2538 ’

275 2616 297 2649 d
324 2599 382 2652 ἐν
413 2592 601 2662 αὐτοῖς
632 2595 882 2668 φύσεων·
932 2598 1195 2668 λέγεσθαι
1228 2597 1289 2652 δὲ
1319 2595 1525 2668 κόσμον
1564 2597 1654 2651 καὶ
1684 2593 1744 2650 τὸ
1775 2601 1923 2666 οἰκη-

319 2679 509 2753 τήριον
538 2684 692 2737 θεῶν
732 2683 822 2736 καὶ
863 2677 1183 2754 ἀνθρώπων
1225 2682 1318 2737 καὶ
1357 2683 1469 2736 τῶν
1510 2682 1670 2736 ἕνεκα
1712 2675 1923 2734 τούτων
1946 2698 2007 2730 3οΔ

319 2767 649 2837 γενομένων.
719 2769 766 2821 4.
801 2761 866 2821 ὃν
906 2762 1010 2837 γὰρ
1051 2764 1256 2837 τρόπον
1295 2762 1451 2829 πόλις
1482 2766 1694 2835 λέγεται
1739 2765 1921 2835 διχῶς,

316 2847 379 2905 τό
410 2872 467 2905 τε
496 2847 813 2924 οἰκητήριον
843 2850 934 2904 καὶ
965 2848 1037 2905 τὸ
1058 2853 1117 2905 ἐκ
1145 2855 1256 2906 τῶν
1289 2846 1653 2906 ἐνοικούντων
1672 2845 1781 2904 σὺν
1809 2860 1924 2911 τοῖς
