2014 3146
632 140 1800 192 PRAEP.EVANG.X111.·21.249

188 258 290 332 μὲν
333 255 626 330 ἐλεύθερος
664 254 772 314 ὑπὸ
814 259 909 329 τῆς
950 254 1161 323 πόλεως
1203 254 1388 330 ὀρθῶς
1427 254 1659 330 γίγνοιτ’
1708 254 1796 329 ἂν,

186 340 559 414 ἀποδιδούσης
589 345 664 417 τῷ
708 340 946 421 δεσπότῃ
977 339 1077 415 τὴν
1106 339 1293 415 τιμήν
1354 340 1428 414 μὴ
1467 339 1696 415 μηνύων
1739 343 1799 398 δὲ

187 426 415 503 θανάτῳ
448 406 810 499 §nycmjfflffoef'

313 516 362 568 2.
410 510 721 568 Κάνταῦθα
765 512 866 582 μὲν
910 513 1196 583 ἐζημίωται
1234 509 1463 587 θανάτῳ
1508 507 1608 583 οὐχ
1638 506 1666 567 ὅ
1698 533 1799 566 πα-

112 627 119 635 ·
144 618 163 650 5
188 594 487 670 ρακινήσας
518 619 568 652 τι
598 601 710 652 τῶν
739 592 1143 669 ἀπειρημένων,
1178 594 1300 652 ἀλλ’
1340 591 1368 651 ὁ
1400 596 1587 668 ἑτέρου
1619 603 1800 668 πλημ-

186 679 522 753 μελήσαντος
554 679 626 752 μὴ
659 679 1064 753 καταμηνύσας.
1120 682 1213 736 καὶ
1243 677 1422 745 άλλως
1457 681 1516 736 δὲ
1547 680 1800 754 καθαρὸν

185 761 485 838 αποφαίνει
518 763 818 836 δεσπότην,
853 769 903 820 εἰ
938 763 1035 820 τὸν
1070 769 1216 820 ἰδιον
1258 767 1461 821 δοῦλον
1502 768 1668 840 θυμῷ
1701 788 1798 836 φο-

185 847 417 906 νεύσειε.
481 850 627 920 λέγει
660 844 712 904 δ’
747 872 848 904 ουν
1809 860 1847 925 ,ἃ

306 931 580 989 “Δοῦλον
636 932 697 988 δε
747 938 965 998 κτείνας
1024 933 1226 989 ἑαυτοῦ
1276 933 1379 1005 μὲν
1429 930 1797 1038 καθηράσθω,

123 1042 163 1073 10
190 1015 284 1074 ἐὰν
319 1018 378 1073 δε
410 1016 699 1090 ἀλλότριον
738 1019 931 1094 θυμω,
976 1021 1143 1090 διπλῇ
1185 1017 1245 1073 τὸ
1292 1014 1497 1089 βλάβος
1538 1015 1800 1073 ἐκτισάτω

184 1108 259 1179 τῷ
291 1098 634 1178 κεκτημένῳῖ

313 1191 360 1243 3.
410 1188 520 1243 Καὶ
558 1189 719 1243 τοῦτο
765 1186 824 1242 δὲ
868 1184 1180 1244 ἐπάκουσον
1221 1182 1394 1243 αὐτου
1441 1189 1553 1243 τῶν
1593 1183 1800 1260 νόμων,

184 1267 282 1339 οὒς
312 1272 438 1344 περὶ
470 1273 692 1343 φονέων
725 1269 1003 1338 διετάξατο

262 1371 266 1374 ’
303 1350 442 1412 “”Αν
473 1353 579 1429 ἄρα
609 1379 689 1421 τις
722 1354 974 1428 αὐτόχειρ
1006 1356 1108 1428 μὲν
1148 1360 1334 1429 κτείνῃ
1369 1354 1698 1427 ἐλεύθερον,
1741 1354 1802 1412 τὸ

122 1463 163 1496 15
190 1440 251 1496 δὲ
292 1443 684 1514 πεπραγμένον
728 1438 1189 1511 ἀπροβουλεύτως
1230 1437 1367 1514 ὀργῇ
1415 1463 1524 1498 τινι
1575 1443 1802 1512 γένηται

187 1525 469 1598 πραχθὲν,
511 1524 576 1581 τὰ
617 1525 719 1598 μὲν
758 1522 924 1596 ἄλλα,
969 1523 1223 1598 καθάπερ
1263 1521 1400 1581 ἄνευ
1440 1528 1631 1597 θυμοῦ
1661 1530 1801 1582 κτεί-

186 1633 344 1666 ναντι
397 1612 642 1683 προσῆκέ
689 1633 765 1686 τῳ
817 1607 1078 1682 πάσχειν,
1141 1611 1419 1681 πασχέτω·
1502 1607 1605 1666 δύο
1648 1607 1700 1666 δ’
1748 1612 1800 1676 ἐξ

185 1691 431 1766 ἀνάγκης
464 1699 555 1766 ἔτη
586 1694 856 1766 φευγέτω,
889 1692 1133 1762 κολάζων
1155 1693 1252 1751 τὸν
1275 1693 1448 1751 αὑτοῦ
1477 1692 1711 1766 θυμόν.”

257 1851 260 1854 Δ
313 1782 360 1834 4.
409 1780 518 1835 Καὶ
559 1776 734 1854 τούτῳ
775 1785 1147 1853 προστίθησιν
1197 1781 1317 1850 ἑξῆς
1359 1781 1546 1852 ἕτερον
1587 1777 1804 1837 τοιόνδε

123 1885 164 1917 20
190 1860 360 1935 νόμον
1729 1916 1732 1918 ,

306 1942 405 2004 “O
437 1947 498 2003 δε
528 1950 695 2024 θυμω
739 1971 859 2020 μεν,
892 1944 1011 2020 μετ’
1048 1950 1344 2019 ἐπιβουλῆς
1378 1947 1438 2003 δε
1469 1953 1704 2019 κτεινας,
1738 1972 1803 2003 τα

187 2055 289 2103 μεν
319 2022 458 2087 άλλα
489 2055 625 2088 κατα
655 2030 752 2088 τὸν
783 2037 1100 2106 ἔμπροσθεν
1131 2033 1230 2104 αὐ,
1275 2037 1397 2105 τριά
1433 2032 1494 2088 δε
1535 2039 1655 2104 ἔτη,
1704 2056 1799 2088 κα-

187 2113 371 2189 θάπερ
395 2113 584 2189 ἅτερος
612 2121 812 2188 ἔφευγε
836 2140 900 2173 τα
928 2114 1048 2188 δυό,
1071 2119 1342 2189 φευγέτω,
1367 2117 1594 2188 μεγέθει
1615 2119 1803 2188 θυμοῦ
1848 2178 1852 2180 ,

190 2206 361 2255 πλείω
392 2203 726 2300 τιμωρηθεὶς
758 2196 1004 2272 χρόνον.”

126 2308 167 2338 25
320 2289 367 2338 5.
420 2280 550 2342 Εἶθ’
610 2286 731 2356 ἑξῆς
781 2286 908 2357 περὶ
948 2286 1047 2340 τοῦ
1109 2282 1372 2356 δεύτερον
1425 2282 1802 2356 φονεύσαντος

190 2364 374 2424 τοιάδε
410 2377 702 2440 νομοθετεῖ

309 2448 481 2508 “Ἐαν
526 2452 585 2508 δε
626 2443 792 2518 αὖθίς
835 2474 966 2509 ποτε
998 2449 1289 2509 κατελθων
1318 2449 1576 2525 ὁπότερος
1608 2450 1801 2509 αὐτοῖν

188 2533 448 2607 ἡττηθεὶς
489 2533 628 2609 ὀργῇ
679 2533 859 2609 πράξῃ
900 2533 1102 2594 ταυτὸν
1150 2539 1329 2609 τοῦτο,
1373 2535 1573 2609 φυγὼν
1611 2538 1801 2610 μηκέτι

162 2616 479 2693 -κατέλθῃ.”

1828 2450 1914 2492 [417]

1824 2497 1855 2535 (Τ
1844 2497 1914 2534 412)

332 2844 357 2882 9
382 2839 566 2882 Λοῦλον
590 2837 643 2883 δε
671 2839 739 2895 —-]
766 2841 899 2881 Plato
923 2843 1035 2895 Leg.
1068 2845 1107 2883 9
1131 2856 1172 2894 p.
1195 2844 1290 2884 868.

308 2899 358 2936 14
372 2889 452 2937 Av
478 2912 571 2952 αρα
592 2896 665 2952 —-]
691 2897 805 2938 Ibid.
830 2912 871 2950 p.
896 2899 991 2939 867.
