2014 3146
594 150 805 191 PRAEP.
831 149 1053 192 EVANG.
1090 151 1211 191 XIV,
1237 152 1276 194 7.
1635 149 1739 200 273

129 264 266 343 ᾤετο
295 269 457 323 τοῦτο
490 268 671 323 ἐκεῖνο
703 262 853 342 αὐτῷ
882 270 1213 338 συμβαίνειν
1236 267 1362 339 περὶ
1392 263 1452 322 τὸ
1474 279 1735 338 ταμιεῖον.

129 347 431 424 ἀρξάμενός
460 373 519 407 τε
551 355 719 407 ἔνθεν
754 350 1074 424 ἐφιλοσόφει
1105 348 1254 421 παρὰ
1279 354 1354 426 τῷ
1383 347 1736 426 Ἀρκεσιλάῳ,

129 435 307 509 μηδὲν
336 432 471 507 μήτε
500 433 639 508 ὁρᾶν
667 433 803 508 μήτε
834 431 1059 492 ἀκούειν
1091 434 1316 506 ἐναργὲς
1347 431 1380 506 ἢ
1410 433 1586 507 ὑγιές·
1647 441 1746 491 καί

133 541 267 577 ποτε
301 516 743 592 ἐπισπασάμενος
773 521 886 577 τῶν
916 517 1403 592 προσομιλούντων
1434 515 1583 595 αὐτῷ
1613 543 1739 576 τινα

85 626 108 660 5
132 609 210 670 εἰς
240 603 342 675 τὴν
371 609 554 660 οἰκίαν
586 609 889 677 ἰσχυρίζετο
921 603 1056 675 πρὸς
1088 601 1257 660 αὐτὸν
1286 598 1620 676 ὑπερφυῶς,
1668 602 1740 670 ὡς

131 685 338 759 ἐδόκει,
371 686 474 759 τὴν
506 686 727 760 ἐποχὴν,
775 689 866 744 καὶ
908 692 1013 759 ἔφη
1047 683 1247 744 “τοῦτο
1287 688 1389 759 μὲν
1430 684 1737 760 ἄναμφίλε-
1761 711 1846 753 [4291

129 795 260 829 κτον
286 770 392 844 ἐγώ
416 790 502 828 σοι
529 777 634 845 ἔχω
665 769 893 845 φράσαι,
925 767 1090 836 αὐτὸς
1121 767 1214 827 ἀπ’
1255 773 1496 843 ἐμαυτοῦ
1519 771 1739 844 μαθὼν,

127 854 232 913 οὐκ
262 853 433 913 άλλου
464 853 796 929 napaeas?
863 859 911 911 ἴ).
960 852 1190 911 κᾶπειτα
1221 851 1523 927 ἀρξάμενος
1554 877 1739 954 περιη-

128 954 277 1013 γεῖτο
317 939 417 1013 τὴν
462 938 599 1011 ὅλην
637 943 736 997 τοῦ
789 945 1038 1012 ταμιείου
1091 943 1384 1012 συμβᾶσαν
1437 936 1590 1015 αυτῷ
1640 939 1738 995 πά-
1758 965 1833 1004 (τ3ῑ
1829 967 1850 1003 )

66 1048 106 1081 ιο
129 1035 258 1097 θην.
325 1029 384 1081 τί
409 1016 565 1082 οὖν
542 1021 631 1095 α’ν,
664 1023 838 1095 εἶπεν,
871 1028 950 1080 ε’τι
981 1021 1183 1096 Ζήνων
1208 1025 1361 1095 λέγοι
1401 1021 1537 1097 πρὸς
1567 1021 1740 1090 οὕτως

127 1107 576 1182 ὁμολογουμένην
609 1108 700 1165 δια
731 1107 958 1166 πάντων
987 1106 1241 1181 φανεράν
1270 1131 1361 1181 μοι
1396 1111 1455 1165 ἐν
1484 1122 1597 1174 τοϊς
1627 1132 1740 1164 τοι-

129 1198 286 1251 οῖσδε
317 1189 727 1266 άκαταληψίαν;
760 1190 818 1259 ὃς
850 1217 954 1266 γαρ
986 1189 1284 1250 απέκλεισα
1306 1193 1409 1295 μὲν
1433 1205 1551 1258 ταῖς
1578 1194 1739 1265 ἐμαυ-

127 1280 230 1335 τοῦ
258 1279 478 1351 χερσὶν,
521 1273 683 1343 αὐτὸς
717 1278 776 1334 δε
822 1275 1208 1350 ἐσημηνάμην,
1255 1274 1419 1342 αυτὸς
1461 1277 1522 1333 δε
1553 1273 1739 1350 ἀφῆκα
1813 1278 1816 1283 ’

129 1385 232 1436 μεν
273 1371 405 1419 εἴσω
448 1360 545 1418 τὸν
587 1361 915 1432 δακτύλιον,
969 1353 1136 1427 αὖθις
1184 1358 1239 1417 δ’
1285 1360 1470 1418 ε’λθών
1514 1359 1739 1428 ἀνοίξας

66 1467 107 1499 15
129 1445 225 1504 τὸν
254 1470 358 1520 μεν
389 1444 686 1503 δακτύλιον
715 1442 826 1519 ὁρῶ
853 1450 1038 1517 ε’νδον,
1070 1444 1137 1502 οὐ
1164 1446 1351 1518 μέντοι
1375 1447 1465 1501 καὶ
1488 1469 1553 1500 τα
1578 1442 1737 1517 ἄλλα,

129 1536 245 1596 πῶς
290 1529 355 1588 οὐ
398 1535 623 1596 δικαίως
663 1527 1044 1596 άπιστούντως
1092 1543 1206 1596 τοῖς
1246 1527 1562 1602 πράγμασιν
1604 1531 1739 1598 Ege-03

130 1611 197 1671 οὐ
227 1612 332 1688 γὰρ
373 1612 625 1687 τολμήσω
667 1620 846 1672 εἰπειν
887 1621 1059 1686 ε”γωγε
1104 1611 1340 1671 ἐλθόντα
1381 1612 1504 1670 τινὰ
1543 1615 1739 1680 κλέψαι
1770 1625 1789 1656 ¹>

130 1702 320 1771 ταῦτα,
352 1694 694 1772 υπάρχοντος
728 1703 892 1756 ε’νδον
936 1702 1034 1755 τοῦ
1080 1703 1393 1755 δακτυλίου
1464 1703 1510 1754 6.
1560 1698 1651 1754 καὶ
1682 1695 1741 1762 ὃς

130 1779 378 1853 ἄκου’ων,
425 1784 496 1854 ἠν
535 1807 640 1855 γαρ
680 1778 973 1857 υβριστὴς,
1019 1781 1376 1855 ἐκδεξάμενος
1416 1781 1475 1838 τὸ
1516 1803 1628 1837 παν
1669 1806 1740 1846 ως

65 1890 108 1922 20
133 1873 292 1940 ἔσχεν
330 1863 591 1938 ἀκοῦσαι,
631 1866 787 1940 μόλις
827 1869 918 1923 καὶ
960 1866 1233 1939 πρότερον
1271 1869 1473 1924 ἑαυτοῦ
1504 1870 1740 1936 κρατῶν,

129 1949 402 2025 ἀπέρρηξε
432 1954 643 2023 γέλωτα
674 1954 766 2008 καὶ
796 1950 941 2024 μάλα
973 1952 1204 2022 πλατὺν,
1238 1954 1417 2023 γελῶν
1447 1973 1506 2007 τε
1539 1955 1616 2007 ἔτι
1648 1952 1742 2008 καὶ

130 2033 415 2108 καγχάζων
448 2033 737 2108 διήλεγχεν
761 2033 871 2108 ἅμα
896 2034 1070 2093 αὐτοῦ
1091 2033 1194 2108 τὴν
1218 2037 1556 2101 κενοδοξίαν.
1602 2031 1741 2090 ὥστε

132 2125 315 2176 ἔκτοτε
338 2117 600 2191 Λακύδης
631 2118 933 2192 ἀρξάμενος
966 2118 1148 2176 οὐκέτι
1179 2119 1282 2192 μὲν
1313 2118 1410 2175 τὸν
1446 2117 1741 2174 δακτύλιον

134 2209 248 2259 ἔσω
273 2206 597 2274 ἐνέβαλλεν,
629 2201 814 2260 οὐκέτι
864 2204 923 2259 δὲ
953 2207 1050 2260 τοῦ
1081 2208 1330 2275 ταμιείου
1373 2204 1564 2273 ἐχρῆτο
1604 2197 1741 2257 ἀκα-

67 2309 111 2340 25
133 2292 393 2361 ταληψία,
427 2283 566 2342 αλλα
597 2285 978 2358 κατελάμβανε
1007 2310 1072 2342 τα
1103 2285 1403 2391 ἀφειμένα,
1440 2287 1532 2341 καὶ
1563 2283 1741 2357 μάτην

135 2368 610 2442 ἐπεφιλοσοφήκει.
657 2375 700 2427 7.
727 2394 794 2427 ου
824 2372 1011 2443 μέντοι
1043 2368 1181 2426 ἄλλα
1204 2374 1260 2427 οί
1287 2393 1350 2442 γε
1380 2374 1575 2435 παῖδες
1607 2368 1739 2441 φόρ

132 2477 290 2520 τακες
321 2456 482 2527 ἦσαν,
515 2455 606 2510 καὶ
650 2452 716 2511 οὐ
756 2457 968 2529 θατέρα
999 2456 1221 2527 ληπτοὶ,
1268 2462 1373 2511 οὶοι
1415 2454 1475 2510 δε
1507 2477 1657 2510 ουτοι
1689 2477 1735 2509 οι
1764 2482 1779 2503 c

134 2543 455 2614 κωμωδικοί
479 2561 538 2594 τε
568 2541 659 2594 καὶ
689 2541 853 2595 Γέται
883 2541 975 2595 καὶ
1006 2541 1203 2608 Δακοὶ,
1237 2535 1340 2595 κάκ
1370 2541 1466 2610 τῆς
1494 2540 1740 2607 Δακικῆς

135 2629 324 2679 λαλεῖν
355 2621 759 2694 στωμυλήθρας
801 2625 1348 2695 κατεγλωττισμένοι,
1394 2625 1518 2678 ἐπεί
1541 2644 1599 2678 τε
1629 2635 1741 2686 τοῖς

70 2727 114 2759 30
136 2715 405 2772 Στωϊκοῖς
436 2704 501 2762 τά
532 2715 844 2778 σοφίσματα
874 2704 1140 2779 ἥκουσαν,
1175 2717 1285 2764 εἴτε
1324 2707 1413 2762 καὶ
1446 2703 1624 2770 ἄλλως
1659 2709 1741 2760 ἐκ·

137 2789 440 2862 μαθόντες,
490 2786 633 2846 εὐθὺ
673 2797 769 2847 τοῦ
810 2789 1147 2863 τολμήματος
1191 2788 1390 2864 ᾔεσαν,
1439 2790 1529 2845 καὶ
1570 2810 1742 2856 παρε-

136 2871 337 2930 λύοντο
368 2871 542 2931 αὐτοῦ
563 2872 666 2946 τὴν
689 2880 991 2946 σφραγῖδα,
1016 2876 1107 2935 καὶ
1131 2875 1251 2931 τοτὲ
1274 2875 1375 2946 μὲν
1399 2875 1591 2943 ἑτέραν
1615 2867 1737 2927 ἀντ’

222 2979 455 3008 EUSEBIL'S
492 2982 544 3008 11.
1424 2965 1486 3015 18
