2014 3146
186 584 205 615 d

122 1595 206 1636 (8⁴26)

229 108 335 160 330
910 108 1160 149 EUSEBII

724 220 736 240 5
781 219 804 239 Ἃ
1635 222 1714 243 ’n

231 231 440 299 παθεία
473 225 712 296 ἐλέγχοιτ
771 248 841 280 αν
872 225 963 279 καὶ
993 226 1062 296 τῇ
1091 225 1424 295 παραθέσει·
1470 222 1543 297 μὴ
1577 230 1631 281 δι
1685 233 1836 298 ολου,

231 306 297 365 οὐ
329 309 622 380 γινομένου
655 305 804 380 ἑνὸς,
837 306 971 364 οὐδὲ
1002 311 1333 380 συμπαθοῦς
1365 311 1418 375 ἐξ
1447 305 1715 381 ἀπαθῶν,
1747 312 1838 366 καὶ

232 391 305 465 μὴ
347 395 614 449 ἑνοῦσθαι
659 394 989 464 δυναμένων
1029 390 1322 464 σωμάτων·
1371 391 1520 465 ψυχὴ
1566 393 1626 449 δὲ
1669 395 1837 467 ἑαυτῇ

233 475 556 549 συμπαθής·
607 478 665 532 ἐκ
699 477 758 533 δὲ
790 475 1011 551 ἀμερῶν
1041 478 1197 549 σῶμα
1227 473 1359 533 οὐδὲ
1389 479 1624 549 μέγεθος
1649 474 1718 534 ἂν
1747 480 1840 550 γέ-

235 585 394 618 νοιτο.
484 565 564 618 12.
615 562 705 617 καὶ
737 560 846 635 μὴν
879 566 928 618 εἰ
956 557 1136 618 ἁπλοῦ
1165 558 1320 626 ὄντος
1351 564 1452 618 τοῦ
1481 560 1747 634 σώματος,
1778 560 1837 619 τὸ
1883 583 1905 616 5

230 646 332 716 μὲν
361 642 493 702 ὅσον
522 642 718 703 ὑλικὸν
767 642 900 717 παρ’
946 641 1118 702 αὑτοῦ
1160 644 1302 718 ζωὴν
1342 651 1488 718 ἔχειν
1518 644 1584 703 οὐ
1618 644 1835 719 φήσου-

232 746 346 785 σιν·
381 727 511 803 (ὕλη
543 729 646 803 γὰρ
680 728 902 803 ἄποιον)
946 727 1005 786 τὸ
1046 731 1106 786 δὲ
1148 729 1285 786 κατὰ
1316 727 1374 786 τό
1409 731 1555 796 εἶδος
1586 733 1839 803 τεταγμέ-

233 838 332 870 νον
374 817 659 888 ἐπιφέρειν
699 812 800 886 τὴν
843 813 1011 887 ζωήν
1061 820 1112 871 εἰ
1148 839 1251 886 μεν
1281 812 1479 872 οὐσίαν
1509 814 1752 917 φήσουσι
1781 813 1843 872 τὸ

234 898 378 964 εἶδος
408 904 570 955 τοῦτο
618 898 788 972 εἶναι,
823 923 888 956 ου
919 923 978 955 το
1009 897 1461 972 συναμφότερον,
1506 898 1748 971 θάτερον
1782 901 1842 956 δὲ

231 981 444 1040 τούτων
476 988 627 1040 ἐσται
657 979 691 1055 ἡ
724 982 900 1056 ψυχή·
935 985 1026 1039 καὶ
1057 981 1160 1040 οὐκ
1192 982 1302 1041 ἔστ’
1341 1008 1411 1039 av
1437 987 1620 1057 σῶμα,
1646 982 1711 1041 οὗ
1737 1009 1839 1059 γαρ
1863 1006 1907 1037 10

234 1070 287 1134 ἐξ
318 1065 452 1139 ύλης
485 1070 577 1124 καὶ
609 1065 770 1140 αυτὸ,
803 1063 837 1139 ἢ
869 1066 1037 1124 πάλιν
1066 1067 1163 1124 τὸν
1194 1064 1363 1125 αὐτὸν
1393 1066 1598 1140 τρόπον
1629 1067 1843 1125 αναλύ-

233 1171 418 1251 σομεν.
480 1156 559 1209 13
597 1158 648 1209 εἰ
678 1153 738 1208 δε
769 1151 1011 1254 πάθημα
1033 1156 1128 1224 τῆς
1158 1149 1321 1224 ὕλης,
1355 1149 1474 1208 ἀλλ’
1512 1151 1614 1210 οὐκ
1645 1159 1842 1210 ουσιαν

232 1233 512 1307 φήσουσιν
537 1235 698 1309 εἶναι,
726 1233 827 1308 ἀφ’
861 1261 927 1293 ου
957 1235 1016 1293 τὸ
1047 1235 1279 1310 πάθημα
1312 1238 1402 1293 καὶ
1433 1235 1465 1310 ἡ
1499 1235 1605 1309 ζωὴ
1641 1243 1718 1303 εἰς
1742 1236 1843 1309 τὴν

231 1318 374 1392 ὕλην
407 1319 646 1393 ἐλήλυθε
677 1323 899 1378 λεκτέον
929 1320 1132 1387 αυτοῖς.
1179 1319 1246 1377 οὐ
1276 1345 1381 1394 γαρ
1415 1323 1483 1394 δὴ
1515 1318 1548 1393 ἦ
1578 1319 1684 1392 ὕλη
1717 1324 1842 1378 ἑαυ-

231 1402 332 1475 τὴν
361 1420 594 1477 μορφοῖ,
628 1402 760 1463 οὐδὲ
792 1408 963 1480 ἑαυτῇ
992 1405 1178 1479 ψυχὴν
1211 1408 1476 1478 ἐντίθησι.
1538 1411 1627 1462 δεῖ
1653 1404 1759 1479 ἄρα
1789 1430 1840 1463 τι
1864 1424 1905 1457 15

233 1488 374 1545 εἶναι
404 1488 464 1546 τὸ
495 1490 733 1564 χορηγὸν
763 1495 927 1563 ζωῆς,
971 1499 1080 1548 εἴτε
1119 1496 1185 1563 τῇ
1227 1489 1335 1564 ὕλῃ
1367 1486 1400 1562 ἡ
1431 1496 1689 1565 χορηγία,
1723 1487 1839 1548 εἴθ’

235 1571 449 1650 ὁτῳοῦν
489 1579 601 1630 τῶν
639 1573 934 1648 σωμάτων,
979 1578 1080 1642 ἔξω
1121 1571 1186 1631 ὂν
1230 1577 1320 1631 καὶ
1362 1576 1614 1632 ἐπέκεινα
1655 1593 1842 1649 σωμα-

235 1661 388 1730 τικῆς
431 1657 683 1730 φύσεως,
733 1661 848 1716 ἐπεὶ
890 1656 1010 1716 οὐδ’
1048 1656 1118 1715 ἂν
1159 1669 1244 1760 εἴη
1276 1663 1433 1732 σῶμα
1463 1658 1632 1716 οὐδὲν
1682 1673 1841 1733 ψυχι-

234 1745 332 1813 κῆς
366 1741 656 1815 δυνάμεως
687 1742 789 1800 οὐκ
819 1741 1003 1815 οὔσης.
1077 1747 1156 1799 14.
1200 1748 1291 1818 ῥεῖ
1316 1768 1449 1816 γαρ,
1482 1746 1573 1800 καὶ
1607 1747 1666 1800 ἐν
1695 1748 1841 1818 φορᾷ

235 1824 410 1882 αυτοῦ
439 1822 471 1898 ἡ
504 1825 693 1899 φύσις,
719 1829 810 1884 καὶ
843 1824 1089 1884 ἀπόλοιτ’
1126 1822 1260 1883 ἂν
1221 1851 1293 1894 ως
1316 1826 1559 1900 τάχιστα,
1590 1834 1639 1884 εἰ
1661 1826 1838 1885 πάντα
1863 1847 1906 1879 20

235 1908 459 1983 στόματα
493 1920 596 1982 εἴη,
629 1935 733 1968 καν
766 1908 854 1968 εἰ’
837 1909 1010 1985 όνομα
1036 1913 1119 1967 ἑνὶ
1145 1908 1332 1968 αὐτῶν
1355 1909 1540 1984 ψυχήν
1561 1936 1642 1978 τις
1665 1922 1837 1970 θεῖτο.

233 1992 298 2049 τοὶ
343 1991 482 2051 αὐτοὶ
526 1994 630 2069 γὰρ
675 1992 745 2052 ἂν
776 1994 949 2053 πάθοι
989 2010 1102 2062 τοῖς
1148 1994 1332 2061 ἅλλοις
1378 1994 1657 2068 σώμασιν,
1703 1994 1841 2069 ὕλης

234 2083 358 2151 μιᾶς
389 2075 557 2152 οὔσης
589 2078 792 2146 αὐτοῖς.
839 2084 1050 2153 μᾶλλον
1082 2081 1143 2137 δὲ
1167 2077 1292 2137 οὐδ’
1327 2076 1396 2136 ἂν
1433 2083 1675 2153 γένοιτο,
1702 2078 1842 2137 ἀλλὰ

236 2161 492 2235 στήσεται
525 2167 586 2221 ἐν
614 2163 722 2265 ὕλη
754 2188 819 2222 τα
850 2163 1050 2237 πάντα,
1081 2165 1156 2238 μὴ
1186 2162 1344 2233 ὄντος
1372 2168 1471 2221 τοῦ
1494 2188 1841 2239 μορφουντος

236 2244 427 2318 αὐτήν.
521 2252 601 2305 15.
648 2247 785 2322 τάχα
827 2247 882 2306 δ’
920 2246 990 2306 ἂν
1020 2247 1147 2306 ουδ’
1184 2245 1314 2306 ἄν’
1285 2273 1319 2320 η
1349 2247 1456 2321 ὕλη
1486 2248 1547 2306 τὸ
1578 2248 1841 2322 παράπαν
1863 2266 1908 2299 25

238 2341 335 2403 εἴη.
392 2331 696 2406 λυθήσεται
741 2335 802 2390 δε
844 2336 936 2390 καὶ
976 2333 1104 2390 τόδε
1134 2331 1192 2390 τὸ
1224 2331 1470 2407 ξύμπαν,
1514 2343 1563 2390 εἰ
1562 2344 1674 2400 ’τις
1706 2330 1838 2390 αυτὸ

238 2416 547 2472 πιστεύσειε
598 2416 847 2490 σώματος
893 2420 1173 2490 συνέρξει,
1229 2417 1420 2484 διδοὺς
1464 2414 1612 2493 αὐτῷ
1664 2421 1841 2491 ψυχῆς

237 2497 409 2570 τάξιν,
440 2502 596 2572 μέχρι
627 2506 739 2558 τῶν
770 2501 1084 2575 ὀνομάτων,
1126 2501 1246 2574 ἀέρι
1287 2505 1379 2558 καὶ
1410 2499 1680 2574 πνεύματι
1711 2520 1840 2558 σκε-

239 2582 581 2660 δαστοτάτω,
635 2588 726 2642 καὶ
764 2589 841 2662 τῷ
885 2589 967 2644 ἑνὶ
999 2587 1143 2644 εἶναι
1174 2592 1353 2659 ἔχοντι
1383 2584 1451 2642 οὗ
1483 2584 1612 2659 παρ’
1651 2583 1837 2642 αὑτοῦ.

236 2673 351 2734 πῶς
376 2667 479 2742 γὰρ
503 2671 856 2742 τεμνομένων
891 2674 1003 2728 τῶν
1026 2669 1252 2728 πάντων
1285 2669 1556 2743 σωμάτων
1580 2665 1840 2746 ᾡτινιοῦν
1861 2693 1906 2726 30

235 2776 315 2818 τις
347 2749 630 2819 ἀνατιθεὶς
660 2751 787 2810 τόδε
816 2754 876 2811 τὸ
907 2760 1019 2811 πᾶν
1051 2753 1152 2812 οὐκ
1183 2752 1421 2827 ἀνόητόν
1461 2778 1518 2810 τε
1549 2755 1640 2809 καὶ
1671 2753 1839 2826 φερό-

234 2859 404 2907 μενον
437 2842 556 2908 εἰκῆ
589 2836 834 2910 ποιήσει;
905 2843 984 2895 16.
1028 2846 1110 2906 τίς
1151 2837 1257 2913 γάρ
1297 2836 1443 2906 τάξις
1477 2841 1535 2895 ἐν
1565 2836 1840 2910 πνεύματι
