2014 3146
263 153 333 204 30
945 154 1192 196 EUSEBII

261 279 379 337 θως
405 267 633 342 Ἐλλησι
671 273 738 343 τῇ
777 274 890 326 τῶν
920 267 1196 326 πλειόνων
1228 278 1395 326 εἴωθε
1424 274 1667 343 χρῆσθαι
1697 288 1879 344 προσ-

263 359 489 429 ηγορίᾳ,
531 356 622 411 καὶ
663 351 771 410 ἀπὸ
812 355 906 426 τῆς
947 352 1084 426 πρὸς
1114 352 1420 411 Διονύσιον
1451 358 1765 427 ἐπιστολῆς,
1811 358 1872 412 ἐν

149 427 299 513 [διῗῇ
328 437 580 512 σύμβολα
613 436 801 503 διδοὺς
831 440 944 494 τῶν
973 461 1032 494 τε
1065 434 1156 494 δια
1187 439 1435 510 σπουδῆς
1465 435 1615 514 αὐτῷ
1657 462 1872 513 γραφο-

259 524 444 595 μένων
477 525 781 579 ἐπιστολῶν
809 523 903 578 καὶ
933 545 1045 579 των
1074 519 1252 587 ἄλλως
1284 517 1726 623 ἀπερριμμένων,
1759 547 1870 579 των

258 630 360 706 μεν
401 606 578 679 μηδὲν
610 609 857 679 ἐχουσων
887 611 1198 663 σπουδαῖον
1228 619 1458 678 σημεῖον
1486 603 1546 662 τὸ
1575 609 1687 663 τῶν
1717 612 1870 663 θεῶν
1892 630 1921 662 5

258 688 433 763 ὄνομα
493 688 785 763 προτάξειν
839 696 1037 763 ἔφησε,
1099 693 1212 748 τῶν
1266 690 1327 746 δὲ
1386 682 1871 764 πεφροντισμένως

260 771 411 850 αὐτῷ
441 775 915 847 συνταττομένων,
946 773 1006 831 τὸ
1037 778 1135 831 τοῦ
1166 777 1320 831 θεοῦ.
1369 776 1516 846 λέγει
1549 771 1601 831 δ’
1628 765 1735 831 οῦν
1754 765 1872 831 ωδε

259 836 398 916 κατδι
429 861 577 926 λέξιν

385 947 434 999 4.
464 939 644 1016 “He-912
686 943 746 998 δὲ
787 940 856 1014 δὴ
895 945 993 998 τοῦ
1033 940 1311 1015 ξυμβόλου
1341 947 1438 998 τοῦ
1466 943 1593 1016 περὶ
1623 940 1720 1008 τας
1752 945 1871 998 ἐπι-

259 1020 483 1099 στολὰς,
524 1025 656 1093 ὅσας
696 1050 755 1083 τε
796 1021 867 1083 ἂν
909 1028 1206 1084 ἐπιστέλλω
1238 1028 1459 1100 σπουδῇ
1487 1028 1578 1083 καὶ
1612 1023 1742 1093 ὅσας
1772 1025 1866 1098 μὴ,
1892 1049 1935 1080 10

257 1110 409 1184 οἶμαι
451 1113 555 1184 μέν
599 1129 662 1168 σε
702 1113 1048 1184 μεμνῆσθαι,
1088 1107 1234 1183 ὅμως
1277 1108 1326 1166 δ’
1375 1108 1554 1168 ἐννόει
1595 1111 1686 1167 καὶ
1730 1109 1871 1182 σφό-

261 1199 366 1268 δρα
410 1193 646 1268 πρόσεχε
688 1194 784 1252 τὸν
821 1197 985 1252 νοῦν
1051 1196 1246 1252 πολλοὶ
1294 1193 1399 1268 γὰρ
1449 1198 1504 1250 οι
1549 1192 1870 1266 κελεύοντες

255 1278 523 1386 γράφειν,
568 1276 664 1346 οὓς
707 1277 773 1336 οὐ
814 1277 1010 1354 ρᾴδιον
1048 1302 1303 1353 φανερως
1346 1283 1698 1336 διωθεῖσθαι.
1773 1281 1871 1350 τῆς

256 1387 359 1436 μεν
397 1365 499 1421 οὐν
539 1368 851 1430 σπουδαίας
893 1365 1180 1437 ἐπιστολῆς
1209 1358 1236 1419 6
1267 1361 1399 1429 θεὸς
1429 1359 1613 1436 ἄρχει,
1651 1364 1778 1420 θεοὶ
1810 1362 1872 1420 δὲ

256 1451 350 1521 τῆς
379 1440 579 1521 ῆττονῖ
1892 1467 1933 1500 15

384 1530 805 1605 ΟΔιαρρήδην
848 1532 908 1588 δε
948 1530 977 1588 6
1018 1527 1181 1597 αὐτὸς
1219 1526 1480 1604 ὁμολογεῖ
1519 1534 1579 1588 ἐκ
1616 1533 1870 1587 παλαιῶν

256 1613 316 1672 τό
347 1618 476 1689 περὶ
506 1618 605 1672 τοῦ
634 1619 776 1672 θεοῦ
807 1614 985 1688 δόγμα
1014 1617 1418 1688 μεμαθηκέναι,
1450 1616 1629 1688 λέγων
1661 1617 1721 1671 ἐν
1754 1628 1869 1680 τοῖς

148 1718 239 1759 (531)
257 1697 468 1773 Νόμοις
1535 1742 1543 1750 .

378 1780 476 1840 “‘0
506 1784 609 1856 μὲν
641 1783 708 1857 δὴ
740 1782 893 1856 θεὸς,
925 1779 998 1851 ὥς
1029 1786 1122 1840 καὶ
1151 1781 1179 1840 6
1210 1781 1442 1850 παλαιὸς
1472 1781 1658 1856 λόγος,
1691 1778 1867 1855 ἀρχὴν

257 1869 349 1924 καὶ
396 1867 660 1940 τελευτὴν
707 1870 799 1924 καὶ
846 1868 987 1941 μέσα
1026 1871 1137 1925 τῶν
1176 1865 1358 1925 ὅντων
1396 1863 1660 1924 ἁπάντων
1702 1872 1863 1939 ἔχων,
1888 1889 1931 1922 20

258 1950 454 2008 εὐθεία
485 1957 737 2025 περαίνει
767 1951 902 2009 κατὰ
934 1950 1108 2025 φύσιν
1138 1949 1652 2026 περιπορευόμενος.
1699 1973 1775 2026 τω
1809 1946 1862 2006 δ’

258 2037 367 2092 αιέὶ
407 2037 698 2103 ξυνέπεται
739 2041 894 2108 δίκη,
935 2038 1047 2093 τῶν
1087 2032 1539 2108 απολειπομένων
1573 2037 1674 2092 τοῦ
1700 2039 1865 2091 θείου

255 2118 430 2192 νόμου
459 2119 719 2193 τιμωρός
762 2120 826 2192 ῆς
856 2116 884 2177 6
915 2143 1018 2193 μεν
1049 2116 1473 2192 εὐδαιμονήσειν
1502 2121 1719 2192 μέλλων
1751 2117 1864 2191 ἐχό-

255 2226 419 2276 μενος
461 2205 754 2271 ξυνέπεται
793 2203 1077 2278 ταπεινὸς,
1119 2205 1555 2277 κεκοσμημένος,
1611 2201 1639 2259 6
1684 2203 1746 2259 δέ
1783 2225 1863 2269 τις

256 2290 507 2361 ἐξαρθεὶς
537 2283 647 2344 υπὸ
676 2294 1078 2362 μεγαλαυχίας,
1111 2284 1145 2360 ἢ
1175 2286 1451 2367 χρήμασιν
1482 2285 1861 2362 ἐπαιρόμενος,
1885 2309 1926 2341 25

254 2366 288 2441 ἢ
318 2385 529 2478 τιμαῖς,
570 2367 604 2442 ἢ
635 2373 726 2427 καὶ
758 2370 1008 2473 σωματος
1039 2370 1343 2446 εὐμορφία,
1384 2396 1496 2445 αμα
1525 2370 1740 2444 νεότητι
1771 2372 1864 2427 καὶ

255 2453 443 2529 ανοία,
476 2455 734 2526 φλέγεται
763 2455 867 2527 τὴν
896 2454 1120 2528 ψυχὴν
1113 2455 1239 2513 μεθ’
1274 2453 1518 2530 ὕβρεως,
1565 2452 1704 2512 ὥστε
1734 2451 1864 2511 οὔτε

256 2536 518 2612 ἄρχοντος
565 2536 695 2595 οὕτε
744 2539 895 2605 τινὸς
943 2538 1213 2612 ἡγεμόνος
1254 2538 1540 2612 δεόμενος,
1591 2535 1730 2595 ἄλλα
1768 2539 1861 2593 καὶ

208 2640 229 2672 b
256 2619 440 2688 ἄλλοις
501 2622 688 2689 ι”κανὸς
748 2619 827 2680 ὧν
883 2620 1172 2695 ἡγεῖσθαι,
1233 2629 1611 2680 καταλείπετει
1664 2627 1861 2696 ἔρημος

256 2709 422 2762 θεοῦ’
480 2708 875 2779 καταλειφθεὶς
927 2707 1016 2779 δὲ,
1068 2708 1160 2763 καὶ
1211 2712 1290 2763 ἔτι
1339 2704 1540 2772 ἄλλους
1579 2703 1859 2771 τοιούτους
1881 2727 1922 2761 30

398 2840 575 2894 9Περὶ
607 2839 659 2884 δὲ
692 2837 752 2896 δὴ
775 2840 850 2897 ——]
883 2844 1021 2884 Plato
1051 2844 1200 2897 Epist.
1234 2844 1300 2886 13.
1334 2857 1376 2896 p.
1409 2846 1505 2885 363.

372 2900 424 2939 18
455 2896 660 2952 Νόμοις]
693 2901 736 2939 4.
769 2913 812 2951 p.
847 2901 982 2942 716a
