2014 3146
642 136 859 178 PRAEP.
887 136 1109 179 EVANG.
1139 135 1260 179 xlv.
1290 136 1333 178 4.
1666 134 1772 187 259

298 254 386 327 Τῷ
416 274 527 320 τοι,
570 242 612 307 ὦ
642 258 771 324 φίλε
814 251 1100 327 Θεόδωρε,
1142 254 1352 325 μᾶλλον
1383 253 1648 310 σκεπτέον
1678 254 1771 309 καὶ

163 337 216 404 ἐξ
247 332 451 410 ἀρχῆς,
484 333 670 410 ὥσπερ
702 335 859 394 αὐτοὶ
888 334 1291 394 ὑποτείνονται.

288 424 336 477 4.
370 418 701 477 Παντάπασι
731 422 836 494 μὲν
873 412 992 479 οὖν.
1067 423 1160 478 καὶ
1198 419 1303 493 γὰρ
1323 465 1337 492 ,
1380 412 1422 476 ὦ
1453 418 1768 496 Σώκρατες,

160 507 288 579 περὶ
318 502 529 562 τούτων
571 509 683 563 τῶν
705 501 1158 582 Ἡρακλειτείων,
1202 502 1234 578 ἢ
1280 502 1464 579 ὥσπερ
1494 505 1564 564 σὺ
1594 507 1770 579 λέγεις

120 584 461 664 5Ὁμηρείων
504 614 563 647 τε
603 592 694 647 καὶ
738 596 816 648 ἔτι
861 592 1267 662 παλαιοτέρων,
1311 586 1497 656 αὐτοῖς
1526 591 1628 664 μὲν
1656 605 1770 658 τοῖς

159 677 286 746 περὶ
316 674 418 747 τὴν
435 671 693 747 ”Εφεσον,
725 674 844 733 ὅσοι
867 679 1302 750 προσποιοῦνται
1327 681 1575 749 ἔμπειροι
1607 675 1768 749 εἶναι,

157 755 327 816 οὐδὲν
351 763 566 860 μᾶλλον
595 757 715 816 οἶόν
753 783 814 816 τε
859 763 1222 832 διαλεχθῆναι
1252 754 1286 830 ἢ
1315 772 1429 825 τοῖς
1459 762 1767 833 οἰστρῶσιν.

157 841 398 917 ἀτεχνῶς
438 868 543 918 γαρ
583 841 718 900 κατα
758 841 824 900 τα
857 842 1254 919 συγγράμματα
1294 845 1584 918 φέρονται,
1615 868 1675 900 το
1708 845 1770 901 δε

159 931 435 1002 ἐπιμεῖναι
478 930 564 985 ἐπὶ
605 929 751 1005 λόγω
793 931 884 985 καὶ
931 927 1235 1002 ἐρωτήματι
1281 930 1372 984 καὶ
1422 924 1665 1001 ἡσυχίως
1709 932 1770 986 ἐν

94 1038 134 1070 10
156 1015 310 1087 μέρει
339 1011 759 1087 ἀποκρίνασθαί
783 1038 842 1071 τε
873 1016 963 1070 καὶ
991 1015 1245 1086 ἐρέσθαι,
1277 1003 1442 1086 ἦττον
1467 1011 1654 1079 αὐτοῖς
1687 1020 1769 1070 ε”νι

157 1095 191 1170 ἢ
230 1097 290 1155 τὸ
331 1100 530 1171 μηδέν·
585 1102 796 1171 μᾶλλον
837 1097 1274 1172 δε·ὖπερβαλλει
1322 1096 1383 1154 τὸ
1423 1094 1544 1154 ουδ’
1600 1094 1770 1155 οὐδεν

155 1181 292 1255 πρὸς
321 1181 381 1239 τὸ
412 1183 552 1256 μηδὲ
582 1182 816 1258 σμικρὸν
841 1186 1053 1241 ἐνεῖναι
1074 1198 1188 1249 τοῖς
1214 1179 1487 1255 ἀνδράσιν
1517 1180 1766 1256 ἡσυχίας.

155 1266 278 1324 ἀλλ’
315 1265 386 1324 ἅν
423 1266 548 1325 τινά
577 1292 628 1325 τι
660 1274 784 1342 ἔρῃ,
828 1267 1013 1342 ὥσπερ
1046 1271 1105 1325 ἐκ
1135 1268 1412 1342 φαρέτρας
1439 1271 1769 1342 ῥηματίσκια

156 1351 535 1426 αἰνιγματώδη
566 1351 924 1419 ἀνασπῶντες
955 1351 1380 1424 ἀποτοξεύουσι,
1414 1354 1506 1408 καὶ
1537 1347 1608 1408 ἂν
1637 1351 1768 1409 τού-

92 1460 132 1493 15
154 1461 254 1494 του
285 1441 444 1511 ζητῇς
485 1436 651 1510 λόγον
681 1443 902 1510 λαβεῖν,
942 1443 1002 1494 τί
1028 1446 1275 1511 εἴρηκεν,
1318 1438 1484 1512 ἑτέρῳ
1516 1435 1767 1510 πεπλήξῃ

155 1527 358 1588 καινῶς
388 1524 883 1599 μετωνομασμένῳ,
917 1536 1177 1596 περανεῖς
1211 1521 1271 1577 δὲ
1301 1518 1567 1578 οὐδέποτε
1597 1519 1769 1578 οὐδὲν

154 1604 290 1680 πρὸς
321 1603 528 1664 οὐδένα
558 1605 772 1679 αὐτῶν,
814 1604 955 1664 οὐδέ
978 1630 1041 1679 γε
1073 1609 1272 1663 ἐκεῖνοι
1304 1603 1460 1662 αὐτοὶ
1501 1602 1638 1679 πρὸς
1668 1602 1768 1661 ἆλ-

156 1689 386 1764 λήλους,
419 1689 542 1748 ἀλλ’
582 1684 643 1749 εὖ
675 1690 826 1749 πάνυ
857 1689 1198 1765 φυλάττουσι
1228 1689 1289 1747 τὸ
1330 1690 1506 1763 μηδὲν
1538 1692 1768 1762 βέβαιον

157 1778 253 1832 ἐᾶν
285 1776 427 1833 εἶναι
457 1773 584 1850 μήτ’
630 1780 691 1833 ἐν
722 1776 867 1854 λόγῳ
897 1773 1025 1850 μήτ’
1069 1779 1130 1834 ἐν
1167 1789 1286 1842 ταῖς
1317 1773 1504 1832 αὐτῶν
1543 1788 1766 1848 ψυχαῖς,

91 1882 134 1914 20
155 1856 473 1934 ἡγούμενοι,
508 1859 581 1927 ὡς
606 1863 723 1934 ἐμοὶ
746 1866 916 1933 δοκεῖ,
941 1857 1075 1919 αὐτὸ
1096 1859 1364 1934 στάσιμον
1386 1860 1545 1918 εἶναι.
1588 1858 1767 1936 τούτῳ

157 1946 218 2002 δὲ
250 1944 401 2002 πάνυ
440 1950 772 2019 πολεμοῦσι,
814 1948 906 2003 καὶ
936 1943 1071 2003 καθ’
1097 1942 1231 2003 ὅσον
1262 1944 1532 2002 δύνανται
1555 1966 1766 2002 παντα-

152 2028 325 2103 χόθεν
357 2029 737 2102 ἐκβάλλουσιν.

283 2118 332 2172 5.
355 2112 545 2187 Ἴσως,
589 2106 632 2171 ὦ
673 2113 957 2188 Θεόδωρε,
1006 2113 1134 2181 τούς
1173 2111 1384 2188 ἄνδρας
1423 2115 1766 2187 μαχομένους

158 2197 433 2273 ἑώρακας,
466 2198 818 2273 εἰρηνεύουσι
849 2200 910 2255 δὲ
939 2197 1007 2255 οὗ
1038 2200 1403 2270 συγγέγονας·
1445 2195 1511 2254 οὐ
1541 2195 1646 2271 γάρ
1678 2216 1766 2254 σοι

92 2303 134 2336 25
161 2286 374 2356 ἑταῖροί
401 2288 555 2340 εἰσιν.
615 2279 763 2355 ἀλλ’,
794 2282 974 2356 οἶμαι,
1005 2281 1072 2339 τὰ
1094 2285 1322 2339 τοιαῦτα
1345 2295 1458 2349 τοῖς
1488 2292 1764 2355 μαθηταῖς

157 2370 247 2424 ἐπὶ
299 2371 498 2440 σχολῆς
550 2365 883 2441 φράζουσιν,
929 2364 1026 2433 οὓς
1066 2362 1136 2423 ἂν
1180 2366 1490 2439 βούλωνται
1541 2364 1766 2439 ὁμοίους

158 2447 345 2518 αὐτοῖς
376 2455 616 2523 ποιῆσαι.

283 2542 476 2602 Ποίοις
506 2546 802 2609 μαθηταῖς,
835 2527 877 2592 ὦ
903 2533 1178 2609 δαιμόνιε,
1210 2534 1343 2593 οὐδὲ
1373 2541 1622 2608 γίγνεται
1653 2539 1770 2592 τῶν

152 2620 420 2678 τοιούτων
471 2623 653 2694 ἕτερος
706 2622 896 2694 ἑτέρου
947 2618 1228 2694 μαθητὴς,
1289 2617 1408 2676 ἀλλ’
1466 2616 1767 2693 αὐτόματοι

93 2724 134 2758 30
156 2702 533 2778 ἀναφύονται,
575 2701 788 2762 ὁπόθεν
817 2701 887 2762 ἂν
915 2703 1052 2779 τύχῃ
1085 2707 1310 2772 ἕκαστος
1342 2728 1529 2761 αυτων
1559 2707 1763 2761 ἐνθου-

158 2788 381 2863 σιασας,
413 2791 507 2846 καὶ
537 2787 634 2846 τὸν
666 2792 854 2864 ε’τερον
893 2785 922 2845 ὁ
955 2791 1136 2863 ἕτερος
1167 2786 1335 2846 οὖδεν
1375 2785 1587 2862 ηγεῖται
1619 2789 1765 2845 εἰδέ-

156 2898 264 2931 ναι.
325 2897 474 2949 παρα
513 2898 614 2948 μεν
654 2897 758 2931 ουν
796 2871 1037 2946 τούτων,
1078 2871 1214 2948 ὅπερ
1254 2865 1327 2948 ᾖα
1359 2876 1529 2948 ἐρῶν,
1561 2870 1663 2929 οὐκ
1693 2895 1763 2926 αν

1402 2966 1510 3018 17²³e

1795 1039 1818 1071 d

1793 1969 1884 2011 (724)
