2014 3146
555 109 766 150 PRAEP.
788 108 1010 150 EVANG.
1034 109 1157 150 XIV.
1189 110 1256 152 26.
1280 111 1350 152 27.
1654 107 1754 159 331

149 230 322 298 θεῶν,
353 222 526 291 οὕτως
556 223 590 298 ἡ
623 231 792 299 σοφία
821 222 1055 299 τάνδρὸς
1078 222 1186 282 ὑπὸ
1210 230 1323 282 τῶν
1346 222 1565 298 ἀτόμων
1596 245 1757 283 συνε-

149 311 412 382 τελέσθη;
459 311 549 366 καὶ
593 316 818 383 ποίησιν
858 310 919 366 δε
958 312 1170 381 πᾶσαν,
1222 311 1313 366 καὶ
1353 313 1538 367 πᾶσαν
1566 329 1757 384 μουσι-

149 394 272 467 κὴν,
304 393 675 500 ἀστρονομίαν
706 417 763 450 τε
805 396 897 451 καὶ
927 399 1295 467 γεωμετρίαν,
1338 397 1430 478 καὶ
1462 419 1557 462 τας
1587 393 1756 463 ἄλλας

150 477 478 552 ἐπιστήμας,
521 475 705 535 οὐκέτι
746 481 899 536 θεῶν
941 474 1223 551 εὑρήματα
1272 476 1364 535 καὶ
1408 477 1756 553 παιδεύματα

104 586 125 619 5
148 562 427 636 φήσουσιν
440 562 704 634 Έλληνες
737 563 907 634 εἶναι,
948 561 1110 635 μόναι
1154 563 1215 619 δὲ
1244 561 1540 635 γεγόνασιν
1573 571 1755 637 ἔμπει-

145 672 233 719 ροι
263 650 355 704 καὶ
385 649 553 720 σοφαὶ
583 645 808 704 πάντων
839 651 900 704 αἰ
925 644 1114 719 ἄτομοι
1144 649 1363 719 μοῦσαι.
1458 652 1538 704 14.
1586 645 1618 719 ἡ
1650 648 1754 721 γὰρ
1775 667 1868 709 (781)

147 735 207 789 ἐκ
250 737 362 790 τῶν
400 728 619 805 ἀτόμων
653 728 978 804 Ἐπικούρου
1018 737 1285 803 θεογονία
1329 735 1440 788 τῶν
1471 733 1572 805 μὲν
1603 730 1754 789 ἀπεί-

145 840 262 888 ρων
300 814 521 889 κόσμων
553 814 758 887 ἐξόριός
791 818 966 886 ἐστιν,
1009 821 1086 881 εἰς
1127 815 1189 871 δὲ
1227 814 1323 886 τὴν
1369 813 1598 888 ἄπειρον
1630 814 1753 874 ἀκο-

145 907 314 974 σμίαν
344 898 775 973 πεφυγάδευται.
793 895 822 916 ”

80 1007 122 1038 10
272 976 556 1045 XXV11,“
578 982 933 1058 Ἐργάζεσθαι
966 985 1031 1040 δέ
1057 1006 1120 1055 γε
1151 985 1243 1040 καὶ
1275 988 1510 1041 διοικεῖν
1541 987 1632 1041 καὶ
1665 983 1753 1041 εὐ-

144 1084 390 1143 εργετεῖν
418 1093 477 1126 τε
507 1070 599 1126 καὶ
631 1067 1014 1141 προκήδεσθαι
1045 1070 1137 1125 καὶ
1165 1066 1230 1124 τά
1261 1074 1486 1125 τοιαῦτα
1515 1083 1628 1136 τοῖς
1651 1094 1754 1142 μεν
1774 1096 1795 1128 b

141 1150 331 1227 ἀργοῖς
363 1156 454 1210 καὶ
484 1152 688 1227 ἄφροσι
719 1155 811 1210 καὶ
842 1151 1109 1210 ἀσθενέσι
1140 1154 1233 1208 καὶ
1260 1151 1587 1227 κακούργοις
1620 1162 1753 1220 ἴσως

141 1242 378 1311 ἐπαχθῆ,
410 1234 491 1304 οἷς
525 1239 872 1310 ἐγκατέλεξεν
905 1236 1104 1294 ἑαυτὸν
1128 1235 1481 1309 Ἐπίκουρος,
1526 1242 1752 1296 τοιαῦτα

137 1322 424 1396 φρονήσας
463 1325 589 1395 περὶ
628 1324 741 1379 τῶν
780 1325 957 1379 θεῶν·
1018 1335 1131 1387 τοῖς
1183 1322 1245 1378 δὲ
1284 1326 1609 1388 σπουδαίοις
1660 1325 1752 1379 καὶ

14 1449 16 1451 ,
75 1427 117 1460 15
144 1411 402 1474 δυνατοῖς
453 1409 545 1464 καὶ
592 1420 844 1472 συνετοῖς
896 1407 986 1462 καὶ
1039 1404 1351 1478 σώφροσιν,
1405 1411 1557 1472 οἵους
1610 1407 1752 1463 εἶναι

138 1491 241 1564 χρὴ
273 1491 400 1558 τοὺς
430 1490 791 1564 φιλοσόφους,
825 1488 1003 1566 (πόσῳ
1034 1515 1097 1562 γε
1127 1493 1336 1562 μᾶλλον
1366 1491 1495 1557 τοὺς
1525 1489 1749 1564 θεούς;)

137 1573 240 1648 οὐχ
279 1573 427 1642 ὅπως
466 1574 612 1648 ἀηδῆ
650 1578 822 1632 ταῦτα
870 1576 962 1631 καὶ
992 1573 1301 1647 προσάντη,
1343 1571 1482 1631 ἀλλά
1511 1577 1602 1631 καὶ
1633 1597 1750 1648 τερ-

137 1658 408 1732 πνότατα,
450 1662 543 1717 καὶ
592 1658 819 1716 πάντων
858 1662 1068 1732 μᾶλλον
1107 1655 1519 1732 ἀσπαστότατα,
1568 1657 1650 1725 οἷς
1690 1659 1750 1716 τὸ
1774 1695 1792 1717 e

135 1741 330 1818 ἀμελὲς
361 1747 454 1801 καὶ
482 1742 542 1801 τὸ
573 1746 795 1816 μέλλειν
826 1767 877 1800 τι
907 1741 1170 1816 πράττειν
1198 1746 1310 1800 τῶν
1334 1748 1587 1816 χρηστῶν
1610 1741 1750 1800 ὄνει-

71 1849 115 1882 20
141 1833 253 1901 δος,
286 1827 360 1895 ὡς
392 1832 638 1895 ἐκείνους
667 1851 726 1885 τε
757 1826 983 1900 ποιητὴς
1013 1837 1277 1885 νουθετεῖ
1304 1826 1708 1900 συμβουλεύων

277 1930 399 2000 μηδ’
425 1930 800 2001 ἀναβάλλεσθαι
827 1935 876 1996 ἔς
901 1930 946 1986 τ’
976 1931 1174 2001 αὔριον·

138 2041 230 2095 καὶ
259 2044 719 2111 προσεπαπειλῶν

279 2146 373 2196 αιέὶ
399 2140 446 2195 δ’
475 2139 795 2211 ἀμβολιεργὸς
820 2138 950 2210 ἀνὴρ
975 2139 1120 2213 ἄτῃσι
1143 2148 1353 2195 παλαίει.

135 2253 184 2306 2.
211 2247 351 2322 ἡμᾶς
383 2272 441 2305 τε
473 2246 805 2320 σεμνότερον
835 2245 1092 2303 παιδεύει
1123 2244 1428 2319 προφήτης,
1459 2251 1746 2320 θεοπρεπῆ

71 2355 115 2387 25
136 2334 238 2406 μὲν
268 2331 440 2399 ὅντως
474 2338 606 2404 ἔργα
636 2330 702 2388 τὰ
732 2329 849 2388 κατ’
886 2327 1090 2402 ἀρετὴν
1118 2326 1390 2403 ὑπάρχειν
1421 2332 1617 2403 λέγων,
1652 2329 1748 2389 τὸν

140 2418 202 2474 δὲ
259 2413 637 2489 ὀλιγωροῦντα
696 2414 906 2473 τούτων
967 2413 1248 2487 ἐξάγιστον
1307 2413 1336 2434 “
1357 2413 1748 2488 ἐπικατάρατος

137 2498 243 2575 γάρ
270 2499 492 2574 (φησὶν)
517 2498 545 2557 ὁ
572 2505 748 2556 ποιῶν
771 2497 836 2556 τά
862 2504 994 2571 ἔργα
1027 2505 1227 2571 κυρίου
1250 2496 1517 2572 ἀμελῶς.”
1562 2503 1610 2557 3.
1632 2499 1747 2557 εἶτα

138 2588 231 2642 καὶ
269 2598 382 2652 τοῖς
423 2585 525 2657 μὲν
564 2580 840 2657 ἀμαθέσιν
879 2579 1212 2656 ἡστινοσοῦν
1255 2585 1447 2656 τέχνης
1497 2586 1590 2640 καὶ
1628 2581 1747 2640 ἀτε-

141 2673 415 2740 λεστέροις
451 2666 540 2725 διὰ
569 2667 628 2725 τὸ
661 2674 755 2740 τῆς
786 2673 978 2740 πείρας
1008 2665 1183 2740 ἄηθες
1214 2669 1305 2725 καὶ
1334 2666 1394 2725 τὸ
1425 2670 1542 2724 τῶν
1569 2675 1747 2739 ἔργων
1774 2691 1794 2722 d

74 2773 118 2805 30
140 2751 358 2826 ἀτριβὲς
388 2751 625 2826 κάματος
668 2755 943 2824 ἐγγίνεται
972 2764 1090 2819 ταῖς
1125 2749 1557 2826 ἐπιχειρήσεσιν’
1602 2755 1656 2807 οἱ
1687 2751 1748 2807 δὲ

141 2836 570 2911 προκόπτοντες,
611 2838 703 2893 καὶ
743 2839 951 2909 μᾶλλον
992 2841 1069 2892 ἔτι
1107 2840 1165 2892 οἵ
1202 2837 1426 2909 τέλειοι,
1468 2839 1675 2910 ῥᾳδίως
1714 2830 1859 2900 ἂμεῆ]
