2014 3146
265 115 369 168 304
943 114 1192 156 EUSEBH

265 231 552 304 αἰσθήσεις
585 231 651 288 δέ
676 249 851 303 φησιν
879 226 1037 302 ἡμῶν
1067 227 1331 294 ἀσθενεῖς
1363 229 1535 302 εἶναι,
1576 233 1669 288 καὶ
1699 229 1875 288 πολλὰ

265 316 330 372 τὰ
371 320 581 383 ἔξωθεν
632 312 1011 388 λυμαινόμενα
1055 311 1157 386 τὴν
1207 316 1444 386 γνῶσιν,
1497 313 1872 388 ἀποστήματα,

265 402 357 456 καὶ
396 401 607 472 μεγέθη
647 400 741 456 καὶ
781 397 1051 470 κινήσεις·
1101 403 1179 455 ἔτι
1222 399 1281 455 δὲ
1325 396 1385 454 τὸ
1416 395 1490 470 μὴ
1519 394 1720 471 ὁμοίως
1752 405 1875 456 δια-

264 494 486 542 κεῖσθαι
516 486 678 550 νέους
708 485 801 540 καὶ
824 484 1253 557 πρεσβυτέρους,
1280 484 1371 539 καὶ
1397 481 1757 557 ἐγρηγορότας
1782 486 1871 541 καὶ

264 570 659 642 κοιμωμένους,
691 569 782 625 καὶ
811 564 1168 640 ὑγιαίνοντας
1197 568 1289 624 καὶ
1319 570 1622 634 νοσοῦντας
1641 583 1651 593 ’
1711 564 1876 626 οὖδε-
1919 591 1938 623 5

265 651 359 719 νός
391 676 450 710 τε
480 651 620 726 ἡμᾶς
651 648 833 710 ἁπλοῦ
861 654 954 709 καὶ
982 650 1324 725 ἀκραιφνοῦς
1347 649 1873 725 ἀντιλαμβάνεσθαι.

269 741 349 794 12.
397 759 576 795 παντα
607 737 711 810 γὰρ
745 738 887 795 εἶναι
918 739 1301 814 συγκεχυμένα
1341 738 1433 793 καὶ
1470 734 1606 810 πρός
1635 760 1686 793 τι
1717 735 1878 808 λεγό-

222 842 244 873 d
265 846 419 924 με’να.
467 826 640 879 ταῦτα
674 822 754 894 δε,
785 823 946 895 φημὶ,
973 823 1064 878 καὶ
1086 845 1152 878 τα
1175 824 1404 878 τοιαῦτα
1427 825 1878 893 κομψολογοῦντα

154 918 242 960 [444]
269 903 440 964 αυτὸν
480 905 657 978 ἡδέως
697 931 769 964 αν
806 931 886 973 τις
926 903 1119 979 ἤρετο,
1161 903 1396 979 πότερον
1436 907 1498 963 εὐ
1538 904 1698 971 εἰδώς
1729 907 1877 978 λέγοι

269 990 408 1048 διότι
437 990 504 1047 τὰ
533 1013 825 1066 πραγματα
854 994 1054 1048 τοῦτον
1084 997 1194 1091 ἔχει
1217 989 1313 1048 τὸν
1335 988 1541 1064 τρόπον
1571 985 1604 1062 ἢ
1636 986 1873 1063 αγνοῶν
1900 1010 1942 1043 10

268 1075 448 1148 εἰμεν
477 1100 582 1148 γαρ
613 1073 716 1133 οὐκ
755 1074 908 1149 ᾔδει,
948 1079 1065 1141 πῶς
1104 1070 1175 1132 ἂν
1213 1072 1369 1148 ἡμεῖς
1408 1071 1557 1151 αὐτῷ
1599 1072 1879 1132 πιστεύοι-

265 1184 393 1232 μεν;
444 1166 495 1216 εἰ
524 1158 573 1216 δ’
615 1162 909 1232 ἐγίνωσκε,
942 1162 1144 1234 κομιδῇ
1171 1182 1252 1226 τις
1283 1160 1354 1232 ἠν
1384 1155 1603 1231 ἠλίθιος
1634 1156 1746 1232 α’μα
1776 1183 1878 1232 μεν

265 1242 444 1316 αδηλα
474 1266 654 1302 παντα
683 1241 1156 1318 αποφαινόμενος,
1195 1268 1306 1317 αμα
1340 1243 1402 1300 δε
1431 1247 1669 1301 τοσαῦτα
1700 1246 1879 1316 λέγων

267 1330 491 1386 εἰδέναι.
583 1334 664 1386 13.
712 1331 804 1386 καὶ
844 1327 955 1402 μὴν
993 1327 1157 1386 ὁπότε
1207 1353 1270 1401 γε
1319 1332 1546 1386 τοιαῦτα
1601 1331 1875 1401 διεξίοιεν,

265 1411 434 1470 οὐδὲν
486 1410 609 1470 ἀλλ’
663 1410 697 1486 ἢ
750 1411 1044 1486 ἐπαγωγήν
1083 1437 1208 1470 τινα
1253 1414 1503 1486 λέγουσι,
1561 1411 1877 1479 δεικνύντες
1902 1431 1958 1474 15x

264 1493 410 1555 ὁποῖ’
447 1496 582 1555 ἅττα
614 1507 698 1570 εἴη
728 1497 795 1555 τὰ
825 1497 1136 1571 φαινόμενα
1166 1498 1259 1554 καὶ
1288 1496 1355 1554 τὰ
1385 1495 1516 1555 καθ’
1554 1500 1779 1555 ἕκαστα·
1818 1495 1877 1554 τὸ

267 1583 328 1638 δὲ
357 1586 572 1640 τοιοῦτο
613 1584 706 1639 καὶ
747 1589 860 1640 ἔστι
899 1584 991 1640 καὶ
1032 1584 1246 1654 λέγεται
1292 1587 1489 1648 πίστις.
1568 1587 1619 1638 εί
1645 1582 1747 1655 μὲν
1777 1573 1879 1640 οὖν

266 1664 409 1740 αὐτῇ
438 1672 966 1739 συγκατατίθενται,
1009 1670 1182 1739 δῆλον
1220 1663 1304 1723 ὅτι
1347 1665 1691 1735 δοξάζουσιν·
1739 1671 1791 1723 εἰ
1820 1663 1872 1722 δ’

265 1748 332 1806 οὐ
364 1749 745 1824 πιστεύουσιν,
778 1748 901 1808 οὐδ’
937 1746 1008 1807 ἂν
1040 1749 1198 1824 ἡμεῖς
1222 1753 1514 1823 προσέχειν
1538 1748 1723 1816 αὐτοῖς
1748 1755 1877 1821 βου·

265 1840 587 1908 ληθείημεν.
654 1839 734 1893 14.
782 1833 813 1891 ὅ
842 1859 905 1907 γε
934 1832 1046 1908 μὴν
1085 1840 1271 1908 Τίμων
1296 1837 1356 1891 ἐν
1386 1838 1460 1910 τῷ
1493 1833 1735 1892 Πύθωνι
1762 1838 1876 1907 διη-
1901 1853 1941 1886 20

154 1942 239 1984 (761)
264 1931 461 1991 γεῖται,
494 1917 709 1993 μακρόν
737 1944 861 1976 τινα
891 1925 1214 1985 κατατείνας
1245 1916 1429 1990 λόγον,
1464 1942 1536 1983 ως
1562 1916 1778 1992 ἐντύχοι
1801 1922 1876 1995 τῷ

265 2001 534 2076 Πύρρωνι
577 2009 858 2076 βαδίζοντι
898 2009 1158 2061 Πυθοῖδε
1198 2002 1346 2076 παρὰ
1387 2001 1446 2059 τὸ
1490 2000 1641 2076 ιερὸν
1679 2000 1739 2059 τὸ
1778 2006 1876 2059 τοῦ

261 2083 642 2162 Ἀμφιαραου,
654 2090 746 2145 καὶ
775 2095 901 2145 τίνα
933 2093 1284 2161 διαλεχθεῖεν
1308 2084 1577 2159 αλλήλοις.
1649 2079 1736 2160 ἆρ’
1773 2079 1876 2144 οὖν

265 2170 368 2228 οὐκ
400 2170 640 2244 εὐλόγως
671 2170 741 2230 ἄν
770 2197 851 2240 τις
891 2170 1041 2229 αὐτω
1080 2175 1251 2229 ταῦτα
1290 2190 1668 2246 συγγραφοντι
1698 2193 1877 2245 παρα-

265 2255 394 2322 στὰς
426 2266 587 2329 εἴποι,
613 2263 685 2328 τί,
710 2282 752 2313 ω
777 2258 1003 2331 πονηρε,
1029 2260 1270 2330 ἐνοχλεῖς
1295 2260 1509 2331 σεαυτῷ
1539 2258 1709 2313 ταῦτα
1739 2274 1878 2328 συγ-
1899 2271 1940 2303 25

265 2363 500 2413 γραφων
531 2343 622 2398 καὶ
664 2366 698 2398 α
732 2341 829 2444 Ημὴ
851 2342 1020 2399 οἶσθα
1064 2339 1451 2448 διηγούμενος;
1497 2346 1558 2397 τί
1593 2364 1697 2413 γαρ
1738 2343 1875 2412 μᾶλ-

267 2430 366 2480 λον
399 2426 647 2498 ἐνέτυχες
679 2425 829 2501 αὐτῷ
869 2423 902 2498 ἢ
942 2423 1045 2483 οὐκ
1087 2427 1366 2499 ἐνέτυχες,
1398 2426 1490 2481 καὶ
1523 2425 1812 2497 διελέχθης
1842 2420 1876 2496 ἢ

268 2504 334 2564 οὐ
386 2510 702 2582 διελέχθης;
795 2514 874 2567 15.
938 2507 1100 2577 αὐτός
1151 2533 1210 2566 τε
1263 2512 1469 2575 ἐκεῖνος
1520 2507 1549 2564 6
1593 2505 1874 2582 θαμαστός

267 2589 515 2665 Πύρρων
544 2617 651 2667 αρα
680 2616 745 2665 γε
775 2591 899 2667 ῄδει
930 2592 990 2651 τό
1024 2592 1113 2651 δια
1137 2600 1196 2651 τί
1213 2599 1427 2667 βαδίζοι
1449 2591 1646 2650 Πύθια
1675 2589 1874 2649 θεασό-

267 2698 458 2748 μενος;
533 2672 567 2749 ἦ
598 2676 851 2752 καθαπερ
883 2683 939 2735 oc
977 2677 1275 2752 μεμηνότες
1307 2681 1576 2735 ἐπλανᾶτο
1606 2700 1742 2733 κατα
1771 2675 1874 2747 τὴν
1896 2691 1936 2723 30

224 2784 242 2813 ι)
265 2755 428 2830 ὁδόν;
483 2761 648 2833 ἡνίκα
688 2762 748 2818 δε
788 2761 987 2837 ἤρξατο
1029 2776 1358 2837 κατηγορεῖν
1395 2786 1509 2819 των
1552 2758 1874 2835 ἀνθρώπων

265 2846 355 2901 καὶ
385 2848 479 2918 τῆς
510 2842 737 2918 αγνοίας
769 2843 980 2919 αὐτων,
1023 2845 1129 2929 αροὲ
1169 2870 1233 2919 γε
1263 2870 1457 2920 φωμεν
1487 2842 1659 2903 αὐτὸν
1688 2843 1874 2917 ἀληθῆ
