2014 3146
594 138 807 189 PRAEP.
838 138 1060 179 EVANG.
1092 139 1197 179 XII.
1232 139 1353 181 7—-9.
1690 137 1754 188 91.

149 251 476 356 φρονήσεως
506 255 598 310 καὶ
627 251 688 310 τὸ
719 252 1080 327 σμικρότατον
1106 253 1276 324 εἷδος;
1301 251 1405 310 οὐκ
1436 259 1599 311 ἔστιν.
1643 251 1758 311 ἀλλ’

149 337 183 410 ἡ
216 343 478 409 καλλίστη
509 339 601 394 και
626 345 862 439 μεγίστη
902 344 1015 395 τῶν
1047 341 1384 411 ξυμφωνιῶν
1411 344 1643 440 μεγίστη
1676 344 1759 395 δι-

149 420 408 480 καιότατα
438 418 638 494 λέγοιτ’
672 417 743 478 ἄν
773 428 943 495 σοφία
961 467 974 493 ,
1015 413 1080 494 ἧς
1109 418 1138 479 ὁ
1162 423 1265 494 μὲν
1295 421 1431 478 κατὰ
1459 421 1625 495 λόγον
1656 427 1762 492 ζῶν

148 509 403 579 μέτοχος,
446 504 474 562 ὁ
520 507 582 563 δὲ
622 503 1055 579 ἀπολειπόμενος
1104 506 1439 580 οἰκοφθόρος
1489 509 1581 563 καὶ
1630 510 1760 581 περὶ

106 609 126 641 5
151 588 314 647 πόλιν
343 588 567 663 οὐδαμῆ
597 589 806 664 σωτὴρ,
849 588 987 647 ἀλλά
1018 594 1130 647 πᾶν
1159 589 1489 648 τούναντίον
1519 589 1761 664 ἀμαθαί-

147 699 264 731 νων
296 680 374 741 εἰς
405 677 576 732 ταῦτα
608 673 864 731 ἑκάστοτε
893 671 1206 745 φανεῖται.”

274 762 322 816 4.
365 761 551 816 Ταῦτα
580 761 682 831 μέν
712 782 803 831 μοι
833 756 940 815 ἀπὸ
970 762 1084 815 τῶν
1115 757 1325 830 Νόμων
1355 765 1580 817 κείσθω.
1641 758 1670 816 ὁ
1703 757 1758 816 δ’

147 840 311 908 αὐτὸς
341 845 434 898 καὶ
465 846 526 899 ἐν
555 845 837 918 Πολιτικῷ
866 845 993 915 περὶ
1031 848 1128 899 τοῦ
1172 840 1245 915 μὴ
1276 841 1426 899 πάνυ
1455 868 1507 899 τι
1537 845 1664 917 περὶ
1694 844 1759 900 τὰ
1788 863 1810 895 b

145 923 388 999 ὀνόματα
418 929 510 983 καὶ
540 926 636 992 τὰς
667 929 838 994 λέξεις
869 925 1203 995 σπουδάζειν
1234 925 1367 983 τάδε
1397 933 1536 999 φησί
1764 942 1873 988 [342]

83 1031 123 1062 10
266 1007 530 1084 “Καλῶς,
578 1011 620 1067 ὠ
661 1009 983 1085 Σώκρατες·
1048 1007 1155 1068 κᾶν
1196 1009 1538 1084 διαφυλάξῃς
1587 1010 1647 1068 τὸ
1688 1011 1762 1085 μὴ

144 1094 477 1164 σπουδάζειν
523 1098 613 1152 ἐπὶ
656 1108 771 1161 τοῖς
821 1093 1082 1168 ὀνόμασι,
1135 1094 1539 1167 πλουσιωτερος
1583 1102 1661 1163 εἰς
1702 1094 1761 1152 τὸ

143 1182 317 1254 γῆρας
349 1177 686 1252 ἀναφανήσῃ
718 1178 1057 1253 φρονήσεως.

272 1274 350 1323 ΙΧ.
403 1267 512 1336 Τῆς
542 1262 674 1338 παρ’
703 1262 977 1333 Εβραίοις
1007 1267 1224 1336 γραφῆς
1255 1268 1477 1336 πρῶτον
1509 1263 1809 1336 εἰσαγού-(ε

145 1366 242 1420 σης
275 1350 488 1405 Μωσέα
518 1346 962 1421 παραιτούμενον
990 1345 1093 1421 τὴν
1121 1351 1219 1404 τοῦ
1249 1353 1386 1404 λαοῦ
1417 1355 1762 1420 προστασίαν

82 1450 122 1483 15
153 1430 223 1488 δι’
262 1423 341 1488 ὧν
371 1429 508 1504 πρὸς
536 1431 635 1488 τὸν
664 1439 1060 1506 χρηματίζοντα
1093 1438 1266 1504 ἔφησε
1288 1427 1550 1504 “δέομαι,
1583 1431 1759 1505 κύριε,

142 1521 486 1618 προχείρισαι
524 1514 694 1573 άλλον
742 1515 840 1572 τὸν
882 1514 1224 1588 δυνάμενον,
1275 1513 1341 1572 ὃν
1380 1513 1756 1587 ἀποστελεῖς,”

143 1598 373 1656 κάπειτα
410 1599 507 1657 τὸν
539 1599 730 1657 Σαοὺλ
770 1598 1218 1674 κρυπταζόμενον
1259 1599 1395 1674 πρὸς
1425 1599 1484 1656 τὸ
1518 1599 1591 1672 μὴ
1623 1599 1762 1657 ἀνα-

145 1686 412 1752 δέξασθαι
441 1683 543 1756 τὴν
575 1690 892 1756 βασιλείαν,
925 1686 1017 1741 καὶ
1047 1682 1144 1741 τὸν
1175 1683 1467 1758 προφήτην
1492 1680 1762 1756 Ιερεμίαν

142 1765 729 1842 υποπαραιτούμενον,
776 1767 1088 1826 ἐπάκουσον
1126 1765 1276 1836 ὅπως
1316 1770 1409 1825 καὶ
1450 1792 1479 1824 ο
1520 1766 1761 1826 Πλάτων

81 1874 123 1906 20
144 1852 204 1910 τὸ
237 1849 468 1925 εὔλογον
496 1859 592 1925 τῆς
623 1851 1004 1926 παραιτήσεως
1028 1859 1352 1926 συνίστησι,
1385 1855 1563 1924 λέγων
1586 1850 1761 1920 οὕτως

272 1945 318 1993 2.
357 1935 654 2008 ((Οὐκοῦν,
698 1929 743 1994 οἷ
786 1936 1147 2010 Θρασύμαχε,
1199 1941 1360 1994 τοῦτο
1412 1935 1520 2009 ἤδη
1569 1941 1758 2009 δῆλον,
1790 1956 1809 1987 d

143 2019 226 2079 ὅτι
265 2018 499 2094 οὐδεμία
539 2023 701 2094 τέχνη
742 2019 875 2078 οὐδὲ
916 2019 1055 2094 ἀρχὴ
1084 2021 1150 2078 τὸ
1177 2017 1316 2094 αὐτῇ
1349 2019 1630 2094 ὠφέλιμον
1654 2045 1762 2078 πα-

147 2104 496 2179 ρασκευάζει,
528 2104 674 2178 ἀλλ’,
706 2102 844 2177 ὅπερ
876 2104 1046 2162 πάλαι
1078 2107 1366 2177 ἐλέγομεν,
1398 2105 1458 2161 τὸ
1489 2109 1563 2180 τῷ
1594 2103 1762 2210 ἀρχο-

146 2191 295 2266 μένῳ
351 2192 442 2246 καὶ
495 2188 898 2263 παρασκευάζει
937 2192 1030 2245 καὶ
1077 2187 1374 2258 ἐπιτάττει,
1427 2185 1487 2244 τὸ
1542 2191 1760 2245 ἐκείνου

1 2318 5 2323 -
84 2292 126 2324 25
149 2277 436 2347 συμφέρον
468 2273 752 2339 ἐλαττονος
782 2271 939 2338 ὄντος
971 2276 1283 2344 σκοποῦσα,
1314 2267 1438 2328 ἀλλ’
1473 2268 1540 2329 οὐ
1571 2269 1630 2329 τὸ
1663 2276 1761 2328 τοῦ

148 2363 473 2430 κρείττονος.
575 2356 712 2412 ,διὰ
746 2354 814 2427 δὴ
845 2359 1016 2412 ταῦτα
1047 2363 1250 2427 ε’γωγε,
1291 2380 1334 2412 ω
1374 2362 1503 2428 φίλε
1536 2354 1762 2456 Θρασύ-

148 2465 315 2513 μαχε,
349 2437 494 2496 καὶ’
473 2438 594 2514 άρτι
627 2446 818 2512 ἔλεγον
848 2443 1060 2512 μηδένα
1093 2441 1311 2498 ἐθέλειν
1340 2438 1538 2497 ἑκόντα
1568 2438 1761 2513 άρχειν

115 2583 124 2591 ,
148 2527 239 2581 καὶ
270 2524 336 2581 τὰ
367 2522 626 2598 ἀλλότρια
656 2522 796 2580 κακοὶ
819 2530 1291 2597 μεταχειρίζεσθαι
1317 2527 1759 2597 ἐπανορθοῦντα,

147 2607 287 2666 ἄλλα
325 2607 533 2681 μισθὸν
575 2614 781 2678 αἰτεῖν,
822 2605 904 2664 ὅτι
942 2607 971 2664 ὁ
1012 2611 1230 2681 μέλλων
1269 2611 1448 2673 καλῶς
1488 2614 1554 2682 τῇ
1595 2611 1758 2681 τέχνῃ

88 2709 129 2742 30
153 2691 380 2767 πράξειν
420 2689 688 2749 οὐδέποθ’
738 2694 916 2768 ἑαυτῷ
955 2690 1014 2749 τὸ
1059 2694 1346 2764 βέλτιστον
1376 2690 1601 2764 πράττει
1632 2688 1756 2748 οὐδ’

266 2831 318 2870 10
350 2828 514 2876 Καλῶς
535 2826 608 2882 ——]
643 2829 779 2868 Plato
801 2829 939 2871 Polit.
961 2843 1004 2880 p.
1027 2830 1106 2869 261
1127 2842 1165 2869 e.

264 2886 317 2925 21
352 2877 542 2926 Οὐκοῦν
562 2883 632 2937 ·-—]
658 2885 792 2925 Plato
814 2885 926 2938 Rep.
951 2887 971 2924 1
996 2899 1039 2937 p.
1063 2886 1158 2926 346.
