2014 3146
269 99 371 152 198
948 100 1195 142 EUSEBII

261 218 509 290 γέγονεν,
542 212 634 272 ἀπ’
685 213 854 289 ἀρχῆς
884 239 1032 282 τινος
1061 212 1392 290 ἄρξάμενος;
1435 214 1628 293 ὁρατός
1675 244 1734 278 τε
1763 218 1871 295 γὰρ

212 338 231 360 0
265 298 431 367 ἁπτός
462 323 520 357 τε
551 301 643 356 καὶ
675 305 831 373 σῶμα
864 298 1030 373 ἔχει.”

381 377 605 451 “Αὗθίς
626 409 685 442 τε
706 382 914 442 ὁπόταν
947 394 1074 459 εἴπῃ
1100 380 1218 442 “τὸν
1247 386 1350 458 μὲν
1374 378 1483 445 οὖν
1513 386 1746 461 ποιητὴν
1777 391 1869 446 καὶ

257 470 470 543 πατέρα
499 473 663 526 τοῦδε
692 473 791 526 τοῦ
821 467 1024 535 παντὸς
1051 464 1237 543 εὑρεῖν
1267 494 1326 527 τε
1360 470 1561 545 ἕργον,’
1599 469 1665 529 οὐ
1698 471 1871 546 μόνον

260 553 530 627 γεννητὸν
561 557 734 622 ἔδειξε
756 554 852 611 τὸν
876 552 1102 627 κόσμον,
1135 552 1274 611 ἄλλα
1304 557 1398 612 καὶ
1430 558 1482 623 ἐξ
1515 552 1687 614 αὐτοῦ
1715 580 1913 630 γεγο-5

259 639 418 696 νέναι
458 644 741 711 σημαίνει,
788 637 860 705 ὡς
901 663 972 697 αν
1014 642 1074 696 ἐκ
1111 637 1286 711 μόνου
1333 643 1638 713 γενομένου
1678 643 1770 698 καὶ
1812 644 1872 699 ἐκ

259 721 334 795 μὴ
366 721 524 790 ὄντος
553 719 910 789 υποστάντος.
974 728 1020 780 8.
1055 722 1288 796 γενητὸν
1320 725 1382 781 δε
1412 727 1503 782 καὶ
1546 750 1598 783 οι
1630 727 1872 783 Στωϊκοὶ

259 813 509 865 τίθενται
539 805 635 864 τὸν
666 807 887 882 κόσμον.
962 806 1058 865 τόν
1087 831 1146 865 τε
1177 804 1287 866 ὑπὸ
1318 813 1413 882 τῆς
1456 808 1746 884 βαρβάρου
1776 835 1873 884 φι-

259 898 524 965 λοσοφίας
554 891 945 966 θρυλούμενον
977 891 1271 966 διάβολον,
1315 893 1412 952 τὸν
1441 898 1554 952 τῶν
1588 895 1871 968 δαιμόνων

259 973 526 1050 ἄρχοντα,
569 975 873 1052 κακοεργὸν
916 977 1060 1035 εἶναι
1091 976 1276 1051 ψυχὴν
1309 982 1368 1036 έν
1406 982 1481 1054 τῷ
1515 977 1726 1056 δεκάτῳ
1757 982 1870 1037 τῶν
1895 1002 1935 1034 ιο

261 1059 473 1135 Νόμων
502 1058 531 1118 ὁ
564 1061 804 1120 Πλάτων
835 1065 981 1134 λέγει
1010 1068 1204 1120 ταῖσδε
1234 1076 1353 1129 ταῖς
1385 1066 1562 1131 λέξεσι

204 1171 236 1203 -d
381 1142 410 1165 “
428 1144 626 1220 Ψυχὴν
659 1150 981 1205 διοικοῦσαν
1013 1148 1104 1204 καὶ
1156 1149 1485 1205 ἐνοικοῦσαν
1525 1161 1639 1215 τοῖς
1692 1146 1873 1221 πάντη

259 1232 605 1304 κινουμένοις
647 1236 768 1305 μῶν
808 1228 875 1290 οὐ
915 1233 1008 1290 καὶ
1049 1231 1145 1290 τὸν
1194 1231 1439 1305 οὐρανὸν
1479 1229 1694 1305 ἀνάγκη
1738 1237 1872 1290 διοι-

219 1386 224 1390 ⁴
255 1329 381 1374 κεῖν
410 1314 611 1389 φάναι;

395 1408 464 1459 Τί
489 1399 626 1474 μήν;
1687 1452 1689 1454 .
1897 1423 1936 1457 ι5

387 1491 576 1558 Μίαν,
608 1483 642 1558 ἢ
674 1492 923 1556 πλείους;
956 1492 1217 1558 Πλείους,
1252 1484 1357 1557 ε’γώ
1381 1481 1522 1559 ὑπὲρ
1547 1491 1708 1559 σφῶν
1739 1483 1872 1543 ἄπο-

256 1573 565 1644 κρινοῦμαι.
630 1576 792 1629 δυοῖν
830 1573 934 1645 μέν
973 1593 1082 1628 που
1125 1576 1351 1628 ἔλαττον
1391 1570 1566 1644 μηδὲν
1605 1574 1871 1644 τιθῶμεν,

258 1658 353 1729 τῆς
384 1678 443 1713 τε
476 1652 818 1728 εὐεργέτιδος
849 1657 1060 1728 καὶτῆς
1084 1651 1351 1712 τάναντία
1388 1657 1702 1728 δυναμένης
1728 1658 1885 1727 έξερ-’

260 1736 579 1813 γάζεσθαι.”

389 1829 435 1880 9.
461 1823 689 1896 Ὁμοίως
721 1825 782 1880 δὲ
813 1821 918 1880 κάν
947 1826 1026 1899 τῷ
1042 1829 1287 1899 ’Φαίδρῳ
1318 1821 1450 1880 τάδε
1481 1821 1683 1895 γράφει
1893 1845 1936 1878 20

383 1903 567 1965 “”Εστι
605 1908 709 1981 μὲν
752 1907 820 1980 δὴ
862 1909 952 1964 καὶ
992 1905 1132 1964 ἄλλα
1163 1905 1332 1979 κακοὶ,
1375 1905 1514 1964 ἀλλά
1544 1931 1623 1973 τις
1657 1912 1872 1980 δαίμων

259 1996 410 2066 ἔμιξε
440 2006 553 2058 τοῖς
584 1999 860 2058 πλείστοις
892 1995 953 2049 ἐν
982 1998 1057 2068 τῷ
1091 1997 1405 2066 παραυτίκα
1435 1987 1699 2064 ἡδονήν.”

381 2075 546 2134 Ἀλλά
585 2074 690 2134 κάν
731 2080 807 2153 τῷ
858 2074 1069 2152 δεκάτῳ
1109 2080 1221 2133 τῶν
1264 2074 1472 2149 Νόμων
1513 2073 1774 2149 ἄντικρυς
1813 2072 1874 2132 τὸ

258 2159 626 2219 ἆποστολικόν
659 2166 947 2219 δείκνυσιν
981 2163 1160 2219 ἐκεῖνο
1179 2157 1301 2218 ὀὐκ
1326 2167 1475 2218 ἔστιν
1498 2155 1632 2233 ἡμῖν
1661 2158 1695 2232 ἡ
1727 2157 1872 2231 πάλη

262 2243 399 2320 πρὸς
430 2243 562 2320 αἷμα
594 2248 685 2303 καὶ
718 2244 923 2319 σάρκα,
958 2243 1096 2302 ἀλλὰ
1127 2243 1262 2318 πρὸς
1292 2244 1357 2302 τὰ
1388 2241 1730 2317 πνευματικά
1760 2249 1871 2300 τῶν
1897 2265 1939 2298 25

259 2335 325 2386 Δεὐ
355 2327 639 2404 οὐρανοῖς’
678 2322 793 2387 ωδέ
822 2353 937 2397 πως
968 2328 1202 2404 γράφων

148 2441 244 2483 (671)
395 2419 473 2471 10.
508 2411 771 2487 “Ἐπειδὴ
822 2439 926 2489 γαρ
979 2412 1448 2487 συνεχωρήσαμεν
1500 2409 1634 2486 ημῖν
1685 2409 1872 2478 αὐτοῖς

266 2497 410 2573 εἶναι
439 2523 540 2569 μεν
569 2498 664 2556 τὸν
687 2497 929 2571 οὐρανὸν
959 2502 1180 2556 πολλῶν
1211 2495 1413 2571 μεστὸν
1442 2493 1695 2569 άγαθων,
1731 2494 1874 2552 εἶναι

267 2582 330 2639 δὲ
370 2584 461 2639 καὶ
501 2586 611 2639 τῶν
653 2586 949 2655 ἐναντίων,
991 2580 1269 2640 πλειόνων
1311 2582 1373 2638 δὲ
1407 2578 1661 2654 τῶνμή·
1706 2577 1871 2653 μάχη,

383 2750 434 2787 12
454 2741 642 2811 Ψυχὴν
667 2744 739 2801 —]
773 2746 907 2787 Plato
929 2747 1043 2799 Leg.
1069 2748 1134 2788 10.
1167 2760 1210 2799 p.
1235 2747 1331 2788 896.

380 2807 432 2844 21
454 2795 584 2844 Ἔστι
606 2801 676 2867 ——]
712 2803 845 2843 Plato
877 2803 1074 2845 Phaedr
1109 2817 1151 2855 p
1176 2803 1271 2846 240.

371 2862 435 2901 27
463 2852 659 2913 Ἐπειδὴ
682 2857 752 2912 -]
781 2859 901 2900 Plat.
924 2859 1040 2911 Leg.
1065 2861 1130 2900 10.
1162 2873 1206 2914 p.
1229 2860 1327 2904 906.
