2014 3146
581 143 796 188 PRAEP.
819 145 1043 187 EVANG.
1067 145 1256 186 x111.2.
1281 148 1320 187 3.
1652 143 1751 194 165

141 258 273 318 οὐδε
315 257 442 325 τούς
481 266 697 332 μείζους
739 264 891 325 τίνας
936 261 1125 331 λέγεις.
1215 256 1327 324 Οὓς
1368 257 1619 325 ΜΗσιοδός
1672 283 1749 332 τε,

144 344 328 417 εἶπον,
361 346 453 401 καὶ
469 342 705 417 Όμηρος
736 339 869 417 ἡμῖν
901 347 1153 416 ἐλεγέτην
1195 346 1285 400 καὶ
1316 348 1373 400 οἱ
1406 341 1562 400 ἄλλοι
1592 366 1752 417 ποιη-
1781 369 1800 400 b
1823 400 1833 405 ,

141 435 245 487 ταί.
308 420 458 486 οὗτοι
488 427 592 502 γάρ
625 451 733 485 που
763 427 981 501 μύθους
1010 434 1237 498 ψευδεῖς
1276 442 1389 495 τοῖς
1432 425 1752 503 ἀνθρώποις

141 515 496 579 συντιθέντες
537 511 728 585 ἔλεγόν
767 538 824 570 τε
878 516 970 570 καὶ
1012 515 1248 585 λέγουσι.
1322 521 1368 569 2.
1413 519 1621 580 Ποίους
1662 512 1751 598 δῂ,

99 620 119 650 5
141 600 176 670 ἠ
201 595 254 655 δ’
289 594 376 668 ὃς,
409 599 499 654 καὶ
532 604 589 654 τί
618 594 800 654 αὐτῶν
829 596 1180 671 μεμφόμενος
1213 600 1417 668 λέγεις;
1443 596 1643 698 Όπερ,
1680 599 1752 670 ἡν

142 681 192 739 δ’
231 680 356 754 ε’γιό,
389 681 491 755 χρὴ
517 680 736 757 πρῶτόν
760 707 818 739 τε
842 685 933 739 καὶ
950 680 1184 755 μάλιστα
1201 684 1540 755 μέμφεσθαι,
1573 680 1753 748 ἄλλως

138 790 197 824 τε
221 768 312 824 καὶ
346 766 441 823 ἐάν
470 790 550 832 τις
579 765 654 839 μὴ
695 770 874 833 καλῶς
914 779 1020 834 ψει·
1011 764 1200 838 ’δηταί
1284 774 1350 823 Τί
1379 769 1566 836 τοῦτο;
1585 764 1753 823 Ὀταν

142 851 325 925 εἰκάζῃ
365 875 445 917 τις
486 853 664 916 κακῶς
709 849 910 908 οὐσίαν
939 854 1014 927 τῷ
1045 849 1191 927 λόγῳ
1223 853 1348 923 περὶ
1379 855 1533 908 θεῶν
1564 875 1622 907 τε
1662 853 1754 907 καὶ

138 931 368 1037 ἥρω’ων,
416 931 530 992 οἷοί
570 941 742 1007 εἰσιν,
791 933 976 1009 ὥσπερ
1023 933 1269 1009 γραφεὺς
1316 936 1492 1009 μηδεν
1541 933 1754 992 ἐοικότα

75 1043 115 1075 10
138 1019 372 1094 γράφων
403 1016 484 1087 οἷς
516 1017 586 1077 ἂν
617 1017 776 1093 όμοια
794 1023 1052 1094 βουληθῇ
1066 1018 1290 1094 γράψαι.
1333 1022 1444 1078 Καὶ
1469 1018 1592 1093 γάρ,
1626 1025 1751 1092 ἔφη,

137 1103 324 1180 ὀρθῶς
370 1110 480 1178 ε”χει
525 1129 590 1161 τα
635 1110 862 1162 τοιαῦτα
917 1107 1252 1178 μέμφεσθαι.
1337 1102 1476 1161 ἀλλὰ
1521 1127 1634 1207 πως
1684 1103 1752 1176 δὴ

138 1195 369 1262 λέγομεν
409 1191 500 1246 καὶ
533 1203 694 1259 ποῖα;
735 1193 782 1245 3.
816 1193 1052 1262 Πρωτον
1082 1213 1185 1277 μεν
1218 1187 1304 1261 δὴ,
1338 1182 1409 1260 ἦν
1442 1189 1493 1246 δ’
1533 1189 1659 1261 ἐγὼ,
1691 1188 1751 1246 τὸ
1776 1211 1793 1233 0

137 1276 394 1347 μέγιστον
425 1276 515 1330 καὶ
548 1277 675 1347 περὶ
705 1276 817 1331 τῶν
846 1280 1122 1347 μεγίστων
1152 1279 1357 1341 ψεῦδος
1386 1270 1452 1347 [ὁ]
1484 1272 1657 1331 εἰπών
1687 1270 1753 1331 οὐ

138 1362 316 1425 καλῶς
361 1357 659 1431 ἐψεύσατο,
706 1357 777 1425 ὡς
813 1357 1101 1458 Οὖμρανός
1112 1382 1170 1415 τε
1213 1356 1505 1431 εἰργάσατο
1551 1357 1584 1413 ά
1617 1377 1754 1430 φησι

74 1464 114 1497 15
141 1447 341 1516 δρᾶσαι
372 1440 541 1500 αὐτὸν
566 1439 896 1546 Ησίοδος,
876 1442 905 1499 6
936 1466 996 1499 τε
1029 1434 1101 1499 αὖ
1138 1441 1348 1516 Κρόνος
1381 1467 1452 1508 ως
1487 1442 1756 1546 ἐτιμωρή-

138 1546 270 1585 σατο
302 1524 485 1585 αὐτόν.
558 1527 623 1584 τὰ
669 1528 729 1584 δε
773 1525 842 1599 δὴ
874 1526 1097 1600 Κρόνου
1140 1533 1272 1600 ε’ργα
1315 1530 1404 1584 καὶ
1448 1525 1603 1600 πάθη
1644 1525 1775 1584 ὑπὸ.

136 1614 237 1669 τοῦ
266 1613 440 1684 υἱέος,
474 1609 597 1669 οὐδ’
644 1608 713 1669 άν
746 1618 795 1669 εἰ
835 1613 906 1684 ἠν
936 1609 1155 1685 άληθῆ,
1201 1609 1357 1687 ᾤμην
1391 1616 1510 1668 δεῖν
1543 1615 1752 1687 ῥαδίως

136 1693 280 1754 οὕτω
334 1699 597 1768 λέγεσθαι
649 1694 784 1770 πρὸς
825 1694 1073 1771 άφρονάς
1114 1719 1171 1752 τε
1224 1699 1315 1752 καὶ
1367 1698 1558 1768 νέους,
1613 1695 1752 1752 αλλὰ

135 1779 371 1854 μάλιστα
411 1806 513 1854 μεν
554 1785 848 1853 σιγᾶσθαι,
895 1786 946 1837 εί
988 1777 1042 1838 δ’
1090 1779 1304 1853 ἀνάγκη
1336 1805 1416 1846 τις
1448 1781 1518 1852 ἦν
1549 1783 1751 1852 λέγειν,

72 1887 113 1919 20
139 1862 218 1922 δι’
263 1863 591 1939 ἀπορρήτων
630 1863 856 1923 ἀκούειν
899 1861 972 1931 ὥς
1012 1863 1354 1937 ὀλιγίστους,
1396 1868 1752 1939 θυσαμένους

99 1947 202 2007 006
237 1963 456 2024 χοῖρον,
488 1946 627 2007 άλλά
656 1975 706 2007 τι
737 1954 877 2023 μέγα
908 1952 999 2006 καὶ
1031 1950 1243 2022 ἄπορον
1272 1952 1458 2050 θῦμα,
1495 1947 1644 2015 ὅπως
1678 1948 1751 2016 ὡς

137 2037 439 2107 ἐλαχίστοις
470 2037 678 2107 συνέβη
710 2033 959 2091 ακοῦσαι.
1006 2038 1054 2090 4.
1090 2035 1197 2092 Καὶ
1231 2059 1356 2106 γαρ,
1391 2034 1423 2105 ἡ
1459 2031 1512 2090 δ’
1545 2031 1623 2104 ὃς,
1655 2025 1752 2091 06-
1777 2060 1799 2091 d

134 2125 223 2175 τοί
249 2142 312 2190 γε
343 2124 400 2176 οι
426 2117 578 2192 λόγοι
609 2125 850 2193 χαλεποί.
916 2121 1027 2176 Καὶ
1059 2117 1124 2176 οὐ
1158 2121 1365 2175 λεκτεοι
1396 2141 1478 2188 γε,
1514 2123 1673 2190 ε’φην,
1708 2109 1753 2173 ὦ

131 2199 479 2275 Ἀδείμαντε,
523 2207 583 2260 ἐν
611 2207 677 2277 τῇ
708 2202 943 2277 ἡμετέρᾳ
974 2201 1146 2259 πόλει.
1218 2199 1350 2258 οὐδε
1393 2203 1614 2259 λεκτέον
1643 2204 1752 2277 νέω

27 2309 30 2311 ’
74 2308 114 2340 25
139 2284 398 2343 ιἰκουόντι
430 2285 503 2352 ὡς
535 2285 746 2344 ἀδικῶν
786 2285 851 2343 τά
883 2292 1082 2359 ἔσχατα
1113 2283 1282 2343 οὐδὲν
1323 2281 1393 2343 ἂν
1423 2283 1754 2358 θαυμαστὸν

137 2384 313 2441 ποιοῖ,
368 2366 490 2427 οὐδ’
551 2363 622 2427 αὖ
674 2367 976 2428 άδικοῦντα
1029 2371 1236 2440 πατέρα
1288 2368 1534 2439 κολάζων
1587 2373 1753 2427 παντὶ

136 2454 352 2531 τρόπω,
395 2453 534 2511 ἄλλα
578 2453 728 2531 δρςόη
771 2451 841 2512 ἂν
884 2454 1020 2527 όπερ
1063 2458 1217 2512 θεῶν
1247 2459 1304 2511 οί
1330 2457 1543 2528 πρωτοί
1569 2478 1627 2511 τε
1660 2457 1751 2511 καὶ

136 2541 395 2612 μέγιστοι.
435 2536 517 2596 06
541 2564 615 2612 μα
638 2539 734 2597 τὸν
751 2548 882 2613 Δία,
912 2540 943 2643 ἡ
971 2536 1023 2596 δ’
1058 2536 1137 2610 ὸς,
1170 2537 1301 2596 οὐδε
1316 2537 1464 2615 αὐτῷ
1482 2563 1572 2612 μοι
1600 2544 1756 2597 δοκεῖ

140 2623 419 2695 ἐπιτήδεια
461 2625 602 2681 εἶναι
644 2626 838 2696 λέγειν
949 2621 1152 2681 .Οὐδε’
1179 2648 1270 2696 γε,
1312 2616 1381 2694 ἦν
1423 2598 1474 2680 6⁷
1515 2622 1648 2695 ε’γω,
1692 2621 1751 2680 τὸ

75 2727 116 2759 30
141 2706 404 2781 παράπαν
436 2732 507 2775 ως
539 2711 663 2766 θεοὶ
694 2718 848 2775 θεοῖς
880 2712 1186 2782 πολεμοῦσί
1213 2733 1271 2765 τε
1303 2711 1393 2765 καὶ
1427 2707 1750 2779 ἐπιβουλεύ-

138 2810 262 2848 ουσι
295 2795 384 2848 καὶ
415 2791 703 2866 μάχονται·
751 2791 878 2850 οὔτε
919 2793 1023 2866 γὰρ
1065 2792 1274 2865 ἀληθῆ·
1327 2801 1384 2848 εἴ
1407 2816 1469 2864 γε
1503 2797 1593 2849 δεῖ
1618 2788 1752 2864 ἡμῖν

136 2875 262 2943 τοὺς
293 2878 589 2949 μέλλοντας
620 2876 720 2950 τὴν
753 2876 914 2934 πόλιν
945 2876 1254 2950 φυλάσσειν
1284 2887 1566 2949 αἴσχιστον
1598 2881 1748 2949 νομί-
1772 2901 1860 2943 (642)
