2014 3146
598 142 814 186 PRAEP.
836 141 1061 184 EVANG.
1094 143 1197 184 XII.
1231 143 1296 186 16.
1699 141 1767 194 99

148 258 283 331 μετὰ
315 254 411 315 τὸν
435 256 822 330 κατακλυσμὸν
843 254 910 314 τὰ
934 252 1223 328 Ἑλληνικὰ
1253 261 1507 329 πειρᾶται
1537 255 1759 332 ἆρχαιο-

150 350 366 414 λογεῖν,
411 339 483 408 ὡς
516 344 722 408 ἐκεῖνος
762 339 828 398 τοὶ
851 339 1151 415 Ἐβραίων,
1192 344 1304 399 τῶν
1333 366 1392 399 τε
1434 344 1523 399 ἐπὶ
1563 349 1761 416 Τροίας

150 424 517 500 μνημονεύει,
560 429 651 482 καὶ
691 428 787 498 τῆς
826 424 1042 499 πρώτης
1085 429 1146 482 ἐν
1186 432 1563 499 Λακεδαίμονι
1603 436 1761 485 πολι-

150 517 325 583 τείας,
357 513 596 582 Περσῶν
625 533 713 581 τε,
747 513 838 567 καὶ
879 514 992 567 τῶν
1021 508 1170 584 παρὰ
1198 509 1413 578 τούτοις
1445 509 1545 568 εἴτ’
1578 512 1764 584 ὀρθῶς

107 617 128 649 5
154 605 262 653 εἴτε
293 597 386 652 καὶ
415 592 488 668 μὴ
518 593 899 667 βεβιωκότων·
934 594 1050 651 εἶτα
1073 592 1209 667 μετὰ
1238 595 1341 667 τὴν
1371 593 1583 653 τούτων
1617 602 1765 654 ίστο-

150 686 278 753 ρίαν
307 677 611 752 ἆπάρχεται
634 682 729 752 τῆς
753 682 866 735 τῶν
888 677 1076 751 νόμων
1103 681 1431 750 διαθέσεως,
1458 678 1563 737 κᾶν
1586 680 1764 759 τούτῳ

151 772 355 824 Μωσεῖ
382 761 887 834 κατακολουθήσας.

278 859 400 908 XVI.
450 849 702 914 Mmas'mg
732 845 834 920 τὴν
864 849 1050 903 πᾶσαν
1080 845 1252 904 αὐτοῦ
1287 853 1630 919 νομοθεσίαν
1660 849 1763 922 τήν

149 955 207 989 τε
248 931 368 989 κατ’
417 929 589 989 αὐτὸν
637 937 921 988 πολιτείαν
972 927 1258 1003 εὐσεβείας
1309 934 1411 988 τοῦ
1457 935 1570 990 τῶν
1618 931 1766 991 ὅλων

87 1040 127 1071 10
150 1022 290 1074 θεοῦ
320 1014 762 1090 ἀναρτήσαντος,
794 1012 902 1072 ἆπό
932 1038 991 1072 τε
1020 1019 1118 1072 τοῦ
1148 1013 1375 1073 πάντων
1420 1021 1766 1091 δημιουργοῦ

149 1100 253 1174 τὴν
292 1100 571 1175 καταρχὴν
611 1106 706 1173 τῆς
746 1106 1083 1172 νομοθεσίας
1110 1103 1532 1174 πεποιημένου,
1577 1109 1763 1160 ἔπειτα

149 1189 262 1243 τῶν
291 1191 467 1243 θείων
497 1183 732 1257 ἀγαθοῖν
763 1187 1083 1258 ἐξέρχεσθαι
1122 1182 1188 1241 τά
1228 1181 1562 1258 ἀνθρώπινα
1605 1186 1763 1244 διδά-

151 1273 371 1340 ξαντος,
421 1267 487 1326 τά
526 1292 584 1326 τε
623 1279 753 1326 θεῖα
796 1271 883 1326 ἐπὶ
924 1269 1020 1326 τὸν
1058 1267 1284 1327 πάντων
1322 1266 1566 1343 ἡγεμόνα
1604 1277 1763 1344 νοῦν,

152 1353 322 1410 αὐτὸν
355 1354 423 1426 δὴ
454 1350 550 1410 τὸν
580 1359 691 1410 τῶν
721 1350 868 1410 ὅλων
897 1351 1053 1425 θεὸν,
1086 1349 1423 1426 ἀναθέντος,
1463 1357 1571 1412 θέα
1613 1352 1763 1424 ὅπως

87 1460 127 1493 15
151 1440 244 1496 καὶ
274 1436 302 1495 ὅ
334 1436 639 1511 φιλόσοφος
669 1450 783 1503 τοῖς
815 1434 1002 1504 αὐτοῖς
1033 1444 1248 1510 βαίνων
1279 1446 1490 1511 ἴχνεσιν
1533 1442 1763 1513 ἐπιμέμ-

150 1546 315 1595 φεται
343 1523 445 1596 μὲν
473 1535 588 1589 τοῖς
618 1524 855 1596 Κρητῶν
895 1524 989 1578 καὶ
1018 1527 1479 1596 Λακεδαιμονίων
1521 1528 1763 1597 νομοθέ-

150 1631 286 1679 ταις,
318 1604 414 1664 τὸν
446 1605 497 1662 δ’
534 1603 838 1680 ἀρέσκοντα
870 1615 1072 1664 ,Μωσεῐ
1100 1605 1274 1679 νόμον
1306 1605 1638 1681 ἐκδιδάσκει,
1670 1612 1762 1667 λέ-

153 1716 270 1764 γων
300 1690 473 1758 οὕτως

277 1780 324 1833 2.
361 1773 494 1848 “Πῆ
525 1774 593 1848 δὴ
624 1767 729 1833 οὖν
760 1793 822 1833 σε
864 1773 940 1832 ἔτ’
977 1771 1047 1832 ἂν
1088 1774 1399 1849 ἐβουλόμην
1439 1775 1761 1851 διελόμενον

87 1883 128 1916 20
152 1862 335 1932 λέγειν
367 1859 531 1926 αὐτός
560 1856 612 1917 τ’
646 1857 901 1929 άκούειν;
933 1858 1123 1931 βούλει
1154 1879 1240 1918 σοι
1272 1859 1488 1935 φράζω;

279 1942 444 2002 Πάνυ
474 1945 576 2017 μὲν
606 1937 735 2017 οὖν,
770 1937 812 2001 ὦ
843 1946 978 2012 ξένε.

274 2025 469 2103 Ἐχρῆν
501 2034 706 2101 εἰπεῖν,
748 2033 802 2086 οἱ
831 2032 1069 2101 Κρητῶν
1107 2026 1266 2102 νόμοι
1297 2027 1399 2086 οὐκ
1445 2032 1553 2087 εἰσὶ
1581 2028 1760 2103 μάτην

152 2111 527 2186 διαφερόντως
553 2115 612 2170 ἐν
634 2119 805 2171 πᾶσιν
829 2110 1111 2186 εὐδόκιμοι
1134 2128 1247 2181 τοῖς
1263 2109 1547 2185 Ἕλλησινι
1575 2120 1761 2187 ἔχουσι

150 2195 255 2270 γάρ
294 2194 480 2270 ὀρθῶς
516 2196 646 2264 τοὺς
685 2194 874 2263 αὐτοῖς
911 2198 1228 2270 χρωμένους
1259 2194 1590 2270 εὐδαίμονας
1622 2196 1760 2255 ἀπο-

88 2301 129 2334 25
152 2285 463 2349 τελοῦντες·
511 2279 728 2339 ἅπαντα
758 2281 863 2354 γὰρ
892 2279 1111 2352 τάγαθὰ
1142 2286 1443 2356 πορίζουσι.
1511 2286 1559 2338 3.
1607 2283 1760 2339 διττὰ

155 2363 205 2422 δ’
241 2362 429 2437 ἀγαθά
461 2368 602 2437 ἐστι,
642 2363 708 2421 τά
737 2365 840 2438 μὲν
868 2361 1202 2438 ἀνθρώπινα
1213 2410 1229 2438 ,
1271 2363 1335 2422 τά
1369 2366 1429 2423 δὲ
1458 2375 1616 2424 θεῖα·
1664 2364 1759 2439 ἥρ-

152 2473 308 2522 τηται
340 2449 400 2506 δὲ
432 2451 491 2505 ἐκ
521 2451 633 2506 ταῖν
662 2454 839 2507 θείων
866 2447 1101 2522 θάτερα·
1156 2452 1248 2507 καὶ
1279 2449 1377 2508 ἐὰν
1405 2451 1507 2523 μὲν
1538 2454 1759 2525 δέχηται

153 2532 217 2591 τά
247 2539 468 2607 μείζονα
498 2531 682 2606 πόλις,
725 2537 914 2592 κτᾶται
943 2537 1036 2591 καὶ
1064 2533 1131 2592 τὰ
1163 2533 1447 2593 ἐλάττονα·
1497 2541 1546 2592 εἰ
1575 2536 1635 2593 δὲ
1665 2535 1758 2610 μὴ,

83 2653 86 2655 Δ
155 2621 402 2694 στέρεται
432 2615 655 2691 ἀμφοῖν.
718 2625 832 2676 ἔστι
865 2619 924 2675 δὲ
954 2618 1019 2676 τὰ
1059 2620 1160 2692 μὲν
1201 2617 1461 2677 ἐλάττονα
1494 2611 1572 2677 οἷν
1602 2615 1761 2692 ἡγεῖ-

91 2725 133 2757 30
154 2726 242 2760 ται
272 2698 460 2776 ὑγεία,
504 2701 700 2769 κάλλος
732 2702 794 2760 δὲ
836 2701 1128 2778 δεύτερον,
1171 2702 1231 2761 τὸ
1275 2705 1334 2762 δὲ
1373 2710 1559 2779 τρίτον
1599 2704 1758 2778 ἰσχύς

271 2899 323 2937 22
354 2895 431 2950 Πῆ
455 2891 514 2950 δὴ
535 2894 609 2950 —]
645 2895 780 2938 Plato
801 2897 915 2950 Leg.
938 2898 976 2937 1.
998 2910 1043 2950 p.
1067 2897 1162 2939 631.

1792 874 1815 906 d

1785 1630 1873 1671 (589)

1807 2460 1827 2491 b

1778 2501 1873 2544 [346]
