2014 3146
663 135 876 178 PRAEP.
908 134 1128 177 EVANG.
1160 134 1239 178 xl.
1273 136 1339 179 28.
1728 134 1797 186 63

189 257 478 310 δείκνυσιν
508 247 726 323 οὐσίαν,
758 257 956 324 καίπερ
989 252 1475 325 ἐπιπροσθουμένη
1506 253 1598 307 καὶ
1630 253 1796 324 ε’μπο-

191 338 442 409 διζομένη
495 331 605 392 ὑπὸ
663 337 763 392 τοῦ
822 339 1188 409 προκειμένου
1237 333 1377 410 αὐτῇ
1427 339 1797 410 πανωλέθρου

189 421 533 494 πλάσματος,
574 425 691 486 πῶς
723 425 774 476 εἰ
799 423 875 496 τῷ
907 418 1052 496 λόγω
1084 426 1416 494 χωρισθείη,
1451 418 1635 491 ὥσπερ
1668 445 1796 493 χρυ-

188 511 312 563 σίον
351 506 871 579 περιπεπλασμένου
920 507 1127 577 πηλοῦ,
1176 502 1278 561 οὐκ
1326 503 1568 563 αὐτόθεν
1617 501 1685 562 ἂν
1736 502 1795 561 τὸ

145 608 165 640 5
190 592 387 662 ἑαυτῆς
429 589 575 656 εἶδος
617 587 937 662 ἐκφήνειεν,
992 587 1063 656 ὡς
1122 590 1350 663 ἐμφερες
1390 586 1457 646 ὂν
1500 587 1673 663 μόνον
1720 592 1795 665 τῷ

191 677 334 751 θεῷ,
369 672 509 730 ἀλλὰ
540 675 630 730 καὶ
663 672 755 730 διὰ
785 671 843 730 τὸ
883 675 1115 746 μέτοχον
1156 671 1328 730 αὐτοῦ
1368 673 1539 747 εἶναι,
1572 676 1663 730 καὶ
1703 672 1797 739 τὰς
1823 694 1843 726 b

191 761 251 816 ἐν
290 771 408 826 ταῖς
451 761 752 832 ἐνεργείαις
791 753 1112 830 ὁμοιότητας
1155 761 1452 830 διασωζον,
1495 760 1587 814 καὶ
1631 761 1691 815 ἐν
1721 761 1798 835 τῷ

187 842 423 916 μάλιστα
470 848 661 919 θνητῷ
711 840 912 914 αὐτῆς,
970 840 1183 915 (ω’σπερ
1230 843 1380 900 ἐστὶν
1426 838 1560 899 όταν
1613 844 1673 898 ἐν
1721 846 1795 918 τῷ

188 930 381 1003 θνητῷ
419 926 758 1029 καθειρχθῇ)
811 924 904 983 διὰ
951 930 1112 984 τοῦτο
1152 925 1227 999 μὴ
1270 925 1666 1000 διαλυόμενον,
1715 923 1797 983 ὅτι

127 1033 166 1064 10
189 1010 411 1085 φύσεως
441 1004 511 1085 ἦν
539 1014 634 1084 τῆς
665 1007 899 1085 ἀμοίρου
929 1007 1215 1085 φθορᾶς;”
1243 1067 1267 1085 ,

321 1101 398 1153 13.
446 1098 559 1154 Καὶ
589 1094 944 1167 ὑποκαταβάς
975 1114 1150 1170 φησιν

306 1177 589 1247 “Ει’κότως
621 1181 683 1237 δὲ
713 1181 805 1237 καὶ
828 1186 959 1238 θεία
989 1186 1249 1254 φαίνεται
1279 1175 1388 1237 άπὸ
1417 1183 1513 1253 τῆς
1543 1177 1679 1255 πρὸς
1701 1178 1797 1237 τὸν
1815 1200 1909 1244 [327]

188 1261 484 1338 ἀμέριστον
513 1261 825 1338 ὁμοιώσεως
856 1266 948 1322 καὶ
979 1263 1160 1337 θνητὴ
1190 1262 1286 1337 ἀφ’
1325 1256 1406 1322 ὧν
1435 1262 1798 1339 προσπελάζει

187 1352 255 1423 τῇ
270 1353 453 1423 θνητῇ
468 1348 659 1422 φύσει·
693 1351 785 1406 καὶ
807 1347 1017 1406 κάτεισι
1038 1351 1131 1406 καὶ
1154 1346 1334 1406 ἄνεισι
1353 1351 1447 1406 καὶ
1467 1348 1798 1422 θνητοειδής

124 1452 166 1485 15
190 1436 304 1491 ἐστι
334 1436 426 1491 καὶ
456 1448 570 1501 τοῖς
599 1431 903 1500 ἀθανάτοις
935 1431 1189 1508 ἐμφερής.
1259 1437 1336 1490 14.
1370 1431 1668 1508 ἅνθρωπος
1691 1431 1796 1508 γὰρ
1821 1467 1837 1488 e

188 1519 280 1575 καὶ
310 1516 339 1575 ὁ
370 1524 676 1593 γαστρίζων
706 1518 907 1575 ἑαυτὸν
947 1521 1039 1575 καὶ
1077 1521 1409 1590 κεκορέσθαι
1448 1516 1796 1591 σπουδάζων,

191 1601 263 1668 ὡς
293 1601 359 1660 τά
390 1601 584 1676 κτήνη·
631 1600 930 1678 ἅνθρωπος
964 1603 1026 1660 δὲ
1055 1604 1148 1659 καὶ
1178 1601 1206 1659 ὁ
1238 1600 1432 1671 σώζειν
1465 1605 1525 1660 ἐν
1569 1600 1798 1674 πελάγει

192 1684 269 1744 δι’
297 1685 596 1761 ἐπιστήμης
629 1690 689 1744 ἐν
720 1686 1004 1754 κινδύνοις
1034 1684 1147 1754 οἷός
1177 1711 1236 1745 τε
1269 1684 1348 1744 ὢν
1378 1684 1480 1759 τὴν
1509 1692 1672 1758 ναῦν,
1705 1689 1797 1743 καὶ

187 1768 216 1828 ὁ
248 1771 441 1841 σώζειν
472 1775 533 1830 ε’-ν
561 1769 774 1845 νόσοις,
806 1774 898 1829 καὶ
929 1769 960 1830 ὅ
989 1795 1053 1845 γε
1083 1771 1184 1845 τὴν
1214 1772 1316 1847 μὲν
1345 1769 1618 1845 ἀλήθειαν
1650 1769 1797 1845 εὑρί-

127 1877 168 1910 20
191 1875 365 1925 σκων,
394 1855 743 1930 μεθοδεύσας
776 1857 838 1914 δὲ
867 1859 960 1914 καὶ
990 1855 1126 1931 πρὸς
1155 1854 1414 1929 γνώσεως
1445 1853 1816 1930 καταλήψεις,-

190 1947 440 2013 πυρείων
469 1965 528 2000 τε
561 1939 806 2016 εὑρέσεις
835 1943 927 1999 καὶ
958 1939 1350 2015 ὦροσκοπείων
1378 1938 1662 2015 τηρήσεις,
1705 1942 1798 1997 καὶ

189 2024 442 2099 μιμήσεις
471 2028 585 2083 τῶν
612 2029 711 2083 τοῦ
744 2029 1086 2099 δημιουργοῦ
1114 2025 1435 2100 ποιημάτων
1475 2022 1797 2098 μηχανησά-

189 2132 369 2183 μενος.
448 2115 527 2168 15.
576 2108 878 2185 ἅνθρωπος
907 2110 1011 2184 γὰρ
1045 2109 1347 2182 ἐπενόησεν
1377 2110 1466 2166 ἐπὶ
1497 2113 1597 2182 γῆς
1628 2107 1798 2165 συνό-

193 2199 324 2261 δους
367 2198 480 2252 τῶν
519 2193 654 2252 ἑπτὰ
693 2195 828 2268 μετὰ
881 2198 993 2253 των
1043 2193 1319 2266 κινήσεων
1370 2197 1794 2266 δημιουργῆσαι,

124 2301 165 2334 25
191 2277 282 2336 διὰ
304 2277 716 2352 ’μηχανημάτων
745 2277 812 2335 τὰ
842 2282 904 2336 ἐν
931 2275 1154 2354 οὐρανῷ
1192 2275 1545 2350 μιμούμενος.
1621 2279 1713 2333 καὶ
1743 2282 1803 2334 τί
1821 2297 1845 2328 d

190 2364 293 2435 γὰρ
334 2359 438 2419 οὐκ
478 2360 804 2434 ἐπενόησεν,
846 2360 1181 2429 ἀποδεικνὺς
1221 2360 1317 2419 τὸν
1354 2371 1517 2420 θεῖον
1555 2362 1647 2418 καὶ
1677 2365 1795 2438 θεῷ

190 2449 580 2519 παρισωμένον
612 2449 671 2502 ἐν
704 2448 882 2523 ἑαυτῷ
914 2450 1083 2517 νοῦν;
1143 2451 1223 2503 16.
1256 2443 1354 2520 ἀφ’
1390 2438 1470 2503 c5'v
1493 2446 1796 2519 Ὀλυμπίου

191 2553 250 2587 τε
289 2532 382 2587 καὶ
425 2538 588 2588 θείου
632 2534 725 2587 καὶ
762 2528 1019 2604 οὐδαμοῖς
1064 2535 1278 2605 θνητοῦ
1315 2528 1631 2604 τολμήματα
1674 2535 1793 2587 δια-

191 2621 412 2687 φαίνων
454 2613 585 2681 τούς
624 2612 861 2681 πολλοὺς
903 2613 995 2673 διὰ
1034 2620 1335 2689 φιλαυτίαν
1373 2618 1468 2687 τῆς
1499 2611 1687 2671 αὐτῶν
1718 2620 1795 2680 εἰς

129 2698 256 2756 3οτὰ
296 2697 442 2757 κάτω
484 2703 655 2772 ῥοπῆς
698 2704 844 2757 ἰδεῖν
884 2697 1055 2758 αὐτὸν
1094 2697 1194 2774 οὐχ
1234 2705 1383 2766 οἵους
1422 2723 1480 2756 τε
1529 2697 1690 2765 ὄντας
1737 2700 1796 2755 ἐκ

192 2787 303 2841 τῶν
345 2786 555 2851 ἔξωθεν
603 2785 958 2857 φαινομένων
1006 2780 1206 2858 ὁμοίως
1256 2781 1444 2850 αὐτοῖς
1493 2784 1797 2855 θνητοειδῆ

193 2866 436 2936 δοξάζειν
466 2865 636 2926 αὐτὸν
665 2865 1059 2926 ἀναπέπεικεν·
1109 2868 1230 2935 ἑνὸς
1268 2866 1426 2934 ὄντος
1467 2870 1558 2924 καὶ
1595 2864 1794 2924 τούτου
