2014 3146
244 144 345 196 190
860 183 864 186 Δ
923 143 1170 184 EUSEBII

241 260 567 334 Πεισόμεθα
607 261 709 333 μὲν
749 252 865 316 οὖν.
958 258 1383 333 Διαπυθόμενοι
1422 257 1529 334 ἄρα
1569 265 1667 318 τοῦ
1706 264 1846 318 θεοῦ

193 370 215 403 b
241 350 356 411 πῶς
387 344 489 418 χρὴ
530 343 657 409 τούς
700 349 1020 416 δαιμονίους
1061 367 1120 400 τε
1159 346 1250 400 καὶ
1281 350 1473 411 θείους
1503 346 1723 402 τιθέναι
1753 347 1846 402 καὶ

237 437 346 487 τίνι
378 428 657 503 διαφόρῳ,
698 425 841 485 οὕτω
884 432 976 484 καὶ
1014 426 1186 501 ταύτῃ
1216 427 1466 501 θήσομεν
1491 422 1527 503 ᾗ
1556 425 1627 487 ἂν
1659 433 1844 502 ἐξηγῆ-

237 538 350 582 ται;
448 520 519 571 Τί
547 511 599 569 δ’
633 509 700 569 ού
731 515 1026 586 μέλλομεν;
1115 515 1227 569 Καὶ
1256 511 1353 570 τὸν
1382 511 1575 570 λοιπὸν
1608 513 1676 585 δὴ
1721 512 1843 587 χρό-

237 622 339 655 νον
379 593 451 663 ὡς
494 603 759 670 δαίμονας
800 595 1094 669 γεγονότας
1134 594 1279 653 οὕτω
1320 595 1744 670 θεραπεύσομέν
1786 622 1844 655 τε
1888 629 1912 660 5

236 685 328 738 καὶ
369 681 828 755 προσκυνήσομεν
870 679 1056 738 αὐτῶν
1095 675 1191 748 τας
1229 681 1437 756 θήκας;
1483 681 1550 738 τὰ
1603 681 1743 739 αὐτὰ
1785 683 1846 738 δὲ

235 770 407 823 ταῦτα
436 771 767 840 νομιοῦμεν,
810 763 944 823 ὅταν
982 790 1062 832 τις
1102 765 1246 842 γήρᾳ
1286 764 1319 839 ἦ
1349 790 1458 823 τινι
1489 763 1637 843 ἄλλω
1660 765 1844 842 τρόπω

235 850 536 929 τελευτήσῃ
575 857 688 908 τῶν
727 848 845 908 ὅσοι
877 848 946 908 ἂν
980 851 1355 924 διαφερόντως
1388 854 1448 907 ἐν
1477 856 1552 926 τῷ
1577 857 1682 927 βίω
1714 848 1845 923 ἄγα-

234 938 330 992 θοὶ
361 932 659 1009 κριθῶσι.”

361 1026 409 1076 2.
460 1022 568 1076 Καὶ
607 1023 779 1076 ταῦτα
822 1021 881 1076 δὲ
921 1015 1140 1093 ἁρμόζει
1181 1021 1269 1076 ἐπὶ
1311 1022 1376 1092 τῇ
1415 1024 1527 1076 τῶν
1557 1023 1846 1092 θεοφιλῶν
1868 1048 1911 1080 10

234 1107 479 1177 τελευτῇ,
526 1102 624 1170 οὓς
655 1102 988 1176 στρατιώτας
1018 1108 1113 1175 τῆς
1145 1102 1392 1175 ἀληθοῦς
1426 1100 1710 1176 εὐσεβείας
1742 1102 1845 1161 οὐκ

235 1183 306 1245 ἂν
337 1187 598 1262 ἁμάρτοις
641 1187 814 1246 εἰπών
853 1186 1406 1261 παραλαμβάνεσθαι.
1470 1186 1608 1244 ὅθεν
1638 1190 1844 1245 καὶέπὶ

233 1297 326 1339 τας
358 1272 537 1345 θήκας
578 1271 765 1329 αὐτῶν
797 1278 925 1338 ἔθος
960 1268 1094 1345 ἡμῖν
1125 1275 1400 1346 παριέναι,
1433 1273 1525 1329 καὶ
1553 1296 1649 1338 τας
1683 1266 1844 1346 εὐχας

234 1378 399 1428 παρα
420 1356 644 1424 ταύταις
685 1367 1003 1429 ποιεῖσθαι,
1034 1360 1198 1430 τιμᾶν
1227 1380 1286 1414 τε
1315 1381 1410 1423 τας
1440 1363 1712 1445 μακαρίας
1743 1382 1845 1414 αυ-

193 1475 208 1496 c
234 1445 344 1497 τῶν
375 1441 572 1514 ψυχας,
607 1466 678 1508 ως
711 1439 950 1514 εὐλόγως
973 1443 1064 1498 καὶ
1088 1440 1301 1499 τούτων
1331 1439 1431 1513 ὑφ’
1470 1437 1626 1514 ἡμῶν
1654 1465 1843 1514 γιγνο-
1866 1467 1908 1500 15

230 1529 429 1597 μέ.νων
473 1530 520 1582 3.
549 1525 687 1582 ἀλλα
710 1550 814 1598 γαρ
839 1522 995 1599 ἡμεῖς
1016 1550 1117 1599 μεν
1135 1531 1305 1582 ταῦτα
1338 1530 1397 1583 ἐκ
1417 1529 1529 1582 τῶν
1543 1525 1842 1593 Πλατωνος

231 1606 634 1683 ἄνελεξοὲμεθα·
682 1609 980 1682 φιλόκαλος
1013 1613 1080 1666 δέ
1103 1635 1183 1676 τις
1213 1608 1375 1676 ἄλλος
1407 1612 1498 1666 καὶ
1529 1609 1740 1668 τούτων
1763 1617 1843 1667 ἔτι

230 1701 401 1751 πλείω
433 1690 502 1751 ἂν
535 1693 684 1768 εὕροι
716 1694 865 1768 παρὰ
894 1701 970 1771 τῷ
1016 1691 1164 1771 αὐτῷ
1197 1693 1473 1768 σύμφωνα
1502 1709 1616 1766 τοῖς
1647 1693 1843 1766 ἡμετέ-

232 1802 346 1850 ροις
382 1778 634 1851 δόγμασι,
666 1778 802 1851 τάχα
835 1780 897 1835 δὲ
927 1782 1019 1835 καὶ
1050 1777 1179 1852 παρ’
1218 1782 1433 1853 ἑτέροις.
1511 1781 1629 1835 ἐπεὶ
1663 1779 1723 1834 δὲ
1746 1783 1840 1850 τῆς

232 1860 401 1932 αὐτῆς
440 1861 574 1934 ἡμῖν
611 1859 934 1929 ὑποθέσεως
978 1861 1351 1934 προλαβόντες
1412 1861 1695 1934 ἐφήψαντο
1747 1865 1839 1919 καὶ
1862 1889 1905 1922 20

230 1943 414 2017 αλλοι,
458 1969 519 2002 ευ
558 1970 649 2019 μοι
691 1952 843 2003 δοκεῖ
886 1949 1289 2014 ἐπισκέψασθαι
1325 1952 1446 2003 δειν
1478 1949 1569 2002 ’καὶ
1603 1971 1669 2002 τα
1710 1946 1840 2004 τού-

230 2054 342 2095 τοις
373 2033 741 2103 πεπονημένα.
791 2030 1101 2131 παραθήσω
1135 2031 1195 2087 δε
1225 2029 1470 2131 πρωτου
1488 2029 1841 2103 Ἀριστοβού-

230 2122 350 2186 λου,
383 2121 483 2171 τοῦ
518 2118 569 2182 ἐξ
594 2114 867 2188 Εβραίων
897 2113 1242 2187 φιλοσόφου,
1274 2113 1369 2181 τὰς
1402 2112 1575 2180 οὕτως
1610 2113 1839 2187 ἐχούσας

186 2222 206 2253 1
230 2197 421 2270 φωνάς

356 2293 458 2342 XII.
507 2281 805 2356 “Φανερὸν
855 2281 938 2340 ὅτι
987 2281 1477 2356 κατηκολούθησεν
1529 2278 1557 2338 ὁ
1598 2281 1837 2340 Πλάτων
1859 2307 1902 2341 25

118 2391 205 2431 (664)
228 2369 295 2439 τῇ
325 2365 457 2423 καθ’
494 2366 634 2439 ἡμᾶς
665 2374 999 2443 νομοθεσία,
1041 2370 1133 2426 καὶ
1179 2365 1419 2440 φανερός
1453 2370 1565 2424 ἐστι
1595 2389 1839 2441 περιειρ-

228 2453 499 2522 γασμένος
550 2454 749 2508 ἕκαστα
799 2456 911 2508 τῶν
963 2456 1022 2510 ἐν
1066 2449 1219 2525 αὐτῇ.
1299 2450 1694 2523 διηρμήνευται
1731 2451 1836 2524 γὰρ

229 2531 334 2606 πρὸ
376 2541 699 2606 Δημητρίου
740 2539 839 2592 τοῦ
880 2539 1177 2609 Φαληρέως
1211 2531 1285 2591 δι’
1320 2538 1550 2609 ἑτέρων,
1593 2533 1698 2606 πρὸ
1739 2538 1834 2605 τῆς

223 2613 589 2690 Ἀλεξάνδρου
630 2620 720 2675 καὶ
762 2623 999 2693 Περσῶν
1031 2617 1463 2692 έπικρατήσεως,
1504 2616 1570 2674 τά
1610 2642 1668 2674 τε
1699 2616 1835 2674 κατὰ

227 2699 327 2773 τὴν
369 2701 649 2774 ἐξαγωγὴν
686 2701 787 2774 τὴν
819 2707 871 2771 ἐξ
906 2703 1196 2776 Αἰγύπτου
1225 2706 1336 2760 τῶν
1357 2701 1657 2775 Ἐβραίων,
1701 2697 1828 2773 ἡμε-
1853 2724 1896 2759 3ο

226 2788 401 2857 τέρων
446 2787 506 2842 δὲ
547 2789 815 2859 πολιτῶν,
868 2790 960 2843 καὶ
999 2787 1033 2859 ἡ
1073 2791 1185 2845 τῶν
1221 2785 1531 2859 γεγονότων
1571 2781 1832 2842 ἁπάντων

227 2867 414 2935 αὐτοῖς
448 2868 768 2942 ἐπιφάνεια,
810 2873 901 2927 καὶ
934 2870 1192 2944 κράτησις
1231 2875 1325 2942 τῆς
1364 2868 1571 2943 χώρας,
1614 2871 1702 2926 καὶ
1734 2873 1830 2941 τῆς
