2014 3146
520 143 733 184 PRAEP.
765 141 986 185 EVANG.
1019 141 1142 184 xlv.
1177 142 1243 183 16.
1270 142 1336 183 17.
1644 137 1749 190 293

137 259 197 317 τὸ
229 257 439 335 ἑκάστῳ
479 260 764 330 βέλτιστον
806 255 962 335 ᾠμην
993 259 1084 313 καὶ
1124 255 1184 314 τὸ
1214 253 1404 314 κοινὸν
1437 259 1609 313 πᾶσιν
1641 258 1752 312 ἐπι-

140 342 515 417 διηγήσασθαι
546 340 779 415 ἀγαθόν.
842 344 934 399 καὶ
964 338 1086 399 οὐδ’
1124 337 1194 398 ἀν
1226 339 1515 414 ἀπεδόμην
1544 343 1754 397 πολλοῦ

138 428 233 495 τὰς
266 431 521 500 ἐλπίδας,
553 426 694 484 ἀλλὰ
724 425 874 484 πάνυ
905 430 1122 500 σπουδῇ
1153 426 1344 498 λαβὼν
1382 425 1477 492 τὰς
1519 430 1751 497 βίβλους

140 536 214 580 ως
243 510 471 586 τάχιστα
502 508 616 579 οἷός
655 512 704 568 τ’
752 504 823 584 ἦν
853 509 1260 583 ἀνεγίνωσκον,
1301 507 1380 567 ἶν’
1416 533 1488 576 ως
1528 507 1753 583 τάχιστα

95 622 115 654 5
141 602 352 670 εἰδείην
383 596 442 654 τὸ
482 599 767 669 βέλτιστον
797 598 889 652 καὶ
930 594 989 652 τό
1018 609 1221 696 χεῖρον
1291 592 1399 651 ἀπὸ
1433 592 1503 666 δὴ
1534 604 1754 667 θαυμα-

139 687 302 754 στῆς,
336 683 378 738 ὠ
411 683 623 755 ἑταῖρε,
667 683 887 746 ἐλπίδος
923 676 1145 756 ωχόμην
1174 677 1504 754 φερόμενος.
1541 681 1659 735 ἐπεὶ
1691 678 1754 735 δὲ

139 783 351 839 προϊων
381 768 472 823 καὶ
503 762 906 837 ἀναγινώσκων
935 762 1050 836 ὀρῶ
1087 761 1269 837 ἄνδρα
1299 766 1376 839 τῷ
1406 763 1507 836 μὲν
1539 765 1620 839 νῷ
1650 759 1754 819 αῦ-

141 851 238 907 δὲν
267 849 554 924 χρεόμενον
583 848 723 907 οὐδέ
747 873 900 915 τινας
933 853 1111 913 αἰτίας
1154 845 1552 920 ἐπαιτιώμενον
1585 853 1662 913 εἰς
1691 846 1753 904 τὸ

142 939 464 1007 διακοσμεῖν
502 932 568 991 τὰ
609 932 930 1006 πράγματα,
972 929 1138 1006 ἀέρας
1181 932 1243 989 δὲ
1274 933 1366 989 καὶ
1398 932 1630 1004 αἰθέρας
1661 933 1754 987 καὶ

75 1045 115 1076 10
137 1017 316 1076 ὕδατα
349 1017 680 1119 αἰτιώμενον
711 1021 802 1074 καὶ
834 1015 974 1074 ἅλλα
1003 1015 1180 1074 πολλοὶ
1211 1019 1303 1073 καὶ
1333 1014 1524 1073 ἄτοπα.
1579 1021 1625 1073 6.
1659 1019 1756 1072 καί

137 1127 229 1176 μοι
270 1106 458 1171 ἔδοξεν
497 1099 819 1176 ὁμοιότατον
850 1104 1226 1175 πεπονθέναι,
1270 1120 1456 1175 ωσπερ
1488 1125 1558 1157 αν
1595 1109 1651 1157 εἰ
1673 1124 1752 1166 τις
1771 1120 1860 1161 (752)

137 1190 316 1260 λέγων
355 1184 438 1245 ὅτι
470 1185 772 1260 Σωκράτης
812 1185 992 1245 πάντα
1022 1184 1125 1243 ὅσα
1155 1184 1380 1260 πράττει
1403 1210 1484 1242 νω
1509 1184 1754 1259 πράττει,

137 1270 368 1329 κάπειτα
416 1270 765 1346 ἐπιχειρήσας
806 1273 989 1343 λέγειν
1031 1294 1128 1336 τας
1168 1276 1346 1337 αἰτίας
1387 1269 1635 1327 ἑκάστων
1676 1271 1756 1327 ὠν

137 1355 380 1429 πράττω,
412 1358 560 1429 λέγοι
592 1359 814 1428 πρῶτον
843 1357 946 1429 μὲν
976 1354 1058 1412 ότι
1083 1353 1291 1413 ἐνθάδε
1324 1353 1416 1411 δια
1446 1357 1618 1412 ταῦτα
1648 1358 1755 1412 νῦν

74 1465 114 1497 15
138 1438 414 1515 κάθημαι,
456 1439 540 1498 ὅτι
583 1439 874 1514 σύγκειταί
908 1464 1015 1513 μου
1061 1438 1121 1496 τὸ
1163 1443 1320 1513 σῶμα
1353 1442 1407 1507 ἐξ
1449 1436 1630 1496 ὀστῶν
1661 1441 1753 1495 καὶ

137 1524 386 1598 νεύρων,
430 1528 522 1583 καὶ
564 1525 630 1582 τὰ
671 1525 774 1598 μὲν
804 1522 937 1582 ὄστᾶ
970 1528 1085 1581 ἐστι
1126 1523 1323 1598 στερεά
1374 1525 1467 1580 καὶ
1511 1521 1752 1596 διαφυὰς

138 1615 248 1682 ἔχει
275 1612 442 1683 χωρὶς
474 1609 570 1666 ἀπ’
606 1609 889 1682 ἀλλήλων,
935 1608 1001 1666 τὰ
1046 1609 1107 1666 δὲ
1145 1613 1320 1683 νεῦρα
1365 1605 1454 1666 οἷα
1487 1611 1755 1665 ἐπιτείνε-

138 1704 272 1751 σθαι
303 1696 395 1751 καὶ
426 1693 715 1766 ἀνίεσθαι,
747 1695 1193 1768 περιαμπέχοντα
1223 1718 1287 1750 τα
1319 1691 1453 1750 ὀστᾶ
1478 1691 1612 1766 μετὰ
1642 1695 1755 1750 τῶν

138 1796 361 1850 σαρκων
390 1802 449 1836 τε
491 1781 583 1836 καὶ
616 1781 915 1852 δέρματος,
959 1775 991 1835 ὂ
1020 1779 1279 1852 συνέχειν
1322 1774 1480 1834 αὐτά.
1546 1782 1590 1834 7.
1625 1782 1753 1834 αἰω-

73 1886 115 1918 20
139 1866 427 1936 ρουμένων
465 1856 568 1921 οῦν
608 1887 722 1920 των
761 1860 941 1920 ὀστων
971 1866 1032 1921 ἐν
1070 1877 1190 1928 ταῖς
1230 1860 1416 1920 αὐτων
1457 1865 1866 1935 ξυμβολαϊς[439]

135 1951 389 2020 χαλῶντα
420 1950 512 2004 καὶ
543 1954 906 2005 συντείνοντα
937 1947 1002 2004 τὰ
1042 1950 1216 2019 νεῦρα
1260 1946 1617 2021 κάμπτεσθαί
1645 1969 1754 2004 που
1780 1969 1801 2001 b

137 2046 288 2090 ποιεῖ
314 2030 436 2090 οἷόν
464 2057 523 2090 τε
557 2032 700 2090 εἶναι
733 2033 826 2105 ἐμὲ
859 2038 965 2090 νῦν
995 2031 1060 2089 τά
1091 2034 1256 2105 μέλη,
1298 2033 1389 2088 καὶ
1425 2028 1516 2088 διὰ
1547 2029 1757 2103 ταύτην

136 2113 238 2187 τὴν
283 2122 467 2173 αἰτίαν
513 2119 904 2189 συγκαμφθεὶς
950 2115 1159 2174 ἐνθάδε
1203 2115 1465 2189 κάθημαι.
1543 2117 1634 2172 καὶ
1682 2107 1757 2171 αὖ

136 2201 262 2273 περὶ
294 2203 394 2257 τοῦ
436 2203 795 2272 διαλέγεσθαι
824 2196 960 2272 ὑμῖν
991 2202 1180 2273 ἑτέρας
1209 2199 1432 2256 τοιάσδε
1461 2205 1638 2264 αἰτίας
1669 2201 1755 2255 λέ-

73 2307 113 2339 25
137 2307 251 2356 γοι,
294 2283 486 2357 φωνάς
526 2307 584 2340 τε
624 2287 716 2340 καὶ
756 2282 921 2357 ἀέρας
961 2285 1052 2341 καὶ
1098 2282 1266 2350 ἀκοὰς
1307 2286 1399 2341 καὶ
1438 2282 1577 2340 ἄλλα
1619 2281 1753 2339 ἄττα

135 2374 308 2442 μυρία
337 2372 563 2427 τοιαῦτα
595 2366 948 2441 αἰτιώμενος,
991 2366 1267 2442 ἀμελήσας
1297 2366 1392 2434 τὰς
1423 2364 1496 2434 ὡς
1527 2365 1754 2440 άληθῶς

137 2457 315 2519 αἰτίας
354 2455 569 2525 λέγειν,
609 2450 692 2510 ὅτι
744 2451 934 2525 ἐπειδὴ
968 2450 1287 2525 Ἀθηναίοις
1344 2456 1496 2521 ἔδοξε
1536 2455 1754 2524 βέλτιον

139 2537 282 2593 εἶναι
325 2540 458 2609 ἐμοῦ
500 2544 1028 2610 καταψηφίσασθαι,
1075 2537 1166 2594 διὰ
1205 2539 1377 2595 ταῦτα
1410 2537 1478 2609 δὴ
1511 2539 1601 2594 καὶ
1635 2539 1754 2609 ἐμοὶ

137 2622 355 2692 βέλτιον
387 2612 460 2679 αῦ
501 2623 758 2678 δέδοκται
801 2620 1008 2679 ἐνθάδε
1049 2626 1365 2694 καθῆσθαι,
1408 2624 1501 2678 καὶ
1542 2619 1754 2678 δικαιό-

75 2727 116 2759 30
138 2728 298 2779 τερον
321 2707 708 2779 παραμένοντα
731 2701 961 2778 ὑπέχειν
977 2705 1080 2777 τὴν
1104 2702 1326 2780 δίκην,
1304 2731 1376 2778 ην
1393 2703 1462 2763 ἂν
1476 2704 1752 2762 κελεύσω-
1777 2736 1798 2758 0

138 2807 257 2860 σιν,
290 2795 337 2846 8.
373 2793 490 2848 ἐπεὶ
521 2789 589 2862 νὴ
619 2787 716 2846 τὸν
746 2787 908 2860 κύνα,
942 2814 1014 2856 ως
1040 2793 1263 2867 ἐγῷμαι,
1295 2789 1463 2848 πάλαι
1487 2815 1556 2847 αν
1580 2795 1750 2846 ταῦτα

137 2897 202 2928 τα
233 2877 406 2947 νεῦρα
438 2877 529 2932 καὶ
568 2899 634 2931 τα
672 2871 804 2930 ὀστᾶ
845 2869 879 2946 ἢ
920 2876 1047 2948 περὶ
1077 2877 1316 2947 Μέγαρα
1357 2871 1389 2947 ἢ
1420 2876 1546 2947 περὶ
1578 2883 1749 2930 Βοιω-
