2014 3146
271 126 340 178 70
948 127 1194 170 EUSEBII

263 249 363 300 ναί
389 265 519 300 ποτε
549 245 707 315 γένος
738 243 967 315 λεχθὲν,
998 239 1146 300 τοῦτ’
1183 235 1251 315 ἦν
1280 242 1340 300 τὸ
1370 241 1491 301 κατ’
1527 248 1742 303 ἐκεῖνον
1771 243 1868 302 τόν

262 326 465 401 χρόνον
518 331 577 383 ἐκ
616 330 715 399 γῆς
764 324 933 383 πάλιν
980 324 1495 402 ἀναστρεφόμενον,
1554 325 1867 402 ἀπεμνημο-

261 410 453 468 νεύετο
487 411 546 467 δὲ
576 408 685 466 ὑπὸ
715 415 828 467 τῶν
856 406 1137 484 ἡμετέρων
1167 410 1458 510 προγόνων
1478 416 1591 470 τῶν
1613 412 1867 486 πρώτων,

262 502 318 551 οἳ
343 493 653 600 τελευτωσῃ
683 518 786 567 μεν
814 500 882 568 τῇ
915 496 1153 570 προτέρᾳ
1185 499 1459 571 περιφορᾷ
1481 494 1579 554 τὸν
1602 499 1724 569 ἑξῆς
1746 496 1869 572 χρό-

260 601 362 635 νον
394 576 737 650 ἐγειτόνουν,
782 583 954 652 τῆσδε
985 579 1047 636 δε
1077 577 1194 635 κατ’
1232 575 1403 653 ἀρχας
1434 579 1698 652 ἐφύοντο
1744 580 1868 638 τού·
1893 606 1913 638 5

260 686 372 719 των
401 662 507 765 γὰρ
539 663 689 720 οὑτοι
721 661 958 736 κήρυκες
990 660 1247 735 ἐγένονθ’
1275 660 1409 736 ἡμῖν
1437 687 1549 721 των
1586 662 1787 738 λόγων,
1819 672 1876 722 οἳ

156 767 242 809 [330]
261 752 368 803 νῦν
397 745 506 803 ὑπὸ
538 751 761 804 πολλῶν
790 745 892 804 οὐκ
921 745 1105 821 ὀρθῶς
1137 745 1511 805 ἀπιστοῦνται.
1593 752 1641 805 3.
1676 746 1736 806 τὸ
1768 746 1872 822 γὰρ

214 850 238 884 d
263 833 558 903 ἐντεῦθέν,
599 830 779 904 οἶμαι,
822 829 923 905 χρὴ
965 834 1237 898 ξυννοεῖν.
1315 831 1579 905 ἐχόμενον
1618 831 1725 907 γάρ
1759 836 1872 889 ε’στι

257 919 333 991 τῷ
364 913 493 982 τούς
523 913 836 987 πρεσβύτας
869 917 957 971 ἐπὶ
987 913 1090 986 τὴν
1119 918 1219 973 τοῦ
1257 915 1452 983 παιδὸς
1494 919 1636 973 ἰέναι
1676 915 1871 989 φύσιν,

262 1003 321 1056 ἐκ
351 1002 462 1056 τῶν
491 997 957 1071 τετελευτηκότων
996 1000 1087 1071 αὐ,
1119 1001 1390 1073 κειμένων
1421 996 1475 1057 δ’
1511 1003 1572 1057 ἐν
1601 1003 1671 1074 γῇ
1703 999 1871 1058 πάλιν
1895 1033 1935 1063 10

261 1086 377 1140 ἐκεῖ
404 1086 839 1156 συνισταμένους
871 1085 965 1140 καὶ
995 1082 1515 1157 ἀναβιωσκομένους
1547 1088 1781 1142 ε’πεσθαι
1803 1091 1869 1159 τῇ

258 1171 462 1242 τροπῇ,
514 1169 1107 1240 ξυνανακυκλουμένης
1154 1173 1232 1234 εἰς
1271 1165 1538 1226 τάναντία
1575 1171 1671 1240 τῆς
1711 1171 1871 1240 γενέ-

261 1270 429 1324 σεως,
477 1254 568 1308 καὶ
613 1266 866 1324 γηγενεῖς
907 1249 976 1323 δὴ
1017 1251 1155 1308 κατὰ
1195 1255 1394 1309 τοῦτον
1430 1250 1528 1309 τὸν
1568 1250 1775 1359 τρόπον
1817 1255 1870 1320 ἐξ

261 1334 504 1408 ἀναγκης
534 1338 848 1408 φυομένους
880 1333 1053 1402 οὕτως
1085 1342 1231 1409 ἔχειν
1259 1334 1503 1409 τοῦνομα
1533 1337 1626 1393 καὶ
1656 1334 1753 1394 τὸν
1783 1335 1870 1394 λό-

259 1443 379 1492 γον,
410 1417 574 1486 ὅσους
604 1418 679 1493 μὴ
709 1418 842 1486 θεος
875 1418 1062 1477 αὐτῶν
1094 1426 1173 1486 εἰς
1203 1417 1379 1493 αλλην
1407 1434 1609 1493 μοῖραν
1633 1419 1866 1493 ἐκόμισε.
1894 1448 1933 1480 15

386 1509 605 1578 Κομιδῇ
630 1529 730 1577 μεν
753 1505 858 1562 οὐν
881 1502 1040 1560 τοῦτό
1062 1528 1126 1576 γε
1151 1507 1339 1561 ἕπεται
1360 1518 1474 1570 τοῖς
1498 1501 1868 1577 fffflwpocfflsvf’

386 1592 434 1645 4.
498 1587 618 1645 Εἶτ’
667 1589 737 1644 αὐ
783 1586 951 1644 παλιν
991 1591 1112 1660 ἑξῆς
1163 1605 1375 1662 προιων
1432 1612 1498 1644 τα
1548 1586 1709 1662 ὅμοια
1757 1602 1870 1654 τοῖς

252 1667 524 1745 Ἐβραίων
566 1670 801 1744 δόγμασι
849 1674 972 1744 περὶ
1022 1678 1117 1744 τῆς
1159 1675 1260 1729 τοῦ
1297 1671 1507 1745 κόσμου
1549 1679 1870 1739 συντελείας

262 1758 462 1813 τοῦτον
495 1758 717 1824 διέξεισι
747 1755 845 1814 τὸν
873 1754 1079 1855 τρόπον

156 1862 244 1904 (562)
387 1850 596 1901 XXXIV.
635 1838 896 1912 “'Eazstffl‘q
927 1838 1030 1913 γὰρ
1055 1862 1282 1898 παντων
1304 1839 1518 1897 τούτων
1540 1838 1735 1914 χρόνος
1761 1844 1869 1898 ἐτε-
1892 1868 1934 1900 20

261 1923 470 1996 λειώθη
521 1926 613 1980 καὶ
662 1923 973 1997 μεταβολὴν
1025 1930 1138 1981 ἔδει
1187 1931 1483 1996 γίγνεσθαι
1531 1927 1624 1981 καὶ
1668 1924 1736 1996 δὴ
1778 1927 1871 1981 καὶ

259 2007 320 2065 τὸ
359 2006 556 2081 γήϊνον
595 2008 703 2081 ἤδη
743 2011 855 2064 πᾶν
894 2006 1143 2065 ἀναλωτο
1183 2010 1369 2080 γένος,
1419 2029 1599 2074 πασας
1641 2007 1871 2080 ἑκαστης

258 2096 354 2166 τῆς
393 2096 571 2165 ψυχῆς
610 2117 706 2159 τας
745 2093 988 2165 γενέσεις
1027 2090 1477 2163 ἆποδεδωκυίας,
1530 2094 1622 2149 καὶ
1660 2089 1762 2149 όσα
1800 2085 1871 2165 ἦν

259 2176 459 2251 ἑκάστῃ
491 2178 873 2251 προσταχθὲν,
914 2180 1156 2233 τοσαῦτα
1197 2182 1274 2243 είς
1315 2179 1422 2249 γῆν
1462 2179 1746 2249 σπέρματα
1778 2198 1870 2233 πε-

212 2283 234 2315 b
259 2260 495 2333 σούσης,
537 2260 658 2318 τότε
690 2261 758 2333 δὴ
789 2263 890 2318 τοῦ
918 2259 1123 2327 παντὸς
1153 2259 1182 2317 ὁ
1212 2261 1314 2334 μὲν
1344 2259 1715 2334 κυβερνήτης,
1749 2257 1869 2317 οἷον
1891 2286 1932 2317 25

261 2350 551 2415 πηδαλίων
581 2354 767 2410 οἴακος
799 2342 1098 2418 ἀφέμενος,
1141 2350 1218 2411 εἰς
1247 2342 1349 2417 τὴν
1379 2343 1555 2402 αὐτοῦ
1583 2343 1871 2418 περιωπὴν

262 2425 499 2499 ἀπέστη,
537 2426 634 2484 τὸν
676 2430 735 2485 δὲ
779 2428 846 2501 δὴ
878 2427 1086 2501 κόσμον
1116 2429 1285 2486 πάλιν
1314 2426 1655 2529 ἀνέστρεφεν
1687 2432 1876 2535 εἱμαρ-

261 2513 399 2612 μένη
430 2534 489 2567 τε
529 2514 620 2567 καὶ
660 2511 940 2584 ξύμφυτος
981 2515 1265 2585 ἐπιθυμία.
1335 2517 1384 2569 2.
1433 2512 1634 2578 πάντες
1675 2504 1778 2569 οὖν
1819 2516 1876 2568 οἱ

262 2618 399 2651 κατα
437 2594 566 2661 τοὺς
605 2593 806 2662 τόπους
847 2593 1211 2668 ξυναρχοντες
1251 2599 1327 2671 τῷ
1365 2601 1605 2671 μεγίστω
1650 2600 1870 2665 δαίμονι

262 2682 417 2750 θεοὶ,
460 2678 684 2750 γνόντες
723 2677 834 2751 ἤδη
881 2677 940 2735 τὸ
982 2677 1343 2751 γιγνόμενον,
1395 2677 1634 2751 ἀφίεσαν
1685 2702 1755 2734 αυ
1803 2701 1869 2734 τα
1893 2704 1933 2736 30

263 2765 400 2836 μέρη
430 2767 527 2819 τοῦ
557 2762 767 2836 κόσμου
796 2764 892 2834 τῆς
922 2759 1108 2820 αὐτῶν
1139 2765 1463 2835 ἐπιμελείας.
1534 2758 1562 2818 ὁ
1607 2762 1667 2818 δε
1711 2785 1869 2834 μετα-

262 2845 633 2921 στρεφόμενος
664 2849 756 2903 καὶ
787 2845 1145 2919 ξυμβάλλων,
1191 2845 1360 2920 ἀρχῆς
1391 2869 1450 2902 τε
1492 2848 1583 2902 καὶ
1614 2851 1870 2918 τελευτῆς
