2014 3146
265 109 330 161 78
934 110 1185 178 EUSEBIJ

261 225 552 298 φυκότων,
597 222 824 282 ἐπειδὰν
861 222 1171 297 ἀφίκωνται
1209 228 1266 281 015
1300 223 1742 297 τετελευτηκότες
1786 231 1866 292 εἰς

260 309 356 367 τὸν
386 309 555 366 τόπον
585 306 642 365 οἷ
667 307 695 365 ὁ
729 314 944 380 δαίμων
976 310 1208 365 ἕκαστον
1237 315 1468 381 κομίζει,
1515 312 1735 382 πρῶτον
1764 310 1865 382 μὲν

262 391 647 451 διεδικάσαντο
678 396 735 448 οἴ
760 415 819 448 τε
849 398 1031 457 καλῶς
1062 393 1154 448 καὶ
1178 390 1343 457 ὁσίως
1367 394 1456 448 καὶ
1484 397 1710 459 δικαίως
1735 392 1864 465 βιώ-

261 496 454 542 σαντες
485 478 576 533 καὶ
606 481 663 533 οἱ
687 474 776 550 μή.
847 478 938 532 καὶ
979 483 1036 532 οἳ
1069 476 1172 548 μὲν
1214 472 1283 532 ἂν
1325 474 1522 543 δόξωσι
1561 479 1739 548 μέσως
1769 483 1865 549 βε-

212 584 234 616 b
260 563 541 633 βιωκέναι,
574 562 947 632 πορευθέντες
980 561 1068 616 ε’πὶ
1097 559 1193 616 τὸν
1219 555 1528 632 Ἀχέροντα,
1559 557 1865 632 ἀναβάντες
1887 583 1910 615 5

259 642 295 701 ὁὶ
326 644 394 717 δὴ
427 643 614 710 αὐτοῖς
645 641 888 718 ὀχήματά
921 647 1096 715 ἐστιν,
1131 645 1219 700 ἐπὶ
1258 642 1471 701 τούτων
1500 642 1868 716 ἀφικνοῦνται

261 735 338 795 εἰς
368 727 470 800 τὴν
501 734 721 801 λίμνην,
746 731 838 784 καὶ
869 732 986 785 ἐκεῖ
1011 734 1235 785 οἰκοῦσί
1258 752 1317 786 τε
1347 731 1439 785 καὶ
1469 727 1868 802 καθαιρόμενοι

259 817 370 870 τῶν
400 836 458 870 τε
480 810 843 885 ἀδικημάτων
874 811 1123 878 διδόντες
1155 817 1311 878 δίκας
1334 809 1690 885 ἀπολύονται,
1715 822 1772 870 εἴ
1785 818 1868 878 τίς

258 921 310 954 τι
340 893 596 968 ἠδίκηκε,
642 899 755 953 τῶν
784 920 843 953 τε
875 893 1209 968 εὐεργεσιῶν
1249 894 1406 969 τιμὰς
1436 898 1700 970 φέρονται
1731 894 1868 953 κατά

259 980 360 1054 τὴν
390 977 551 1048 ἀξίαν
581 983 835 1052 ἕκαστος,
875 988 930 1037 οἵ
971 978 1024 1036 δ’
1057 977 1127 1037 ἂν
1168 979 1404 1047 δόξωσιν
1444 977 1678 1047 ἀνιάτως
1721 986 1867 1053 ἔχειν
1891 1004 1932 1034 10

262 1062 354 1122 διά
384 1089 452 1121 τα
483 1067 694 1137 μεγέθη
725 1089 837 1121 των
867 1062 1290 1138 αμαρτημάτων,
1322 1089 1356 1136 η
1390 1069 1700 1136 ἱεροσυλίας
1731 1072 1867 1121 πολ-

259 1147 356 1216 λας
387 1150 479 1205 καὶ
509 1147 747 1221 μεγάλας
788 1145 822 1221 ἢ
862 1147 1071 1221 φόνους
1111 1145 1341 1214 ἀδίκους
1380 1150 1473 1204 καὶ
1512 1146 1867 1221 παρανόμους

260 1233 497 1299 πολλοὺς
531 1234 937 1305 ἐξειργασμένοι
977 1256 1010 1304 η
1042 1230 1185 1288 άλλα
1216 1231 1321 1289 ὅσα
1349 1236 1577 1289 τοιαῦτα
1606 1230 1867 1305 τυγχάνει

258 1315 419 1388 ὄντα,
450 1315 678 1383 τούτους
712 1317 771 1373 δε
801 1340 835 1389 η
866 1315 1227 1390 προσήκουσα
1255 1330 1421 1389 μοῖρα
1452 1321 1633 1391 ρίπτει
1664 1323 1741 1383 εἰς
1771 1315 1868 1373 τὸν

219 1435 234 1456 c
268 1399 580 1475 Τάρταρον,
631 1398 771 1458 όθεν
810 1398 1012 1458 ούποτε
1053 1398 1427 1473 ἐκβαίνουσιν.
1515 1404 1564 1458 5.
1616 1407 1674 1457 οἳ
1700 1397 1754 1457 δ’
1797 1395 1867 1457 ἂν
1890 1422 1932 1455 15

261 1483 449 1558 ἰάσιμα
481 1509 611 1558 μεν,
653 1483 863 1558 μεγάλα
906 1485 967 1541 δε
1010 1484 1244 1552 δόξωσιν
1288 1483 1661 1558 ἡμαρτηκέναι
1691 1482 1870 1557 ἆμαρ-

258 1567 486 1642 τήματα,
513 1567 633 1626 οἷον
663 1569 799 1642 πρὸς
830 1571 1038 1642 πατέρα
1067 1566 1101 1641 ἢ
1131 1572 1338 1642 μητέρα
1360 1567 1454 1626 υπ’
1484 1567 1650 1641 ὀργῆς
1683 1567 1870 1641 βίαιόν

144 1673 311 1716 [334]τι
341 1652 672 1725 πράξαντες,
716 1656 809 1710 καὶ
847 1656 1154 1726 μεταμέλον
1192 1650 1379 1719 αὐτοῖς
1417 1652 1514 1710 τὸν
1543 1651 1712 1722 άλλον
1741 1658 1868 1724 βίον

259 1739 488 1808 βιωσιν,
533 1734 567 1809 ἢ
607 1733 1016 1811 ἀνδροφόνοι
992 1762 1027 1810 η
1072 1736 1302 1795 τοιούτω
1340 1739 1449 1795 τινὶ
1492 1735 1641 1813 άλλςο
1681 1735 1867 1813 τρόπω

260 1822 547 1893 γένωνται,
579 1819 791 1887 τούτοις
824 1824 874 1878 δ’
914 1825 1171 1894 ἐμπεσεῖν
1200 1846 1312 1894 μεν
1343 1827 1420 1887 εἰς
1449 1819 1546 1878 τὸν
1584 1819 1868 1895 Τάρταρον
1889 1843 1931 1875 20

259 1902 498 1976 ἀνάγκη,
533 1904 868 1977 ἐμπεσόντας
901 1906 963 1961 δὲ
993 1903 1194 1971 αὐτοὺς
1224 1908 1314 1962 καὶ
1347 1904 1602 1962 ἐνιαυτὸν
1634 1908 1750 1962 ἐκεῖ
1774 1929 1868 1977 γε-

260 1991 527 2061 νομένους
560 1987 811 2061 ἐκβάλλει
852 1986 911 2045 τὸ
954 1992 1129 2061 κῦμα,
1170 1988 1299 2054 τοὺς
1339 1989 1442 2061 μὲν
1482 1986 1868 2061 ἀνδροφόνους

259 2071 397 2129 κατὰ
426 2071 523 2129 τὸν
553 2072 853 2144 Κωκυτὸν,
895 2071 1023 2139 τούς
1056 2073 1116 2128 δὲ
1146 2071 1474 2148 πατραλςόας
1518 2073 1628 2145 [καὶ
1658 2095 1869 2146 μητρα-

213 2176 233 2207 «εἰ
258 2155 421 2232 λῴας]
456 2155 593 2213 κατὰ
622 2156 718 2214 τὸν
748 2159 1278 2230 Πυριφλεγέθοντά
1314 2154 1541 2213 ἐπειδὰν
1572 2156 1632 2212 δὲ
1662 2154 1866 2228 φλεγό-
1929 2175 1933 2179 ·

259 2263 414 2312 μενοι
453 2243 725 2311 γένωνται
766 2240 903 2297 κατὰ
941 2239 1044 2312 τὴν
1084 2245 1285 2313 λίμνην
1324 2238 1426 2312 τὴν
1449 2238 1863 2313 Ἀχερουσιάδα,
1888 2263 1929 2295 25

262 2325 508 2380 ἐνταῦθα
539 2328 716 2394 βοῶσί
741 2348 800 2381 τε
830 2327 923 2381 καὶ
954 2327 1246 2395 καλοῦσιν,
1279 2328 1334 2381 οἱ
1360 2324 1463 2397 μὲν
1492 2321 1588 2389 οὓς
1618 2320 1864 2381 ἀπέκτει-

260 2431 392 2478 ναν,
434 2412 487 2464 οἱ
530 2408 588 2463 δὲ
629 2404 724 2472 οὓς
765 2405 1035 2481 ὕβρισαν,
1082 2411 1414 2474 καλέσαντες
1454 2409 1514 2464 δὲ
1556 2405 1865 2464 ἱκετεύουσι

260 2493 351 2547 καὶ
384 2492 600 2547 δέονται
633 2493 786 2547 ἐᾶσαι
817 2496 959 2564 σφᾶς
991 2495 1219 2563 ἐκβῆναι
1251 2498 1328 2558 εἰς
1358 2490 1462 2563 τὴν
1506 2497 1737 2563 λίμνην,
1770 2493 1863 2547 καὶ

262 2573 357 2630 ἐὰν
395 2574 497 2645 μὲν
534 2579 829 2646 πείσωσιν,
883 2578 1211 2646 ἐκβαίνουσί
1243 2598 1301 2631 τε
1350 2577 1442 2631 καὶ
1482 2573 1714 2646 λη’γουσι
1752 2578 1864 2630 τῶν

261 2660 468 2714 κακῶν·
518 2663 569 2714 εί
599 2658 659 2714 δὲ
688 2657 793 2731 μὴ,
825 2660 1090 2733 φέρονται
1120 2650 1285 2724 αὖθις
1318 2664 1394 2723 εἰς
1423 2657 1520 2714 τὸν
1560 2655 1860 2731 Τάρταρον,
1884 2679 1925 2711 30

261 2738 524 2798 κάκεῖθεν
563 2740 731 2798 πάλιν
772 2747 849 2808 εἰς
888 2741 1018 2808 τούς
1057 2741 1362 2814 ποταμοὺς,
1418 2742 1509 2797 καὶ
1549 2744 1722 2798 ταῦτα
1760 2739 1860 2797 πά-

261 2843 484 2898 σχοντες
514 2822 579 2882 ού
611 2825 879 2899 πρότερον
901 2824 1172 2883 παύονται
1204 2827 1338 2898 πρὶν
1367 2822 1437 2883 ἂν
1467 2830 1734 2882 πείσωσιν
1766 2821 1861 2891 οὓς
