2014 3146
270 93 372 146 328
949 94 1196 136 EUSEBII

262 207 292 229 ‘e

311 216 362 268 εἰ
400 194 764 284 πορεύσονται
805 209 992 283 (φησὶ)
1038 209 1140 266 δύο
1182 212 1271 267 ἐπὶ
1321 207 1381 266 τὸ
1428 207 1560 268 αὐτὸ
1608 211 1874 286 καθόλου,

272 294 369 351 ε’ἀν
398 292 471 367 μὴ
501 301 853 367 γνωρίσωσιν
883 290 1179 363 ἑαυτούς;”

395 382 480 435 23.
538 375 707 436 Ταῦτ’
743 376 916 435 εἰπών
954 385 1127 452 μυρία
1166 401 1226 435 τε
1255 375 1395 434 ἄλλα
1425 376 1639 444 τούτοις
1671 384 1877 453 ἐπαγα-

270 460 383 534 γών
434 465 554 535 ἑξῆς
597 461 987 531 κατασκευάζει
1036 460 1128 519 διὰ
1167 460 1443 519 πλειόνων
1486 461 1546 519 τὸ
1589 462 1877 538 πρόβλημα

269 543 376 603 άπό
416 570 476 602 τε
516 549 627 604 τῶν
669 546 805 604 κατὰ
844 548 1007 619 μέρος
1049 554 1335 620 στοιχείων
1363 549 1464 604 τοῦ
1493 546 1724 619 παντὸς,
1769 546 1875 606 άπό
1920 569 1939 600 5

269 655 328 688 τε
367 633 481 687 τῶν
523 634 583 688 ἐν
621 630 832 697 τούτοις
873 637 1246 688 παντοδαπῶν
1298 629 1479 707 ζῴων,
1536 633 1627 687 καὶ
1683 629 1750 703 δὴ
1789 636 1880 689 καὶ

220 748 235 769 c
270 713 377 772 ἀπὸ
428 719 523 787 τῆς
574 715 914 790 τάνθρώπου
966 715 1201 788 φύσεως.
1307 719 1359 783 ἐξ
1413 708 1491 773 ὧν
1544 722 1623 772 ἔτι
1674 719 1880 789 βραχέα

269 814 382 866 τοῖς
435 803 741 874 εἰρημένοις
782 802 1051 874 προσθεὶς
1105 798 1441 857 καταπαύσω
1490 797 1587 856 τὸν
1634 799 1880 874 παρόντα

271 882 451 956 λόγον.

397 979 560 1029 XXVI.
616 967 646 988 “
663 971 774 1025 Καὶ
804 966 932 1026 οὔτε
966 966 1199 1035 ἑαυτούς
1241 966 1366 1025 οὔτε
1397 967 1462 1024 τὰ
1493 971 1619 1042 περὶ
1651 968 1881 1036 ἑαυτοὺς
1905 990 1946 1022 10

270 1050 491 1126 ὁρῶσιν.
569 1059 620 1109 εί
647 1051 751 1126 γάρ
782 1077 863 1120 τις
892 1056 1004 1110 τῶν
1034 1052 1352 1128 ἀρχηγετῶν
1382 1055 1483 1109 τοῦ
1504 1057 1601 1124 τῆς
1623 1051 1882 1124 ἀσεβείας

227 1158 247 1189 d
271 1135 471 1209 ταύτης
505 1136 771 1210 δόγματος
794 1135 1004 1196 ἑαυτὸν
1032 1136 1179 1203 όστις
1213 1139 1326 1194 ἐστὶ
1358 1139 1450 1194 καὶ
1472 1133 1610 1194 όθεν
1634 1133 1881 1210 ἀνελογί-

272 1228 414 1293 ζετο,
449 1219 762 1294 ἐφρόνησεν
791 1201 861 1278 όὶν
891 1218 1030 1294 ἅπερ
1071 1224 1497 1296 συνῃσθημένος
1530 1224 1758 1293 εαυτοῦ,
1790 1223 1882 1278 καὶ

273 1304 427 1362 εἶπεν
457 1302 526 1362 ἂν
557 1330 623 1362 ου
652 1329 788 1380 προς
818 1331 912 1372 τας
943 1303 1197 1380 ατόμους,
1229 1303 1367 1362 ἀλλὰ
1397 1303 1532 1379 πρὸς
1556 1305 1652 1363 τὸν
1675 1308 1882 1379 πατέρα

271 1391 363 1446 καὶ
394 1389 627 1462 ποιητὴν
659 1393 859 1448 ἑαυτοῦ
896 1389 997 1447 “ai
1033 1393 1210 1464 χεῖρές
1252 1409 1354 1447 σου
1396 1389 1646 1448 ε”πλασάν
1684 1415 1751 1463 με
1791 1393 1883 1447 καὶ
1906 1410 1946 1443 15

273 1473 538 1546 ἐποίησάν
568 1490 659 1547 με
750 1477 841 1532 καὶ
872 1470 1492 1549 προσεπεξειργάσατο
1469 1499 1540 1532 αν
1571 1498 1643 1541 ως
1675 1478 1884 1540 ἐκεῖνος

270 1556 367 1615 τὸν
396 1557 718 1632 θαυμάσιον
756 1562 852 1632 τῆς
893 1558 1163 1632 ποιήσεως
1197 1561 1399 1616 ἑαυτοῦ
1426 1557 1632 1632 τρόπον
1667 1555 1751 1631 “B
1783 1557 1883 1632 οὐχ

273 1640 457 1717 ὥσπερ
489 1642 629 1715 γάλα
659 1667 726 1716 με
756 1641 1016 1716 ἥμελξας,
1062 1643 1358 1717 ἐτύρευσας
1391 1645 1457 1700 δέ
1482 1667 1549 1716 με
1581 1652 1674 1700 ἴσα
1703 1649 1882 1720 τυρῷ,

275 1729 448 1800 δέρμα
478 1730 570 1784 καὶ
599 1730 762 1801 κρέας
791 1750 860 1801 με
891 1730 1177 1799 ἐνέδυσας,
1208 1725 1418 1793 ὀστέοις
1449 1728 1512 1784 δὲ
1542 1730 1633 1784 καὶ
1664 1726 1883 1799 νεύροις

271 1833 338 1882 με
371 1817 612 1885 ἔνειρας;
660 1810 802 1883 ζωὴν
835 1812 896 1867 δὲ
926 1814 1018 1868 καὶ
1050 1819 1198 1878 ἔλεος
1231 1817 1368 1868 ἔθου
1400 1807 1534 1880 παρ’
1570 1813 1721 1883 ἐμοὶ,
1754 1807 1786 1882 ἡ
1823 1812 1882 1867 δὲ
1905 1832 1947 1864 20

275 1895 542 1966 ἐπισκοπή
585 1913 687 1951 σου
730 1893 969 1968 ἐφύλαξέ
1005 1919 1112 1968 μου
1152 1893 1211 1951 τὸ
1251 1891 1522 1966 πνεῦμα.”
1611 1899 1660 1952 2.
1708 1893 1882 1960 πόσας

271 1976 375 2050 γάρ
407 1975 642 2052 ἀτόμους
671 1975 700 2036 ὁ
727 1976 1051 2051 Ἐπικούρου
1082 1977 1260 2052 πατὴρ
1284 1981 1375 2035 καὶ
1401 1977 1646 2045 ποταπὰς
1680 1981 1732 2046 ἐξ
1757 1981 1883 2035 ἑαυ-

162 2084 253 2124 (779)
275 2067 370 2119 τοῦ
422 2066 713 2136 προέχεεν,
765 2060 848 2120 ὅτ’
903 2062 1351 2136 ἀπεσπέρμαινεν
1389 2061 1745 2136 Ἐπίκουρον;
1793 2066 1884 2119 καὶ

275 2151 391 2213 πῶς
423 2154 500 2213 είς
530 2146 631 2220 τὴν
675 2146 937 2224 μητρῴαν
978 2145 1150 2205 αὐτοῦ
1179 2154 1617 2220 καταβληθεῖσαι
1647 2149 1884 2219 γαστέρα

276 2231 700 2304 συνεπάγησαν,
745 2237 1258 2305 ἐσχηματίσθησαν,
1303 2230 1743 2304 ε’μορφεόθησαν,
1778 2235 1883 2288 ε’κι-
1905 2253 1947 2285 25

275 2314 564 2387 νήθησαν,
596 2313 986 2388 ηὐξύνθησαν;
1033 2319 1125 2372 καὶ
1166 2314 1370 2381 πολλάς
1401 2312 1434 2388 ἡ
1465 2323 1696 2388 βραχεῖα
1728 2318 1884 2389 ῥανὶς

276 2397 369 2464 τὰς
415 2398 742 2472 Ἐπικούρου
801 2399 1036 2472 ἀτόμους
1095 2403 1584 2472 προσκαλεσαμένη
1636 2397 1730 2465 τοὶς
1783 2400 1884 2471 μὲν

277 2486 617 2555 ἐπημφίεσεν
649 2482 835 2541 αὐτῶν
867 2488 1039 2557 δέρμα
1071 2487 1162 2540 καὶ
1194 2483 1371 2555 σάρκα
1400 2486 1733 2556 γενομένας,
1764 2498 1884 2549 ταῖς

279 2567 337 2622 δὲ
377 2563 740 2635 ὀστωθείσαις
781 2567 1144 2640 ἠνώρθωται,
1185 2582 1304 2634 ταῖς
1346 2568 1406 2624 δὲ
1448 2569 1727 2639 συνεδέθη
1751 2590 1880 2624 νευ-

277 2655 727 2724 ρορραφουμένη;
815 2656 863 2709 3.
937 2651 1002 2708 τά
1054 2675 1112 2708 τε
1171 2651 1310 2708 άλλα
1369 2649 1543 2708 πολλα
1601 2653 1737 2723 μέλη
1789 2675 1880 2707 και
1904 2673 1945 2705 30

275 2733 561 2808 σπλάγχνα
592 2738 682 2791 καὶ
714 2743 913 2807 ἔγκατα
937 2739 1027 2792 καὶ
1051 2735 1385 2807 αἰσθητήρια
1409 2733 1474 2791 τὰ
1496 2758 1598 2806 μεν
1623 2739 1879 2806 ἔνδοθεν,

228 2817 340 2875 bro}
388 2820 448 2875 δε
498 2818 760 2894 θύραθεν
812 2819 1114 2894 ἐφήρμοσε,
1170 2816 1246 2876 δι’
1303 2820 1381 2876 ὠν
1434 2817 1781 2894 ἐζωογονήθη
1820 2817 1880 2874 τὸ
