2014 3146
276 109 375 161 148
954 110 1203 153 EUSEBH

271 223 426 283 ὅσιον
465 223 643 291 ἄλλως
685 227 868 297 λέγειν
911 220 944 297 ἢ
977 229 1161 282 πᾶσαν
1191 223 1394 300 ἀρετὴν
1424 233 1661 301 ἔχουσαν
1695 228 1877 301 ψυχὴν

271 316 405 382 μίαν
435 306 468 381 ἢ
499 315 723 375 πλείους
753 307 1040 382 περιάγειν
1070 307 1225 367 αὐτά.

397 393 706 465 Κάλλιστα,
761 384 804 448 ὦ
843 398 1100 466 Κλεινία,
1154 392 1475 467 ὑπήκουσας
1519 410 1631 463 τοῖς
1675 394 1870 469 λόγοις.

269 476 397 534 τόδε
429 477 491 533 δὲ
520 475 987 549 προσυπάκουσον
1017 483 1110 534 ἔτι.

398 565 481 618 31.
538 560 609 618 Τὸ
641 574 830 631 ποῖον;
1917 590 1952 621 5.

384 643 581 702 Ἠλιον
620 647 712 701 καὶ
753 644 996 717 σελήνην
1041 647 1132 702 καὶ
1171 644 1236 702 τὰ
1276 643 1417 702 ἄλλα
1459 643 1659 719 άστρα,
1723 656 1875 721 εἴπερ

271 727 418 802 ψυχὴ
451 727 700 803 περιάγει
731 728 929 802 πάντα,
958 727 1051 801 ἀρ’
1084 727 1150 788 οὖ
1182 732 1272 787 καὶ
1304 735 1367 787 ἓν
1398 733 1656 800 ε’καστον;

406 819 477 871 Τί
501 811 636 886 μήν,

397 899 541 969 Περὶ
583 895 706 964 ἑνὸς
751 895 820 969 δὴ
861 895 1224 970 ποιησώμεθα
1264 899 1492 970 λόγους,
1545 905 1603 955 οἳ
1648 899 1740 955 καὶ
1788 900 1878 956 ε’πὶ

226 1005 248 1037 d
272 978 452 1039 πάντα
482 980 841 1056 ἁρμόττοντες
871 980 1005 1055 ἡμῖν
1034 979 1100 1038 τα
1130 980 1303 1056 ἄστρα
1333 986 1659 1055 φανοῦνται.
1900 1009 1940 1041 10

399 1069 483 1122 32.
539 1071 727 1135 Τίνος;

392 1148 582 1207 Ἡλίου
623 1153 728 1217 πᾶς
769 1148 1068 1223 ἅνθρωπος
1107 1156 1262 1224 σῶμα
1304 1151 1406 1223 μὲν
1445 1149 1567 1225 ὁρᾷ,
1600 1147 1787 1223 ψυχὴν
1819 1150 1879 1207 δὲ

273 1231 481 1300 οὐδείς·
530 1231 662 1290 οὐδὲ
691 1233 795 1307 γὰρ
826 1232 996 1291 ἄλλου
1029 1232 1276 1308 σώματος
1307 1231 1536 1301 οὐδενὸς
1581 1231 1710 1291 οὕτε
1749 1238 1878 1303 ζῶν-

272 1343 362 1384 τος
391 1316 521 1375 οὕτε
550 1315 934 1385 ἀποθανόντος
963 1323 1076 1376 τῶν
1113 1317 1261 1395 ζῴων
1302 1317 1594 1393 [οὐδενός],
1625 1316 1765 1375 ἀλλὰ
1797 1322 1879 1376 ε’λ-

273 1404 366 1469 πὶς
396 1400 572 1474 πολλὴ
603 1401 662 1459 τὸ
693 1401 958 1477 παράπαν
987 1402 1047 1460 τὸ
1078 1405 1236 1476 γένος
1266 1401 1400 1476 ἡμῖν
1423 1406 1583 1461 τοῦτο
1606 1398 1877 1476 άναίσθη-
1903 1427 1942 1460 15

273 1511 370 1544 τον
409 1485 609 1553 πάσαις
648 1501 766 1554 ταῖς
808 1490 910 1544 τοῦ
948 1487 1197 1561 σώματος
1237 1486 1534 1560 αἰσθήσεσι
1573 1509 1878 1562 περιπεφυ-

273 1572 457 1644 κέναι,
498 1569 699 1643 νοητὸν
741 1572 803 1628 δὲ
846 1572 1003 1630 εἶναι.
1072 1570 1224 1648 μόνῳ
1255 1576 1335 1648 νῷ
1381 1571 1450 1644 δὴ
1503 1574 1594 1628 καὶ
1646 1570 1878 1645 νοήματι

275 1655 534 1728 λάβωμεν
565 1653 738 1713 αὐτοῦ
767 1658 894 1730 πέρι
924 1654 983 1713 τό
1015 1655 1246 1714 τοιόνδε.

401 1744 484 1795 33.
533 1749 736 1808 Ποῖον,

387 1819 582 1879 ΗΗλιον
623 1829 674 1879 εἰ
709 1822 959 1896 περιάγει
990 1822 1157 1896 ψυχὴ,
1189 1826 1358 1897 τριῶν
1388 1821 1563 1895 αὐτὴν
1590 1827 1654 1880 ἓν
1684 1825 1878 1895 λέγον-
1900 1848 1941 1880 20

275 1930 362 1973 τες
395 1909 535 1979 δρᾶν
566 1906 770 1980 σχεδὸν
799 1906 904 1964 οὐκ
937 1904 1368 1980 άποτευξόμεθα.

411 1996 623 2060 Τίνων;
1413 2064 1419 2070 .

166 2099 257 2140 (628)
403 2079 485 2131 34.
525 2074 619 2141 Ὡς
649 2072 682 2146 ἢ
716 2077 917 2132 ἐνοῦσα
950 2073 1100 2140 ἐντὸς
1130 2078 1205 2150 τῷ
1233 2088 1526 2148 περιφερεῖ
1543 2073 1722 2151 τούτῳ
1752 2099 1879 2150 φαι-

276 2161 491 2235 νομένῳ
524 2158 734 2232 σώματι
765 2157 944 2231 πάντη
979 2164 1277 2231 διακομίζει
1306 2155 1365 2215 τὸ
1403 2162 1674 2229 τοιοῦτον,
1705 2157 1879 2216 καθά-

277 2266 381 2316 περ
422 2242 562 2315 ἡμᾶς
601 2244 635 2315 ἡ
677 2242 804 2315 παρ’
865 2239 1000 2316 ημῖν
1047 2242 1194 2316 ψυχὴ
1245 2241 1423 2315 πάντη
1473 2244 1782 2343 περιφέρει
1844 2240 1943 2315 2’7‘25

278 2336 457 2383 ποθεν
489 2330 697 2394 ἔξωθεν
727 2331 883 2400 σῶμα
914 2323 1055 2401 αὐτῇ
1093 2329 1433 2399 πορισαμένη
1464 2324 1637 2401 πυρὸς
1667 2324 1702 2399 ἥ
1731 2351 1879 2394 τινος

279 2407 457 2483 ἀέρος,
492 2406 563 2475 ὡς
594 2409 752 2481 λόγος
785 2413 901 2468 ἐστί
927 2434 1127 2483 τινων,
1161 2408 1300 2468 ωθεῖ
1329 2417 1426 2485 βία
1457 2409 1664 2483 σώματι
1695 2415 1876 2484 σῶμα·

280 2518 313 2565 η
343 2499 528 2566 τρίτον
560 2492 697 2564 αὐτὴ
729 2494 861 2566 ψιλὴ
894 2494 1141 2567 σώματος
1171 2487 1338 2566 οὖσα,
1381 2500 1581 2567 ε’χουσα
1613 2495 1675 2551 δε
1707 2492 1881 2552 δυνά-

280 2601 396 2650 μεις
428 2575 596 2642 ἄλλας
626 2577 777 2643 τινας
807 2577 1280 2652 ὑπερβαλλούσας,
1310 2577 1557 2651 θαύματι
1587 2584 1831 2650 ποδηγεῖ.

407 2666 537 2717 Ναί.
1901 2684 1941 2716 3ο

415 2747 587 2803 Τοῦτο
638 2744 741 2817 μὲν
791 2740 1031 2818 ἀνάγκη,
1085 2745 1295 2802 τούτων
1346 2748 1408 2801 ἕν
1458 2746 1526 2817 γε’
1561 2769 1611 2801 τι
1654 2750 1878 2818 δρῶσαν

283 2827 467 2901 ψυχὴν
498 2827 677 2886 πάντα
709 2825 978 2900 ὃιάγειν.”
