2014 3146
295 136 394 188 106
547 202 553 206 ,
976 138 1224 180 EUSEBII

293 259 507 327 σμέναι,
551 252 642 310 διὰ
674 254 736 310 δὲ
763 252 823 311 τὸ
855 251 1110 326 σπονδὴν
1148 252 1222 326 μὴ
1269 251 1550 311 δύνασθαι
1579 256 1772 327 φέρειν
1803 251 1899 319 τὰς

275 343 402 395 τῶν
432 342 576 395 νέων
607 335 812 410 ψυχας,
853 343 1076 394 παιδιαί
1100 360 1159 394 τε
1189 339 1281 394 καὶ
1312 334 1451 414 ᾠδαὶ
1481 346 1775 396 καλεῖσθαι
1806 339 1898 394 καὶ

292 422 656 494 πράττεσθαι)
698 421 954 495 καθάπερ
1004 435 1120 487 τοῖς
1169 420 1450 494 κάμνουσί
1482 445 1541 479 τε
1591 424 1683 479 καὶ
1723 421 1900 479 ἀσθε-

292 509 401 572 νῶς
442 511 628 578 ἔχουσι
667 504 734 563 τὰ
773 505 998 580 σῶματα
1041 509 1102 563 ἐν
1140 504 1298 578 ἡδέσι
1338 509 1399 562 τέ
1434 524 1543 563 τισι
1583 512 1776 574 σιτίοις
1807 507 1898 562 καὶ

292 590 498 663 πόμασι
537 589 639 662 τὴν
679 589 923 663 χρηστὴν
962 594 1261 664 πειρῶνται
1305 589 1520 663 τροφὴν
1557 593 1899 665 προσφέρειν
1942 613 1963 645 5

292 672 373 741 οἷς
404 676 554 748 μέλει
583 674 822 747 τούτων,
863 674 966 748 τὴν
1007 676 1067 732 δὲ
1106 678 1220 732 τῶν
1259 678 1520 748 πονηρῶν
1561 678 1621 732 ἐν
1650 671 1900 747 ἀηδέσιν,

292 764 385 816 ίνα
422 757 524 831 τὴν
561 760 664 832 μὲν
704 757 1082 832 ἀσπάζωνται,
1128 757 1231 832 τὴν
1262 760 1325 816 δὲ
1354 772 1537 832 μισεῖν
1565 756 1748 832 ὀρθῶς
1781 761 1904 816 ἐθί-

293 851 502 912 ζωνται.
592 847 640 901 3.
709 842 913 902 ταυτὸν
953 844 1014 901 δὲ
1055 846 1146 901 καὶ
1190 843 1287 902 τὸν
1337 842 1622 916 ποιητικὸν
1660 841 1689 900 ὁ
1732 839 1903 917 ὀρθὸς

241 953 262 986 d
291 930 598 1001 νομοθέτης
631 931 691 986 ἐν
721 943 834 995 τοῖς
864 937 1051 995 καλοῖς
1091 926 1295 1002 ρήμασι
1326 930 1417 985 καὶ
1450 932 1755 993 ἐπαινετοῖς
1785 933 1902 985 πεί-

293 1030 378 1070 σει
406 1035 465 1069 τε
504 1015 596 1069 καὶ
634 1009 938 1085 ἀναγκάσει
968 1011 1041 1087 μὴ
1073 1020 1320 1084 πείθων,
1352 1011 1417 1070 τὰ
1447 1016 1560 1070 τῶν
1590 1011 1901 1086 σωφρόνων
1924 1033 1967 1066 10

293 1120 351 1154 τε
391 1099 482 1154 καὶ
523 1095 802 1170 ἀνδρείων
841 1099 931 1154 καὶ
975 1097 1192 1164 πάντως
1233 1094 1466 1169 ἀγαθῶν
1496 1096 1721 1169 ἀνδρῶν
1753 1102 1814 1153 ἔν
1843 1119 1903 1154 τε

293 1186 531 1284 ρ”υθμοῖς
571 1180 819 1254 σχήματα
859 1184 951 1239 καὶ
994 1185 1053 1239 ἐν
1094 1178 1412 1281 ἀρμονίαισι
1452 1184 1588 1254 μέλη
1637 1187 1903 1238 ποιοῦντα

293 1265 480 1338 ὀρθῶς
510 1264 726 1323 ποιεινῖ

420 1349 664 1417 Εἰκότως
695 1351 802 1424 ἄρα
833 1352 920 1410 καὶ
955 1373 1066 1423 παρ
1132 1347 1266 1424 ἡμῖν
1297 1350 1390 1416 τὰς
1419 1348 1528 1407 ὑπὸ
1569 1353 1681 1408 τῶν
1724 1355 1902 1408 θείων

292 1438 594 1508 προφητῶν
632 1438 1002 1508 πεποιημένας
1048 1432 1194 1512 ῶδας
1225 1438 1317 1492 καὶ
1346 1433 1474 1500 τούς
1507 1440 1584 1502 είς
1623 1432 1763 1492 θεὸν
1794 1433 1902 1507 ῧμ-
1926 1453 1966 1487 15

293 1543 428 1584 νους
457 1523 691 1591 μελετᾶν
721 1524 776 1576 οἱ
804 1525 999 1585 παῖδες
1031 1524 1320 1589 ἐθίζονται.

418 1616 542 1665 XXI.
585 1600 615 1621 “
640 1603 782 1671 Τοὺς
812 1602 1037 1677 ποιητὰς
1061 1602 1392 1677 ἀναγκάζετε
1422 1606 1606 1676 λέγειν
1637 1601 1708 1670 ῶς
1740 1601 1769 1660 ὁ
1801 1603 1903 1676 μὲν

291 1684 501 1758 ἀγαθὸς
541 1685 684 1760 ἀνὴρ
723 1690 966 1795 σῶφρων
998 1684 1076 1745 ῶν
1107 1691 1197 1745 καὶ
1231 1694 1441 1754 δίκαιος
1473 1684 1756 1760 εὐδαίμων
1788 1690 1903 1744 ἐστὶ

181 1790 274 1831 (595)
293 1774 384 1828 καὶ
414 1771 704 1844 μακάριος,
740 1772 835 1829 ε’ἀν
866 1796 924 1829 τε
955 1775 1122 1845 μέγας
1154 1775 1246 1831 καὶ
1278 1771 1527 1846 ἰσχυρὸς,
1563 1770 1658 1829 ε’ἀν
1687 1795 1746 1829 τε
1777 1790 1904 1844 σμι-

293 1855 420 1928 κρός
462 1859 554 1912 καὶ
592 1854 836 1928 ἀσθενὴς
866 1881 929 1930 η,
962 1859 1052 1913 καὶ
1086 1857 1183 1915 ἐὰν
1212 1859 1424 1930 πλουτῇ
1454 1857 1544 1912 καὶ
1577 1854 1677 1928 μή
1713 1853 1808 1912 εἀν
1841 1855 1902 1912 δε
1924 1882 1967 1916 20

293 1938 400 2011 ἄρα
430 1943 639 2013 πλουτη
671 1964 774 2013 μεν
805 1939 1023 2013 Κινύρα
1054 1964 1113 1997 τε
1145 1943 1236 1997 καὶ
1272 1945 1434 1998 Μίδα
1476 1943 1712 2013 μαλλον,
1759 1941 1792 2014 ῂ
1840 1940 1901 1997 δε

293 2022 500 2096 ἄδικος,
533 2022 728 2091 ἄθλιός
757 2027 819 2081 τέ
848 2029 961 2082 ἐστι
992 2027 1083 2081 καὶ
1113 2022 1352 2098 ἀνιαρῶς
1385 2028 1458 2099 ζῇ.
1535 2027 1628 2080 καὶ

435 2112 539 2167 οὔτ’
570 2113 633 2167 &iv
659 2119 968 2183 μνησαίμην,

293 2223 466 2293 φησὶν
495 2219 632 2293 ὑμῖν
661 2217 689 2278 ὁ
722 2219 965 2295 ποιητὴς,
1000 2231 1153 2294 εἴπερ
1184 2219 1368 2294 ὀρθῶς
1401 2223 1564 2293 λέγει,

863 2317 983 2379 ὀὔτ’
1016 2328 1067 2378 ἐν
1095 2327 1220 2398 λόγῳ
1246 2324 1404 2392 ἄνδρα
1431 2328 1678 2393 τιθείμην,
1924 2343 1966 2375 25

293 2426 351 2495 ὃς
394 2428 467 2500 μὴ
509 2429 687 2487 πάντα
730 2433 795 2487 τα
847 2431 1116 2504 λεγόμενα
1166 2432 1305 2489 καλὰ
1357 2429 1490 2505 μετὰ
1545 2429 1900 2503 δικαιοσύνης

295 2511 520 2585 πράττοι
551 2515 641 2570 καὶ
672 2517 863 2590 κτῷτο,
895 2518 986 2572 καὶ
1020 2514 1087 2587 δὴ

435 2606 518 2655 καὶ
549 2608 703 2669 δηίων

294 2685 535 2746 τοιοῦτος
568 2677 647 2738 ῶν

738 2753 938 2827 ὀρέγοιτ’
971 2758 1184 2826 ἐγγύθεν
1209 2760 1487 2826 ἱστάμενος·
1920 2789 1962 2821 30

293 2860 484 2929 ἄδικος
526 2863 586 2919 δὲ
627 2860 705 2920 ῶν
745 2862 878 2937 μήτε
917 2863 1133 2940 τολμῴη
1164 2862 1312 2939 ὁρῶν
1351 2862 1526 2936 φόνον
1569 2860 1898 2936 αἱματόεντα
