2014 3146
243 101 314 155 33
927 101 1174 142 EUSEBII

244 217 341 285 τὰς
394 217 553 286 δόξας
601 215 798 281 ταύτας
850 213 1084 282 παλαιὰς
1136 215 1277 273 εἶναι
1326 230 1439 283 τοῖς
1483 212 1652 274 αὐτοῦ
1693 214 1851 274 Πλά-

244 327 416 369 τωνος
449 298 783 377 γράμμασι.”

198 410 220 442 d
374 392 453 444 11.
504 390 689 444 Ταῦτα
729 385 831 457 μὲν
861 380 889 440 ὁ
922 392 1232 450 Πλωτῖνος·
1279 382 1307 441 ὁ
1343 385 1404 441 δὲ
1435 383 1753 458 Νουμήνιος
1783 384 1850 442 τὰ

245 469 544 536 Πλάτωνος
587 466 913 543 πρεσβεύων
965 472 1025 525 ἐν
1072 481 1186 536 τοῖς
1225 470 1371 541 Περὶ
1419 466 1668 541 τάγαθοῦ
1718 467 1850 526 τάδε

243 557 335 611 καὶ
388 552 550 620 αὐτὸς
602 555 726 624 περὶ
779 556 878 611 τοῦ
930 554 1192 626 δευτέρου
1246 558 1426 610 αἰτίου
1478 555 1655 625 λέγων
1703 558 1895 629 διερ-5

243 637 473 711 μηνεύει

370 734 534 783 len.
575 722 732 781 “T6v
783 724 1051 796 μέλλοντα
1105 722 1165 778 δὲ
1218 719 1485 794 συνήσειν
1535 724 1676 780 θεοῦ
1726 723 1852 796 πέρι

244 806 588 882 πρώτου·καὶ
623 809 886 879 δευτέρου
918 799 1018 880 χρὴ
1047 804 1317 880 πρότερον
1344 807 1626 863 διελέσθαι
1651 809 1853 864 ἕκαστα

133 909 223 951 (537)
246 895 306 950 ἐν
343 891 491 959 τάξει
531 894 622 948 καὶ
664 894 723 948 ἐν
756 889 1116 965 εὕθημοσῦνῃ
1156 897 1288 948 τινί·
1350 888 1580 947 κᾶπειτα
1626 891 1853 949 ἐπειδὰν

245 980 381 1050 δοκῇ
425 975 532 1049 ἤδη
580 967 643 1032 εὖ
688 983 859 1048 ἔχειν,
911 973 1031 1032 τότε
1074 976 1164 1031 καὶ
1207 981 1297 1032 δεῖ
1335 977 1629 1049 ἐπιχειρεῖν
1673 981 1852 1034 εἰπεῖν
1874 1000 1914 1031 10

243 1067 510 1134 κοσμίως,
551 1058 728 1127 ἄλλως
773 1061 832 1117 δὲ
871 1058 973 1133 μὴ,
1015 1056 1047 1132 ἢ
1087 1063 1162 1135 τῷ
1203 1066 1571 1134 πρωϊαίτερον
1612 1063 1746 1135 πρὶν
1786 1060 1851 1117 τοὶ

242 1148 432 1219 πρῶτα
463 1146 726 1218 γενέσθαι
757 1143 1047 1221 ἁπτομένῳ
1079 1143 1282 1212 σποδὸς
1322 1144 1669 1218 ὁθησαυρὸς
1699 1150 1853 1216 γίνε-

239 1239 375 1286 σθαι
398 1231 629 1302 λέγεται.
686 1234 734 1285 2.
767 1228 840 1302 μὴ
874 1228 941 1300 δὴ
973 1227 1245 1301 πάθωμεν
1274 1224 1429 1301 ἡμεῖς
1453 1228 1681 1286 ταυτόν·
1713 1229 1853 1286 θεὸν

242 1315 302 1370 δὲ
342 1312 878 1387 προσκαλεσάμενοι,
924 1315 1124 1370 ἑαυτοῦ
1155 1311 1416 1386 γνώμονα
1446 1312 1746 1387 γενόμενον
1775 1317 1851 1390 τῷ

239 1397 404 1474 λόγῳ,
440 1401 613 1466 δεῖξαι
643 1396 934 1472 θησαυρὸν
961 1403 1298 1472 φροντίδων,
1329 1396 1630 1471 ἀρχώμεθα
1655 1396 1845 1464 οὕτως.
1874 1420 1915 1452 15

242 1480 467 1540 εὐκτέον
497 1484 599 1556 μὲν
627 1480 764 1556 ἤδη,
809 1484 1094 1540 διελέσθαι
1126 1483 1187 1538 δὲ
1219 1487 1320 1540 δεῖ.
1384 1487 1432 1540 3.
1466 1480 1494 1538 ὁ
1527 1482 1659 1549 θεὸς
1689 1480 1718 1539 ὁ
1749 1483 1851 1555 μὲν

241 1570 454 1641 πρῶτος
498 1570 558 1623 ἐν
602 1569 780 1644 ἑαυτῷ
823 1565 902 1623 ὤν
943 1569 1091 1623 ἐστιν
1132 1562 1366 1638 ἁπλοῦς,
1421 1564 1512 1623 διὰ
1559 1566 1619 1623 τὸ
1671 1569 1850 1644 ἑαυτῷ

241 1649 640 1723 συγγινόμενος
704 1649 894 1708 διόλου
946 1650 1020 1724 μή
1071 1673 1201 1708 ποτε
1253 1650 1395 1708 εἶναι
1448 1649 1742 1726 διαιρετός·
1819 1650 1848 1708 ὁ

239 1732 371 1800 θεὸς
410 1737 596 1806 μέντοι
634 1734 662 1792 ὁ
706 1734 962 1810 δεύτερος
1003 1737 1094 1792 καὶ
1133 1742 1314 1809 τρίτος
1365 1737 1515 1793 ἐστὶν
1555 1735 1660 1801 εἷς·
1707 1752 1849 1808 συμ-

193 1836 215 1868 b
242 1817 545 1891 φερόμενος
587 1820 646 1876 δε
685 1823 750 1894 τῇ
791 1817 898 1893 ὕλῃ
943 1818 1108 1876 δυαδι
1148 1817 1288 1894 ούσῃ
1347 1821 1469 1877 ἑνοῖ
1512 1845 1613 1893 μεν
1653 1817 1847 1892 αυτὴν,
1872 1843 1912 1875 20

242 1908 476 1975 σχίζεται
519 1903 580 1959 δε
619 1900 715 1960 ὑπ’
760 1903 955 1976 αὐτῆς,
1000 1903 1402 1976 ἐπιθυμητικὸν
1440 1895 1578 1975 ἦθος
1621 1902 1849 1976 ἐχούσης

241 1989 334 2043 καὶ
365 1985 610 2061 ῥεούσης.
670 1992 720 2043 4.
751 1994 827 2063 τῷ
859 1988 961 2045 οὐν
991 1987 1064 2060 μὴ
1096 1987 1238 2045 εἶναι
1269 1987 1404 2061 πρὸς
1435 2011 1508 2044 τω
1539 1991 1747 2065 νοητῷ,
1779 1989 1850 2061 ἡν

130 2093 222 2137 [316]
242 2095 345 2145 γαρ
379 2095 448 2127 αν
478 2070 613 2143 πρὸς
652 2074 856 2148 ἑαυτω,
900 2070 990 2128 δια
1021 2071 1079 2128 τὸ
1111 2071 1213 2143 τὴν
1242 2069 1384 2144 ὕλην
1415 2073 1670 2144 βλέπειν,
1712 2070 1849 2128 ταύ-

241 2179 335 2227 της
375 2154 798 2229 ἐπιμελούμενος
829 2153 1157 2230 ἀπερίοπτος
1193 2158 1394 2212 εαυτοῦ
1415 2162 1639 2227 γίνεται.
1687 2160 1735 2213 5.
1755 2158 1847 2213 καὶ

241 2238 468 2296 ἅπτεται
511 2243 607 2297 τοῦ
648 2244 923 2314 αἰσθητοῦ
964 2243 1056 2297 καὶ
1095 2242 1370 2314 περιέπει,
1420 2238 1612 2313 ἀναγει
1661 2264 1719 2298 τε
1768 2247 1845 2298 ἔτι
1869 2263 1910 2296 25

243 2328 319 2389 εἰς
349 2321 408 2379 τὸ
443 2329 587 2380 ἴδιον
616 2316 755 2395 ἦθος
780 2323 1182 2428 ε’πορεξαμενος
1212 2329 1306 2398 τῆς
1336 2321 1527 2397 ῦλης.”

368 2411 415 2462 6.
450 2409 561 2462 Καὶ
590 2405 723 2479 μεθ’
759 2408 916 2480 ε’τερα
946 2428 1082 2481 φησι

368 2492 479 2546 Καὶ
522 2490 626 2563 γὰρ
667 2489 795 2547 οὔτε
828 2497 1186 2566 δημιουργεῖν
1218 2496 1331 2549 ἐστι
1361 2493 1540 2565 χρεων
1570 2491 1665 2550 τὸν
1695 2496 1848 2565 πρῶ-

241 2597 364 2643 τον,
427 2575 518 2629 καὶ
569 2578 667 2630 τοῦ
722 2579 1189 2647 δημιουργοῦντος
1242 2577 1304 2631 δε
1354 2582 1494 2633 θεοῦ
1546 2575 1649 2648 χρὴ
1703 2576 1847 2632 εἶναι

242 2663 562 2729 νομίζεσθαι
593 2660 799 2729 πατέρα
830 2659 926 2716 τὸν
957 2663 1175 2732 πρῶτον
1205 2657 1356 2715 θεόν.
1436 2665 1480 2715 7.
1517 2665 1568 2715 εί
1602 2683 1704 2731 μεν
1742 2650 1846 2716 οῦν
1868 2681 1910 2715 30

242 2743 367 2815 περὶ
399 2744 498 2798 τοῦ
528 2747 923 2815 δημιουργικοῦ
953 2750 1227 2816 ζητοῖμεν,
1261 2761 1566 2814 φασκοντες
1599 2748 1720 2799 δεῖν
1748 2742 1845 2800 τὸν

241 2824 510 2899 πρότερον
548 2824 894 2900 ὑπάρξαντα,
936 2823 1108 2893 οὕτως
1147 2822 1218 2883 ἂν
1258 2839 1439 2884 ποιεῖν
1470 2834 1615 2900 ἔχειν
1647 2833 1844 2900 διαφε-
