2014 3146
249 115 322 168 24
935 114 1185 156 EUSEBII

251 233 445 304 γέγονε
475 231 596 304 μὲν,
632 228 852 302 ἐφθάρη
886 230 976 300 δὲ,
1008 226 1133 286 οὐδ’
1169 228 1534 302 ἐμεγεθύνετο
1565 230 1685 302 μὲν,
1719 232 1865 302 ἐμει-

253 314 376 388 ώθη
419 318 484 372 δέ
498 331 506 340 ’
578 313 711 371 οὐδὲ
762 307 835 386 μὴ
889 311 1104 385 ἐγένετό
1143 334 1229 368 πω
1271 314 1467 386 πλέον,
1519 310 1554 386 ἢ
1597 320 1859 371 ἔλασσον·

253 401 345 456 καὶ
374 399 477 472 μὲν
511 397 578 470 δὴ
609 396 676 454 τά
716 421 775 454 τε
817 395 956 453 ἄλλα
999 397 1091 452 καὶ
1132 395 1265 452 οὐδὲ
1294 400 1530 464 τοπικῶς
1561 396 1864 470 κινηθήσε-

251 507 355 540 ται.
426 486 473 539 5.
518 480 653 538 οὐδὲ
691 478 795 554 γάρ
837 482 999 553 θέμις
1041 476 1192 556 αὐτῷ
1221 487 1549 553 κινηθῆναι,
1591 478 1723 548 οὐδὲ
1762 483 1863 555 μὲν

253 565 459 637 ὀπίσω,
516 564 651 622 οὐδὲ
693 564 910 638 πρόσω·
994 562 1123 634 οὔτε
1169 561 1286 621 ἅνω
1327 565 1459 621 ποτὲ
1510 563 1637 622 οὔτε
1687 564 1909 622 κάτω·5

140 669 229 710 (526)
254 646 375 707 οὐδ’
415 655 492 716 εἰς
520 647 714 750 δεξιὰ,
758 645 879 706 οὐδ’
919 653 996 714 εἰς
1037 644 1298 723 ἀριστερὰ
1337 647 1712 722 μεταβήσεταί
1736 671 1866 706 ποτε

207 1426 228 1456 b

251 732 311 791 τὸ
342 731 434 790 ὅν
481 731 609 790 ούτε
641 735 768 805 περὶ
798 732 858 789 τὸ
888 735 1057 806 μέσον
1088 753 1219 789 ποτε
1252 734 1453 789 ἑαυτοῦ
1482 731 1862 805 κινηθήσεται,

253 814 392 874 ἀλλὰ
423 820 633 890 μᾶλλον
663 820 755 874 καὶ
789 816 1068 889 ἑστήξεται
1115 818 1206 872 καὶ
1246 814 1450 890 ἀραρός
1489 839 1548 873 τε
1578 819 1672 873 καὶ
1703 815 1864 889 ἑστή-

253 899 347 968 κός
379 906 531 958 ἔσται
562 901 698 958 κατὰ
728 924 901 958 ταυτα
933 906 1059 973 έχον
1089 897 1175 957 άεὶ
1207 903 1301 957 καὶ
1332 898 1646 967 &majam-03?

384 990 429 1041 6.
463 987 576 1043 Καὶ
607 987 727 1057 ἑξῆς
758 982 890 1092 μεθ’
926 988 1085 1055 ε’τερα
1119 987 1357 1057 ἐπιλέγει
1888 1006 1932 1038 ιο

384 1067 686 1126 “Τοσαῦτα
715 1093 817 1142 μεν
847 1069 950 1126 οὑν
980 1093 1072 1141 μοι
1102 1067 1208 1142 πρὸ
1239 1064 1390 1126 ὁδοῦ.
1428 1066 1604 1135 αὐτὸς
1646 1065 1699 1125 δ’
1733 1067 1866 1125 οὐκ-

255 1154 333 1209 έτι
374 1153 919 1226 σχηματισθήσομαι,
965 1149 1086 1209 οὐδ’
1123 1150 1349 1223 άγνοειν
1389 1151 1551 1224 φήσω
1591 1150 1651 1209 τὸ
1691 1150 1866 1225 ὄνομα

252 1242 351 1293 τοῦ
394 1231 711 1309 ἀσωμάτου·
773 1239 865 1293 καὶ
903 1236 1007 1310 γὰρ
1049 1235 1373 1293 κινδυνεύει
1411 1239 1520 1294 νῦν
1557 1234 1664 1308 ἤδη
1704 1234 1867 1308 ἥδιον

255 1319 399 1378 εἶναι
440 1326 619 1378 εἰπεῖν
659 1324 870 1393 μᾶλλον
909 1318 941 1393 ἢ
981 1319 1054 1394 μὴ
1088 1326 1279 1378 εἰπεῖν.
1342 1322 1434 1377 καὶ
1468 1325 1603 1394 δῆτα
1633 1323 1775 1392 λέγω
1806 1319 1866 1376 τὸ

252 1402 428 1477 ὄνομα
459 1401 610 1481 αὐτῷ
635 1404 780 1461 εἶναι
809 1408 971 1461 τοῦτο
995 1403 1055 1460 τὸ
1080 1402 1249 1460 πάλαι
1273 1403 1619 1477 ζητούμενον.
1655 1409 1700 1460 7.
1726 1400 1863 1460 ἄλλα
1887 1425 1933 1459 15

252 1486 326 1561 μὴ
358 1487 641 1560 γελασάτω
672 1512 781 1560 τις,
816 1487 913 1546 ἐὰν
944 1490 1034 1560 φῶ
1063 1491 1162 1544 τοῦ
1193 1485 1486 1560 ἀσωμάτου
1519 1488 1660 1545 εἶναι
1691 1485 1865 1561 ὄνομα

222 1569 452 1647 ,οὐσίαν
483 1574 575 1629 καὶ
606 1570 686 1629 ὅν.
750 1570 784 1644 ἡ
817 1573 878 1629 δὲ
919 1577 1069 1628 αἰτία
1110 1575 1207 1628 τοῦ
1246 1570 1403 1638 ὄντος
1444 1569 1710 1645 ὀνόματός
1754 1575 1867 1629 ἐστι

251 1654 312 1713 τὸ
358 1654 432 1728 μὴ
473 1658 791 1728 γεγονέναι,
844 1657 985 1728 μηδὲ
1034 1654 1464 1729 φθαρήσεσθαι,
1517 1653 1648 1730 μηδ’
1691 1652 1866 1727 ἄλλην

252 1738 389 1813 μήτε
439 1746 663 1812 κίνησιν
711 1745 989 1814 μηδεμίαν
1048 1743 1311 1812 δέχεσθαι
1369 1738 1505 1813 μήτε
1536 1738 1865 1813 ’μεταβολὴν

254 1829 483 1898 κρείττω
523 1821 558 1896 ἢ
601 1823 850 1897 φαύλην·
914 1824 1056 1881 εἶναι
1089 1825 1150 1880 δὲ
1180 1820 1398 1882 ἁπλοῦν
1427 1827 1519 1881 καὶ
1556 1822 1864 1881 ἄναλλοίω-
1885 1847 1933 1879 20

252 1931 378 1979 τον,
423 1910 515 1964 καὶ
547 1912 608 1965 ἐν
642 1911 762 1982 ἰδέα
792 1911 859 1982 τῇ
890 1907 1032 1981 αὐτῇ
1044 1953 1059 1980 ,
1101 1910 1193 1964 καὶ
1234 1906 1368 1981 μήτε
1401 1906 1726 1965 ἐθελούσιον
1758 1911 1863 1975 ἐξί-

255 2001 496 2048 στασθαι
525 1995 620 2063 τῆς
650 1989 976 2063 ταυτότητος
1007 1990 1143 2064 μήθ’
1184 1988 1284 2063 ὑφ’
1325 1994 1516 2066 ἑτέρου
1547 2011 1865 2065 προσαναγ-

255 2072 530 2143 κάζεσθαι.
604 2080 650 2131 8.
695 2082 801 2147 ἔφη
846 2076 907 2131 δὲ
946 2077 1036 2131 καὶ
1074 2071 1102 2131 ὁ
1133 2073 1373 2132 Πλάτων
1405 2079 1466 2132 ἐν
1494 2075 1770 2152 Κρατύλῳ
1799 2075 1866 2132 τὰ

253 2156 497 2232 ὀνόματα
517 2158 775 2232 ὁμοιώσει
795 2163 908 2216 τῶν
928 2157 1267 2232 πραγμάτων
1290 2158 1432 2216 εἶναι
1454 2156 1594 2215 αὐτα
1614 2163 1858 2216 ἐπίθετα.

257 2249 394 2299 ἔστω
426 2244 529 2300 οὐν
559 2245 651 2299 καὶ
685 2241 939 2316 δεδόχθω
974 2243 1117 2300 εἶναι
1146 2241 1206 2300 τὸ
1236 2239 1302 2299 ὂν
1331 2240 1677 2316 άσώματονῗ
1864 2263 1933 2306 ,25

384 2331 431 2382 9.
467 2322 602 2382 Εἶθ’
635 2325 989 2399 ὑποκαταβὰς
1022 2330 1278 2424 ἐπιλέγει

384 2405 503 2466 “Td
533 2433 599 2466 ον
630 2410 788 2466 εἷπον
818 2409 1139 2483 ἀσώματον,
1178 2414 1338 2468 τοῦτο
1372 2411 1433 2467 δε
1465 2411 1607 2468 εἶναι
1641 2409 1701 2467 τὸ
1732 2433 1864 2482 νοη-

253 2492 364 2550 τόν.
434 2515 499 2548 τα
548 2517 649 2565 μεν
699 2517 801 2550 ουν
850 2497 1146 2566 λεχθέντα,
1195 2493 1299 2550 όσα
1338 2492 1709 2567 μνημονεύειν
1749 2496 1870 2549 ἐστί

254 2601 375 2650 μοι,
431 2579 656 2633 τοιαῦτα
701 2581 840 2648 γοῦν
890 2579 974 2648 ὴν.
1046 2575 1142 2634 τὸν
1195 2574 1248 2633 δ’
1294 2580 1646 2649 ἐπιζητοῦντα
1696 2574 1862 2648 λόγον

257 2663 432 2717 ἐθέλω
457 2658 995 2733 παραμυθήσασθαι,
1025 2659 1255 2718 τοσόνδε
1277 2656 1549 2732 ὖπειπων,
1581 2684 1664 2717 οτι
1689 2663 1860 2716 ταῦτα
1884 2683 1930 2714 3ο

254 2757 367 2809 τοῖς
409 2742 643 2816 δόγμασι
681 2758 794 2810 τοῖς
834 2743 1136 2810 Πλάτωνος
1179 2750 1230 2800 εἰ
1263 2742 1337 2817 μὴ
1369 2751 1693 2818 συμβαίνει,
1735 2740 1856 2799 ἀλλ’

256 2830 444 2901 ἑτέρου
475 2824 529 2899 γ’
565 2831 731 2902 ἐχρῆν
762 2835 989 2885 οἰέσθαί
1013 2852 1160 2894 τινος
1193 2826 1398 2903 ἀνδρὸς
1428 2827 1689 2901 μεγάλου,
1721 2829 1862 2900 μέγα
