2014 3146
651 123 865 165 PRAEP.
896 124 1117 167 EVANG.
1150 125 1250 169 xv.
1284 127 1320 168 1.
1665 123 1769 176 337

161 238 544 314 συγγράμματι
576 237 970 314 κατεφώρασα·
1019 236 1110 296 διά
1138 237 1353 297 τούτων
1383 238 1646 298 ἁπάντων
1675 246 1771 313 τῆς

159 324 423 399 ἡμετέρας
452 322 676 397 γνώμης
705 322 765 380 τὸ
795 321 1079 397 κριτήριον
1119 320 1424 381 ἀδέκαστον
1457 323 1769 392 ἐπιδεικνύς
1796 349 1881 391 [461]

159 424 271 476 τοῖς
305 407 765 482 ἐντυγχάνουσιν,
810 413 988 482 ἔργοις
1028 430 1120 480 τε,
1164 406 1236 474 ὡς
1268 413 1396 480 ἔπος
1428 415 1634 480 εἰπεῖν,
1679 411 1769 466 καὶ

161 490 348 560 αὐτοῖς
372 492 654 567 πράγμασι
676 492 774 559 τὰς
797 489 1105 560 ἀποδείξεις
1121 496 1217 549 τοῦ
1241 490 1314 566 μὴ
1329 491 1587 560 ἀσκόπως
1609 490 1770 566 ἡμᾶς,

117 605 137 637 5
162 580 465 655 κεκριμένῳ
500 579 560 635 δὲ
590 579 683 634 καὶ
706 575 954 650 σώφρονι
982 579 1224 653 λογισμῷ
1254 577 1359 648 πρὸ
1381 581 1474 650 τῆς
1491 576 1771 650 Ἑλλήνων

159 661 260 735 τὴν
294 658 567 735 Ἑβραίων
609 660 750 735 ὁμοῦ
789 658 1029 717 παλαιάν
1074 663 1165 718 καὶ
1205 658 1388 734 ἀληθῆ
1431 668 1771 735 φιλοσοφίαν

158 769 216 803 τε
248 745 665 819 καὶ-εὐσέβειαν
697 748 1085 818 ἐπανῃρῆσθαι
1130 744 1571 818 παρασχόμενος·
1619 743 1650 803 ὃ
1680 750 1770 804 καὶ
1797 770 1819 802 d

159 832 396 902 συνέστη
417 830 507 887 διὰ
528 834 622 903 τῆς
649 835 760 886 τῶν
783 827 1120 900 Ἑλληνικῶν
1151 832 1358 902 φωνῶν
1389 832 1767 902 παραθέσεως.

161 919 207 972 7.
240 906 303 988 ἧς
336 916 500 972 εἰσέτι
533 918 698 987 δεῦρο
728 913 824 970 τὸν
852 910 1092 971 ὕστατον
1117 914 1401 987 ἐπέχοντες
1426 913 1608 986 λόγον,
1642 937 1770 973 πεν-

96 1025 136 1056 ιο
157 1001 548 1057 τεκαιδέκατον
578 996 710 1056 ὄντα
742 1002 836 1070 τῆς
870 999 928 1054 ἐν
960 1001 1113 1071 χερσὶ
1137 998 1630 1072 πραγματείας,’τὸ
1663 1007 1769 1057 λεῖ-

159 1105 266 1140 πον
295 1096 408 1150 τοῖς
450 1086 900 1156 διεξωδευμένοις
941 1081 1331 1156 ἀποδώσομεν,
1375 1081 1440 1140 τά
1472 1081 1645 1157 σεμνὰ
1675 1087 1769 1156 τῆς

158 1174 418 1239 γενναίας
458 1174 570 1225 τῶν
601 1166 881 1238 Ἑλλήνων
921 1174 1252 1240 φιλοσοφίας
1294 1175 1373 1225 ἔτι
1413 1171 1502 1224 καὶ
1545 1171 1651 1226 νῦν
1693 1175 1770 1234 εἰς

159 1255 276 1323 φώς
318 1255 598 1325 ἕλκοντες,
641 1250 746 1324 πρὸ
788 1249 1098 1324 ὀφθαλμῶν
1138 1275 1197 1309 τε
1238 1266 1352 1318 τοῖς
1394 1257 1527 1310 πᾶσι
1568 1252 1669 1325 τὴν
1711 1256 1771 1311 ἐν

160 1333 345 1402 αὐτοῖς
376 1333 859 1411 ἀχρηστομάθειαν
902 1334 1383 1410 ἀπογυμνοῦντες,
1425 1339 1514 1393 καὶ
1547 1337 1772 1395 πάντων

96 1447 137 1479 15
160 1445 221 1492 γε
265 1419 536 1495 πρότερον
588 1423 959 1495 παριστῶντες
1000 1419 1082 1478 ὅτι
1127 1415 1200 1495 μὴ
1243 1419 1438 1497 ἀγνοίᾳ
1480 1425 1591 1478 τῶν
1630 1419 1767 1495 παρ’

161 1502 347 1571 αὐτοῖς
387 1507 855 1580 θαυμαζομένων,
909 1502 1172 1580 ὀλιγωρία
1228 1506 1289 1562 δὲ
1341 1511 1435 1578 τῆς
1483 1509 1542 1562 ἐν
1585 1502 1770 1573 αὐτοῖς

158 1589 481 1664 ἀνωφελοῦς
513 1596 741 1665 σχολῆς,
773 1587 969 1661 ἥκιστα
994 1588 1180 1647 αὐτων
1207 1596 1672 1664 πεφροντίκαμεν,
1705 1595 1769 1663 τῆ

159 1698 270 1730 των
310 1673 643 1748 κρειττόνων
684 1672 913 1745 ἀσκήσει
957 1673 1050 1742 τὰς
1085 1678 1299 1732 ἑαυτων
1330 1674 1634 1742 ἀναθέντες
1665 1689 1769 1743 ψυ-

159 1756 270 1859 χάς,
344 1763 390 1815 8.
435 1758 635 1817 τούτου
677 1758 745 1830 δὴ
788 1760 891 1817 οὐν
932 1758 1040 1817 σὺν
1079 1763 1215 1836 θεῷ
1240 1758 1330 1816 διὰ
1369 1763 1462 1831 τῆς
1503 1756 1770 1832 ἀληθείας

96 1870 138 1902 20
160 1839 293 1915 ἡμῖν
327 1846 889 1918 ἐπισφραγισθέντος,
931 1844 996 1900 τὰ
1037 1868 1139 1917 μεν
1168 1847 1263 1915 τῆς
1294 1848 1771 1918 Προπαρασκευῆς

162 1927 408 1984 ἐνταῦθα
448 1953 539 2002 μοι
578 1927 1072 2003 περιγραφήσεται·
1142 1927 1382 2001 μεταβὰς
1431 1929 1491 1985 δὲ
1539 1931 1626 1985 ἐπὶ
1668 1927 1771 2000 τὴν

161 2015 547 2086 ἐντελεστέραν
576 2010 854 2070 ὑπόθεσιν
877 2017 971 2086 τῆς
985 2010 1365 2086 Εὐαγγελικῆς
1388 2011 1767 2084 Ἀποδείξεως,
1786 2034 1878 2075 (970)

160 2094 266 2152 ἀπὸ
298 2102 395 2154 τοῦ
437 2102 721 2164 λείποντος
754 2101 849 2169 τῆς
880 2094 1013 2154 καθ’
1061 2096 1217 2170 ἡμῶν
1247 2103 1576 2170 κατηγορίας
1608 2099 1767 2169 σκέμ-

161 2203 325 2252 ματος
365 2180 466 2253 τὴν
505 2179 783 2254 καταρχὴν
821 2184 916 2252 τῆς
961 2183 1222 2253 δευτέρας
1270 2179 1594 2247 ἐπισυνάψω
1627 2203 1767 2254 πρα-

96 2270 435 2337 ρεγματείας.

288 2353 336 2404 9.
365 2350 463 2407 Ἠν
495 2351 555 2406 δε
596 2352 756 2407 τοῦτο
799 2347 1243 2422 έπιμεμφόμενον
1283 2347 1443 2422 ἡμῖν,
1490 2374 1570 2406 οτι
1604 2349 1672 2422 δὴ
1704 2347 1769 2406 τὰ

154 2428 426 2505 Ἑβραίων
467 2433 623 2506 λόγια
662 2457 776 2491 των
816 2438 1063 2507 πατρίων
1105 2432 1538 2507 προτιμήσαντες
1578 2458 1644 2491 ου
1675 2432 1770 2491 τὸν

160 2513 351 2589 ὅμοιον
402 2522 477 2594 τῷ
513 2517 796 2577 Ἰουδαίων
850 2523 975 2590 βίον
1027 2521 1312 2590 ζηλοῦντες
1371 2518 1765 2591 προειλόμεθα·

162 2599 355 2674 πρὸςὸ
397 2600 531 2674 μετὰ
571 2602 672 2673 τὴν
701 2605 799 2659 τοῦ
841 2600 1109 2676 παρόντος
1154 2601 1320 2675 λόγου
1352 2601 1768 2676 συμπλήρωσιν,

98 2709 139 2741 30
162 2691 302 2743 θεοῦ
341 2689 773 2759 συνεργοῦντος,
818 2685 1127 2758 ἀπαντῆσαι
1169 2685 1513 2760 πειράσομαι.
1597 2685 1768 2759 ταύτῃ

163 2767 266 2842 γάρ
297 2766 534 2844 ἡγοῦμαι
563 2786 675 2837 τοῖς
706 2769 941 2844 πρώτοις
971 2769 1035 2827 τὰ
1069 2769 1301 2844 δεύτερα
1333 2770 1517 2844 ὥσπερ
1548 2770 1646 2843 ὑφ’
1686 2773 1769 2827 ἑνὶ

97 2907 105 2912 .
165 2858 346 2930 δεσμῷ
380 2856 769 2929 συμπλακέντα
814 2861 946 2928 μίαν
977 2853 1076 2929 τὴν
1107 2854 1354 2914 καθόλου
1388 2854 1641 2913 διάνοιαν
1671 2859 1770 2911 τοῦ

248 2962 481 2991 EUSEBIUS
515 2965 566 2994 ῙΪ.
1447 2949 1515 2999 22
