2014 3146
282 132 350 184 93
930 132 1202 195 ‘EUSEBII

409 246 574 306 Πάνυ
605 248 707 320 μὲν
736 239 841 304 οὖν
870 245 1116 305 πιθανὸν
1144 245 1204 304 τό
1232 251 1483 306 τοιοῦτον
1512 251 1625 307 πᾶν
1654 255 1836 307 παντί.

411 339 458 390 3.
496 333 639 405 Φέρε
670 331 759 403 δὴ,
784 330 1074 405 νοήσωμεν
1103 336 1237 404 μίαν
1266 336 1379 390 τῶν
1409 337 1632 392 πολλῶν
1661 333 1887 406 ταύτην,

282 418 383 492 τὴν
413 419 490 493 τῷ
520 419 886 492 κατακλυσμῷ
917 417 1238 489 γενομένην.

421 499 494 559 Τὸ
527 498 690 557 ποῖόν
720 524 773 557 τι
803 502 931 573 περὶ
961 497 1131 573 αὐτῆς
1163 502 1576 573 διανοηθέντες;

403 581 496 652 Ὡς
541 587 598 642 οἱ
641 582 763 642 τότε
812 583 1213 659 περιφυγόντες
1263 583 1365 656 τὴν
1416 585 1644 658 φθορὰν
1692 585 1891 659 σχεδὸν
1934 610 1958 644 5

281 668 459 745 ὄρειοί
483 692 628 736 τινες
659 665 730 726 ἂν
761 669 875 727 εἶεν
904 682 1110 742 νομεῖς,
1158 672 1219 727 ἐν
1249 683 1522 742 κορυφαῖς
1553 691 1661 727 που
1692 670 1893 745 σμικροὶ

283 753 507 828 ζώπυρα
537 757 635 811 τοῦ
665 758 778 812 τῶν
807 752 1129 828 ἀνθρώπων
1160 755 1578 827 διασεσωσμένα
1607 756 1819 827 γένους.

410 837 617 910 Α’ῆλον.

410 926 458 980 4.
511 924 622 980 Καὶ
664 921 732 995 δὴ
779 920 907 988 τούς
947 920 1229 988 τοιούτους
1271 945 1334 995 γε
1381 921 1595 996 ἀνάγκη
1634 945 1743 980 που
1781 926 1894 980 τῶν

283 1006 468 1065 ἄλλων
498 1005 762 1081 ἀπείρους
795 1007 938 1064 εἶναι
968 1009 1177 1080 τεχνῶν
1207 1008 1298 1063 καὶ
1329 1012 1441 1064 τῶν
1473 1010 1533 1064 ἐν
1562 1021 1675 1074 τοῖς
1705 1005 1891 1065 ἄστεσι
1915 1032 1957 1064 10

283 1090 421 1167 πρὸς
451 1090 724 1163 ἀλλήλους
755 1094 1020 1164 μηχανῶν
1052 1099 1130 1157 εἴς
1159 1115 1218 1148 τε
1248 1094 1571 1159 πλεονεξίας
1610 1093 1701 1148 καὶ
1731 1101 1895 1164 φιλο-

172 1197 262 1241 (588)
285 1182 520 1249 νεικίας,
553 1178 646 1233 καὶ
683 1171 861 1233 ὁπόσα
899 1172 1039 1232 ἄλλα
1080 1173 1506 1248 κακουργήματα
1545 1175 1682 1249 πρὸς
1723 1174 1894 1249 ἀλλή-

284 1269 416 1327 λους
457 1263 788 1317 ἐπινοοῦσιν.

412 1342 577 1410 Εἰκὸς
608 1348 760 1416 γοῦν.

414 1433 615 1502 Θῶμεν
661 1427 730 1500 δὴ
770 1428 865 1495 τὰς
907 1432 968 1486 ἐν
1006 1442 1119 1494 τοῖς
1159 1433 1371 1495 πεδίοις
1410 1426 1594 1494 πόλεις
1634 1430 1725 1485 καὶ
1757 1426 1892 1503 πρὸς
1916 1451 1958 1484 15

284 1512 533 1588 θαλάττῃ
565 1511 925 1580 κατοικούσας
966 1510 1145 1586 ἄρδην
1179 1516 1237 1569 ἐν
1267 1516 1342 1589 τῷ
1383 1511 1503 1570 τότε
1548 1511 1729 1590 χρόνῳ
1772 1518 1894 1570 δια-

284 1604 640 1671 φθείρεσθαι.

414 1684 628 1754 Θῶμεν.

418 1763 640 1835 Οὐκοῦν
668 1763 878 1839 ὄργανα
907 1787 966 1822 τε
996 1787 1176 1822 παντα
1206 1763 1587 1838 ἀπόλλυσθαι,
1631 1766 1723 1821 καὶ
1763 1772 1819 1822 εἴ
1841 1790 1893 1822 τι

285 1853 477 1923 τέχνης
508 1843 577 1922 ἦν
609 1848 869 1923 ἐχόμενον
900 1854 1219 1916 σπουδαίως
1262 1846 1568 1950 ευρημένον
1607 1873 1641 1920 η
1681 1856 1893 1906 πολιτι-
1915 1874 1957 1907 20

287 1938 383 2007 κῆς
415 1958 448 2006 η
479 1936 569 1991 καὶ
603 1940 800 2006 σοφίας
830 1931 978 1999 τινὸς
1021 1935 1236 2006 ἑτέρας,
1279 1957 1459 1992 παντα
1501 1941 1684 2007 ἔρρειν
1721 1937 1894 1991 ταῦτα

289 2021 348 2076 ἐν
378 2023 453 2094 τῷ
483 2017 604 2076 τότε
634 2015 815 2094 χρόνῳ
847 2015 1153 2090 φήσομεν.”

413 2107 460 2160 5.
503 2109 616 2160 Καὶ
645 2099 777 2175 μεθ’
812 2100 970 2175 ἕτεροί
1000 2119 1173 2175 φησιν

404 2183 677 2245 “Οὐκοῦν
717 2183 859 2244 οὕτω
903 2186 970 2259 δὴ
1011 2188 1258 2258 λέγωμεν
1289 2191 1436 2258 ἔχειν
1465 2183 1613 2256 τότε,
1653 2182 1742 2242 ὅτε
1774 2188 1894 2257 ἐγέ-

246 2295 266 2326 b
290 2295 413 2329 νετο
445 2270 479 2343 ἡ
511 2270 730 2344 φθορὰ,
773 2270 838 2327 τὰ
879 2271 1006 2344 περὶ
1046 2269 1173 2337 τοὺς
1214 2267 1550 2343 ἀνθρώπους
1581 2267 1890 2342 πράγματα,
1916 2293 1957 2326 25

286 2360 494 2429 μυρίαν
523 2357 627 2427 μέν
656 2379 780 2411 τινα
811 2352 1060 2430 φοβερὰν
1092 2359 1351 2428 ἐρημίαν,
1393 2356 1493 2426 γῆς
1536 2354 1596 2410 δὲ
1634 2351 1892 2426 ἀφθόνου

287 2441 501 2510 πλῆθος
532 2435 845 2510 πάμπολυ.”

415 2527 462 2580 6.
514 2526 697 2580 Ταῦτα
737 2524 829 2578 καὶ
866 2525 1092 2579 τοιαῦτα
1132 2525 1290 2593 ἕτερα
1330 2519 1502 2579 είπῶν
1551 2522 1893 2593 ἐπεξέρχεται

288 2612 446 2679 βίους
477 2610 588 2663 τῶν
628 2604 762 2679 μετὰ
799 2605 896 2663 τὸν
937 2604 1324 2679 κατακλυσμὸν
1363 2603 1714 2676 ἀνθρώπων,
1757 2600 1891 2675 εἷθ’,

289 2689 473 2763 ῶσπερ
500 2693 710 2762 Μωσῆς
740 2689 842 2761 τὴν
863 2695 974 2746 τῶν
1004 2688 1168 2746 πάλαι
1195 2691 1480 2760 θεοφιλῶν
1496 2684 1766 2760 Ἑβραίων
1789 2709 1891 2744 πο-
1913 2711 1957 2746 30

289 2781 499 2831 λιτειάν
531 2772 889 2831 ἐπισυνάπτει
918 2776 986 2847 τῇ
1013 2771 1147 2846 μετὰ
1177 2771 1274 2831 τὸν
1317 2770 1700 2844 κατακλυσμὸν
1741 2766 1890 2843 ὑφη-

288 2857 474 2931 γήσει,
517 2860 607 2914 καὶ
648 2856 676 2914 ὁ
707 2856 946 2915 Πλάτων
984 2856 1183 2930 ὁμοίως
1232 2855 1365 2930 μετὰ
1416 2854 1543 2923 τούς
1583 2861 1739 2926 βίους
1777 2858 1890 2912 τῶν
