2020 3152
285 110 386 162 144
936 106 1181 151 EUSEBH

281 224 481 284 οὐσίαν
519 223 694 299 ἥνπερ
725 222 996 297 τοῦνομα,
1030 221 1060 280 ὃ
1087 224 1154 297 δὴ
1178 222 1378 291 πάντες
1401 223 1587 298 ψυχὴν
1610 242 1887 298 προσαγο-

281 308 542 385 ρεύομεν;

413 398 491 450 13.
545 398 698 466 Φημί
724 416 799 466 γε.
878 397 930 449 εἰ
960 390 1010 449 δ’
1060 398 1173 450 ἔστι
1211 395 1372 450 τοῦτο
1411 390 1584 460 οὕτως
1616 398 1760 466 ἔχον,
1794 383 1884 466 ἆρ’

282 482 360 534 ἔτι
391 481 681 550 ποθοῦμεν
710 475 783 550 μὴ
817 479 1017 544 ἱκανῶς
1051 481 1342 550 δεδεῖχθαι
1379 475 1564 550 ψυχὴν
1593 474 1794 535 ταύτὸν
1823 474 1889 534 ὂν

281 563 374 618 καὶ
414 560 516 634 τὴν
555 560 781 635 πρώτην
819 563 1042 634 γένεσιν
1086 562 1175 618 καὶ
1209 566 1432 633 κίνησιν
1461 564 1574 619 τῶν
1610 585 1670 619 τε
1709 559 1888 619 ὄντων
1931 579 1952 612 5

281 647 373 702 καὶ
414 644 724 718 γεγονότων
775 648 866 702 καὶ
918 647 1197 718 ἐσομένων
1249 647 1339 702 καὶ
1391 643 1616 703 πάντων
1668 637 1739 702 αὖ
1778 649 1890 703 τῶν

284 733 554 788 ἐναντίων
593 729 834 802 τούτοις,
879 728 1071 802 ἐπειδή
1110 754 1172 802 γε
1214 727 1467 803 ἀνεφάνη
1497 732 1801 804 μεταβολῆς
1831 754 1888 787 τε

282 815 374 871 καὶ
406 804 674 886 κινήσεως
705 810 919 887 απάσης
951 820 1100 871 αἰτία
1130 812 1364 884 άπασιν;

415 894 551 971 Οὔκ,
583 896 722 955 ἄλλα
755 897 1064 957 ἱκανώτατα
1110 900 1382 956 δέδεικται
1428 895 1576 972 ψυχὴ
1606 901 1718 955 τῶν
1748 896 1890 955 πάν-

237 1000 259 1034 b
280 1007 392 1040 των
422 981 794 1087 πρεσβυτάτη,
829 985 1096 1056 γενομένη
1127 1006 1191 1055 γε
1223 981 1362 1057 ἀρχὴ
1393 981 1676 1055 κινήσεως.
1912 998 1953 1031 10

412 1071 491 1123 14.
533 1059 645 1169 Ἆρ’
682 1069 786 1125 οὐν
817 1064 918 1140 οὐχ
949 1066 982 1139 ἡ
1016 1065 1086 1124 δι’
1134 1070 1324 1141 έτερον
1356 1071 1416 1124 ἐν
1446 1064 1596 1143 ἄλλῳ
1626 1067 1888 1140 γινομένη

281 1156 514 1225 κίνησις,
548 1149 680 1210 αὐτὸ
715 1152 775 1209 δε
808 1154 867 1209 ἐν
898 1150 1049 1208 αὑτω
1076 1154 1350 1225 μηδέποτε
1375 1153 1692 1225 παρέχουσα
1717 1164 1890 1208 κινεῖ-

282 1246 417 1293 σθαι
456 1237 664 1310 μηδεν,
709 1237 938 1311 δευτέρα
979 1259 1038 1293 τε
1080 1237 1172 1293 καὶ
1213 1231 1437 1293 ὁπόσων
1467 1232 1725 1311 αριθμων
1755 1234 1890 1307 βού-

281 1328 428 1377 λοιτο
475 1317 545 1378 άν
590 1345 670 1388 τις
701 1316 968 1422 αριθμειν
999 1319 1175 1393 αὐτὴν
1215 1317 1544 1393 πολλοστὴν,
1590 1318 1888 1390 τοσούτων,

281 1423 528 1478 σωματος
559 1397 698 1463 οὖσα
727 1403 900 1471 ὅντως
931 1401 1150 1479 αψύχου
1180 1403 1474 1478 μεταβολή.
1912 1421 1951 1454 15

405 1485 628 1562 Ὀρθως.

410 1577 489 1629 15.
535 1570 741 1647 Ὀρθῶς
782 1571 888 1647 ἄρα
929 1575 1022 1630 καὶ
1064 1579 1269 1648 κυρίως
1313 1570 1661 1647 ἀληθέστατά
1706 1595 1765 1629 τε
1797 1573 1889 1629 καὶ

279 1655 583 1714 τελεώτατα
624 1657 900 1730 εἰρηκότες
939 1683 1010 1715 αν
1049 1660 1188 1731 ἠμεν
1241 1657 1427 1731 ψυχὴν
1477 1681 1579 1730 μεν
1618 1658 1891 1731 προτέραν

280 1743 570 1814 γεγονέναι
610 1741 886 1815 σώματος,
929 1739 963 1814 ἢ
994 1740 1095 1815 μὴ,
1129 1762 1286 1816 σωμα
1320 1743 1380 1798 δε
1413 1739 1679 1814 δεύτερόν
1709 1763 1767 1797 τε
1798 1742 1890 1797 καὶ

266 1822 515 1899 ,ὕστερον
545 1831 725 1898 ψυχῆς
759 1823 1035 1900 ἀρχούσης
1068 1823 1376 1900 ἀρχόμενον
1407 1849 1542 1882 κατα
1572 1822 1759 1897 φύσιν.
1909 1840 1952 1873 20

403 1905 775 1980 Ἀληθέστατα
803 1934 905 1983 μεν
935 1933 1051 1966 ουν.

410 1997 490 2050 16.
541 1991 895 2067 Μεμνημεθά
935 2017 997 2094 γε
1039 1992 1148 2065 μὴν
1187 1989 1622 2066 ὁμολογήσαντες
1677 1996 1737 2050 ἐν
1775 2006 1888 2060 τοῖς

281 2074 531 2178 πρόσθεν
590 2076 660 2143 ὡς
713 2084 764 2135 εί
810 2077 958 2151 ψυχὴ
1000 2083 1202 2150 φανείη
1244 2079 1592 2151 πρεσβυτέρα
1640 2094 1887 2150 σωματος

280 2162 439 2234 οὐσα,
473 2163 564 2219 καὶ
595 2186 661 2219 τα
690 2166 870 2236 ψυχῆς
901 2166 1014 2219 τῶν
1044 2166 1142 2219 τοῦ
1167 2160 1413 2235 σώματος
1439 2168 1614 2219 ἔσοιτο
1638 2159 1887 2234 πρεσβύ-

279 2268 423 2320 τερα.
1909 2259 1949 2292 25

408 2329 572 2387 Πάνυ
602 2317 704 2403 μεν
740 2353 859 2387 ουν.

411 2418 490 2469 17.
548 2413 750 2486 Τρόποι
794 2415 855 2471 δε
893 2417 984 2471 καὶ
1031 2411 1144 2487 ἤθη
1190 2415 1281 2471 καὶ
1322 2412 1612 2486 βουλήσεις
1657 2415 1749 2471 καὶ
1793 2421 1887 2471 λο-

280 2498 466 2568 γισμοὶ
506 2499 598 2553 καὶ
643 2496 796 2566 δόξαι
835 2495 1064 2570 ἀληθεῖς
1106 2499 1410 2572 ἐπιμέλειαί
1448 2522 1506 2555 τε
1545 2499 1636 2554 καὶ
1676 2500 1885 2571 μνῆμαι

282 2579 520 2654 πρότερα
560 2579 769 2653 μήκους
814 2580 1083 2654 σωμάτων
1126 2584 1218 2639 καὶ
1258 2580 1496 2648 πλάτους
1538 2583 1628 2638 καὶ
1669 2579 1884 2653 βάθους

281 2665 374 2720 καὶ
415 2662 599 2738 ῥώμης
642 2673 725 2737 εἴη
768 2664 1030 2737 γεγονότα
1085 2662 1182 2738 ἂν,
1237 2674 1391 2739 εἴπερ
1442 2666 1534 2722 καὶ
1584 2662 1731 2738 ψυχὴ
1773 2663 1883 2722 σώ-
1907 2687 1947 2719 30

280 2771 464 2820 ματος.

405 2828 654 2906 Ἀνάγκη.
