2014 3146
252 109 353 162 118
925 110 1174 151 EUSEBII

246 222 369 283 ἀλλ’
406 228 496 284 ἐπὶ
525 227 688 282 πέντε
711 227 804 281 καὶ
829 234 1003 282 εἴκοσι
1026 223 1312 302 καταλόγῳ
1343 224 1635 300 προγόνων
1657 243 1859 298 σεμνυ-

246 313 498 384 νομένων
515 354 528 381 ,
559 307 592 381 ἢ
617 310 708 366 καὶ
732 305 1129 384 ἀναφερόντων
1154 314 1232 375 εἰς
1249 305 1518 383 Ἡρακλέα
1547 309 1644 368 τὸν
1670 307 1858 383 Ἀμφι-

246 394 511 468 τρύωνος,
537 392 711 450 ἀτοπα
735 389 888 469 αὐτῷ
909 400 1305 466 καταφαίνεται
1327 397 1423 466 τῆς
1447 401 1855 468 σμικρολογίας,

246 478 329 536 ὅτι
362 479 423 535 δε
452 475 480 535 ὁ
512 474 609 534 ἀπ’
640 475 1051 550 Ἀμφιτρύωνος
1084 483 1162 544 εἰς
1202 477 1262 535 τὸ
1303 475 1419 535 ἅνω
1451 501 1860 537 πεντεκαιεικο-

247 561 372 630 στὸς
411 566 653 628 τοιοῦτος
694 563 791 635 ἠν,
831 569 922 620 οἵα
952 564 1284 635 συνέβαινεν
1326 561 1475 639 αὐτῷ
1507 562 1673 638 τύχῃ,
1705 559 1853 621 καὶ
1828 588 1856 621 o
1881 585 1902 618 5

246 645 614 719 πεντηκοστὸς
662 644 756 703 ἀπ’
803 645 974 704 αὐτοῦ
1017 653 1179 722 γελᾷ,
1220 643 1287 704 ού
1339 649 1668 720 δυναμένων
1709 653 1862 720 λογί-

247 738 447 800 ζεσθαί
466 755 525 788 τε
549 733 638 788 καὶ
672 729 980 805 χαυνότητα
1004 728 1243 804 ἀνοήτου
1274 734 1452 805 ψυχῆς
1476 729 1857 790 ἀπαλλάττειν.

251 821 333 874 11.
370 819 430 874 ἐν
460 813 631 873 ἅπασι
663 814 732 888 δὴ
773 814 987 883 τούτοις
1017 814 1045 873 ὁ
1078 819 1325 884 τοιοῦτος
1356 812 1466 874 ὑπὸ
1497 819 1609 873 τῶν
1639 820 1862 874 πολλῶν

204 930 223 952 c
247 905 629 973 καταγελᾶται,
661 899 727 957 τὰ
756 901 859 973 μὲν
887 897 1261 974 ὑπερηφάνως
1292 907 1452 974 ἔχων,
1487 899 1559 968 ῶς
1592 906 1763 974 δοκεῖ,
1795 899 1861 958 τά

251 984 304 1042 δ’
343 989 403 1043 ἐν
435 987 600 1042 ποσὶν
631 983 856 1057 ἀγνοῶν
885 1008 944 1042 τε
975 988 1068 1042 καὶ
1101 988 1161 1042 ἐν
1196 984 1444 1052 ἑκάστοις
1475 983 1716 1059 ἀπορῶν.
1884 1008 1924 1040 ιο

373 1068 707 1127 Παντάπασι
748 1069 814 1126 τὰ
853 1068 1154 1143 γιγνόμενα
1195 1072 1404 1142 λέγεις,
1455 1061 1500 1126 ῶ
1542 1068 1856 1171 Σῶκρατες.

379 1159 456 1211 12.
477 1151 643 1212 Ὀταν
676 1155 742 1211 δέ
759 1179 822 1227 γε
844 1153 969 1211 τινὰ
999 1151 1190 1226 αὐτὸς,
1223 1179 1265 1211 ω
1251 1146 1447 1228 φίλε,
1483 1152 1689 1229 ἑλκύση
1724 1151 1861 1226 ἀνω,

226 1242 340 1296 ’καὶ
382 1238 624 1312 ἐθελήσῃ
665 1263 746 1305 τις
788 1235 942 1295 αὐτῶ
982 1242 1212 1311 ἐκβῆναι
1254 1242 1313 1296 ἐκ
1365 1241 1495 1310 τοῦ,
1548 1244 1606 1296 τί
1648 1237 1755 1311 ἐγώ
1799 1257 1862 1296 σε

247 1320 422 1381 ἀδικῶ
465 1348 498 1396 η
540 1321 609 1380 σύ
643 1325 762 1396 ἐμέ;
813 1330 890 1390 εἰς
922 1325 1121 1391 σκέψιν
1161 1347 1234 1380 αυ
1273 1329 1370 1396 τῆς
1413 1322 1770 1395 δικαιοσύνης
1799 1346 1860 1380 τε

247 1410 339 1465 καὶ
370 1408 622 1479 ἀδικίας,
665 1415 725 1465 τί
749 1433 807 1466 τε
840 1407 1104 1481 ἑκάτερον
1138 1406 1333 1466 αὐτοῖν
1373 1410 1464 1465 καὶ
1497 1414 1556 1465 τί
1579 1411 1692 1466 τῶν
1722 1406 1860 1466 πάν-
1884 1429 1926 1463 15

245 1517 359 1551 των
398 1489 432 1565 ἦ
474 1491 734 1565 ἀλλήλων
779 1494 1138 1566 διαφέρετον,
1195 1517 1229 1565 η
1272 1496 1332 1550 ἐκ
1370 1496 1468 1550 τοῦ
1511 1498 1563 1550 εἰ
1600 1490 1863 1565 βασιλεὺς

249 1575 535 1651 εὐδαίμων
574 1580 904 1651 κεκτημένος
944 1602 1003 1636 τε
1043 1603 1114 1635 αυ
1155 1575 1298 1635 πολυ
1339 1583 1599 1652 χρυσίον,
1640 1600 1674 1649 η
1706 1584 1861 1650 βασι-

200 1680 222 1713 d
248 1668 397 1728 λείας
451 1665 576 1736 πέρι
627 1664 720 1719 καὶ
773 1659 1138 1735 ἀνθρωπίνης
1178 1659 1319 1728 ὅλως
1369 1660 1726 1734 εὐδαιμονίας
1770 1664 1863 1718 καὶ

247 1745 574 1818 ἀθλιότητος
606 1749 924 1818 ἐπίσκεψιν,
967 1752 1108 1804 ποίω
1139 1749 1202 1804 τέ
1236 1769 1354 1803 τινε
1396 1744 1555 1803 ἐστὸν
1604 1747 1696 1802 καὶ
1737 1750 1862 1803 τίνα

247 1829 455 1902 τρόπον
485 1827 796 1903 ἀνθρώπου
826 1830 995 1901 φύσει
1026 1829 1309 1939 προσήκει
1321 1827 1381 1887 τὸ
1413 1830 1516 1902 μὲν
1546 1828 1860 1901 κτήσασθαι
1883 1853 1924 1885 20

249 1913 473 1986 αὐτοῖν,
505 1913 565 1971 τό
599 1915 661 1971 δε
690 1913 1030 1988 ἀποφυγεῖν
1075 1917 1203 1988 περὶ
1234 1913 1462 1971 πάντων
1491 1911 1705 1971 τούτων
1728 1911 1862 1971 ὅταν

249 1991 323 2055 αὖ
353 2001 451 2074 δέῃ
483 1998 648 2071 λόγον
681 1998 899 2056 διδόναι
922 1996 1019 2057 τὸν
1043 1996 1276 2073 σμικρὸν
1301 2002 1517 2056 ἐκεῖνον
1545 1997 1647 2070 τὴν
1677 1996 1864 2072 ψυχὴν

141 2102 227 2145 [355]
249 2086 341 2141 καὶ
373 2082 576 2158 δριμυν
606 2085 696 2140 καὶ
723 2083 1037 2156 δικανικὸν,
1070 2082 1239 2140 πάλιν
1263 2075 1335 2140 αὖ
1359 2085 1699 2155 ἀντίστροφα
1723 2081 1863 2139 ἀπο-

250 2173 510 2226 δίδωσιν
569 2171 821 2241 ἰλιγγιῶν
863 2191 922 2225 τε
966 2166 1073 2225 ἀπὸ
1114 2164 1338 2240 ὑψηλοῦ
1387 2169 1721 2241 κρεμασθεὶς
1770 2169 1863 2223 καὶ

248 2255 472 2325 βλέπων
501 2254 771 2326 μετέωρος
803 2250 1029 2310 ἀνωθεν
1069 2250 1179 2310 ὑπὸ
1209 2249 1443 2324 ἀηθείας
1474 2248 1773 2324 ἀδημονῶν
1802 2252 1926 2308 τέ’ἑε»

250 2339 343 2393 καὶ
373 2335 599 2410 ἀπορῶν
629 2339 721 2394 καὶ
745 2343 1098 2412 βαρβαρίζων
1129 2339 1341 2410 γέλωτα
1367 2334 1635 2411 Θρᾴτταις
1659 2336 1763 2409 μὲν
1793 2331 1861 2392 ού

249 2421 496 2494 παρέχει,
527 2418 655 2477 οὐδ’
682 2419 830 2498 ἀλλῳ
855 2419 1174 2498 ἀπαιδεύτῳ
1199 2419 1411 2494 οὐδενὶ,
1437 2417 1504 2478 ού
1529 2419 1633 2494 γάρ
1659 2418 1864 2477 αἰσθά-

249 2528 472 2577 νονται,
503 2517 617 2571 τοῖς
650 2503 702 2562 δ’
742 2508 1005 2571 ἐναντίως
1035 2502 1068 2579 ἢ
1101 2506 1175 2571 ὡς
1206 2503 1581 2604 ἀνδραπόδοις
1603 2518 1862 2577 τραφεῖσι

250 2594 435 2645 πᾶσιν.
514 2592 594 2645 13.
643 2613 801 2656 ουτος
846 2587 913 2663 δὴ
945 2592 1206 2662 ἑκατέρου
1237 2587 1466 2663 τρόπος,
1509 2579 1554 2644 ῶ
1586 2586 1859 2660 Θεόδωρε,

143 2671 279 2734 mom&
311 2697 413 2746 μεν
442 2675 520 2749 τῷ
561 2670 680 2731 ὄντι
713 2675 772 2730 ἐν
805 2675 1101 2748 ἐλευθερία
1140 2697 1198 2730 τε
1229 2675 1321 2730 καὶ
1352 2675 1521 2745 σχολῇ
1551 2673 1859 2745 τεθραμμέ-
1884 2693 1925 2724 30

251 2781 386 2830 νου,
417 2753 483 2813 ὃν
514 2755 583 2829 δὴ
614 2757 924 2830 φιλόσοφον
954 2765 1170 2829 καλεῖς,
1214 2748 1258 2832 ᾦ
1297 2753 1636 2829 ἀνεμέσητον
1667 2751 1862 2827 εύήθει

255 2801 443 2900 δοκέῑν
482 2843 575 2899 καὶ
614 2839 805 2899 οὐδενὶ
846 2841 1016 2914 εἰναι,
1070 2839 1205 2898 όταν
1252 2845 1330 2907 εἰς
1371 2837 1602 2897 δουλικά
1653 2840 1860 2913 ἐμπέσῃ
