<?xml version="1.0" encoding="UTF-8"?>
<!DOCTYPE html PUBLIC "-//W3C//DTD XHTML 1.0 Transitional//EN"
    "http://www.w3.org/TR/xhtml1/DTD/xhtml1-transitional.dtd">
<html xmlns="http://www.w3.org/1999/xhtml" xml:lang="en" lang="en">
 <head>
  <title>
</title>
<meta http-equiv="Content-Type" content="text/html;charset=utf-8" />
  <meta name='ocr-system' content='tesseract 3.04.00' />
  <meta name='ocr-capabilities' content='ocr_page ocr_carea ocr_par ocr_line ocrx_word'/>
</head>
<body>
  <div class='ocr_page' id='page_1' title='image "./operaeusebius02euseuoft_0344.png"; bbox 0 0 2014 3146; ppageno 0'>
   <div class='ocr_carea' id='block_1_1' title="bbox 235 265 255 297">
    <p class='ocr_par' dir='ltr' id='par_1_1' title="bbox 235 265 255 297">
     <span class='ocr_line' id='line_1_1' title="bbox 235 265 255 297; baseline 0 0"><span class='ocrx_word' id='word_1_1' title='bbox 235 265 255 297; x_wconf 90' lang='lat' dir='ltr'>b</span> 
     </span>
    </p>
   </div>
   <div class='ocr_carea' id='block_1_2' title="bbox 229 1956 249 1986">
    <p class='ocr_par' dir='ltr' id='par_1_2' title="bbox 229 1956 249 1986">
     <span class='ocr_line' id='line_1_2' title="bbox 229 1956 249 1986; baseline -0.05 0"><span class='ocrx_word' id='word_1_2' title='bbox 229 1956 249 1986; x_wconf 71' lang='lat'><em>&lt;1</em></span> 
     </span>
    </p>
   </div>
   <div class='ocr_carea' id='block_1_3' title="bbox 279 122 1201 176">
    <p class='ocr_par' dir='ltr' id='par_1_3' title="bbox 279 122 1201 176">
     <span class='ocr_line' id='line_1_3' title="bbox 279 122 1201 176; baseline -0.015 0"><span class='ocrx_word' id='word_1_3' title='bbox 279 123 382 176; x_wconf 79' lang='lat'><em>338</em></span> <span class='ocrx_word' id='word_1_4' title='bbox 954 122 1201 165; x_wconf 80' lang='lat' dir='ltr'>EUSEBH</span> 
     </span>
    </p>
   </div>
   <div class='ocr_carea' id='block_1_4' title="bbox 271 235 1950 2929">
    <p class='ocr_par' dir='ltr' id='par_1_4' title="bbox 273 235 1950 2929">
     <span class='ocr_line' id='line_1_4' title="bbox 282 235 1885 314; baseline -0.001 -15"><span class='ocrx_word' id='word_1_5' title='bbox 282 240 483 306; x_wconf 81' lang='grc' dir='ltr'><em>παντὸς</em></span> <span class='ocrx_word' id='word_1_6' title='bbox 529 236 879 296; x_wconf 77' lang='grc' dir='ltr'><em>άποτελέσειυ</em></span> <span class='ocrx_word' id='word_1_7' title='bbox 926 235 1108 310; x_wconf 82' lang='grc' dir='ltr'><strong><em>λόγου.</em></strong></span> <span class='ocrx_word' id='word_1_8' title='bbox 1190 242 1269 294; x_wconf 89' lang='grc'><em>10.</em></span> <span class='ocrx_word' id='word_1_9' title='bbox 1313 236 1375 294; x_wconf 89' lang='grc' dir='ltr'><em>τό</em></span> <span class='ocrx_word' id='word_1_10' title='bbox 1425 262 1488 311; x_wconf 90' lang='grc' dir='ltr'><em>γε</em></span> <span class='ocrx_word' id='word_1_11' title='bbox 1528 237 1638 312; x_wconf 83' lang='grc' dir='ltr'><em>μὴν</em></span> <span class='ocrx_word' id='word_1_12' title='bbox 1686 237 1885 314; x_wconf 83' lang='grc' dir='ltr'><em>παρὸν,</em></span> 
     </span>
     <span class='ocr_line' id='line_1_5' title="bbox 283 320 1882 397; baseline 0 -15"><span class='ocrx_word' id='word_1_13' title='bbox 283 322 470 397; x_wconf 82' lang='grc' dir='ltr'><em>ἐπειδὴ</em></span> <span class='ocrx_word' id='word_1_14' title='bbox 501 324 751 395; x_wconf 82' lang='grc' dir='ltr'><em>πέφηνεν</em></span> <span class='ocrx_word' id='word_1_15' title='bbox 783 326 843 379; x_wconf 86' lang='grc' dir='ltr'><em>ἐν</em></span> <span class='ocrx_word' id='word_1_16' title='bbox 873 335 986 389; x_wconf 75' lang='grc' dir='ltr'><em>τοῖς</em></span> <span class='ocrx_word' id='word_1_17' title='bbox 1031 320 1136 395; x_wconf 86' lang='grc' dir='ltr'><em>πρὸ</em></span> <span class='ocrx_word' id='word_1_18' title='bbox 1167 320 1365 379; x_wconf 82' lang='grc' dir='ltr'><em>τούτου</em></span> <span class='ocrx_word' id='word_1_19' title='bbox 1396 321 1819 397; x_wconf 76' lang='grc' dir='ltr'><em>συγγράμμασιν</em></span> <span class='ocrx_word' id='word_1_20' title='bbox 1848 323 1882 397; x_wconf 85' lang='grc' dir='ltr'>ἡ</span> 
     </span>
     <span class='ocr_line' id='line_1_6' title="bbox 281 403 1886 482; baseline 0 -16"><span class='ocrx_word' id='word_1_21' title='bbox 281 408 414 466; x_wconf 75' lang='grc' dir='ltr'><em>κατα</em></span> <span class='ocrx_word' id='word_1_22' title='bbox 442 406 711 465; x_wconf 88' lang='grc' dir='ltr'><em>Πλάτωνα</em></span> <span class='ocrx_word' id='word_1_23' title='bbox 733 412 1026 479; x_wconf 88' lang='grc' dir='ltr'><em>φιλισοφία</em></span> <span class='ocrx_word' id='word_1_24' title='bbox 1048 407 1167 463; x_wconf 75' lang='grc' dir='ltr'><em>τοτὲ</em></span> <span class='ocrx_word' id='word_1_25' title='bbox 1197 407 1298 479; x_wconf 75' lang='grc' dir='ltr'><em>μὲν</em></span> <span class='ocrx_word' id='word_1_26' title='bbox 1322 403 1718 482; x_wconf 82' lang='grc' dir='ltr'><em>τοῑςἙβραίων</em></span> <span class='ocrx_word' id='word_1_27' title='bbox 1748 426 1886 482; x_wconf 82' lang='grc' dir='ltr'><em>συμ-</em></span> 
     </span>
     <span class='ocr_line' id='line_1_7' title="bbox 279 489 1885 566; baseline 0 -15"><span class='ocrx_word' id='word_1_28' title='bbox 279 495 544 566; x_wconf 77' lang='grc' dir='ltr'><em>φωνοῦσα</em></span> <span class='ocrx_word' id='word_1_29' title='bbox 575 490 787 563; x_wconf 78' lang='grc' dir='ltr'><em>λόγοις,</em></span> <span class='ocrx_word' id='word_1_30' title='bbox 828 491 947 548; x_wconf 75' lang='grc' dir='ltr'><em>τοτὲ</em></span> <span class='ocrx_word' id='word_1_31' title='bbox 979 491 1038 548; x_wconf 75' lang='grc' dir='ltr'><em>δὲ</em></span> <span class='ocrx_word' id='word_1_32' title='bbox 1069 489 1205 565; x_wconf 79' lang='grc' dir='ltr'><em>πρὸς</em></span> <span class='ocrx_word' id='word_1_33' title='bbox 1246 489 1450 557; x_wconf 75' lang='grc' dir='ltr'><em>αὐτούς</em></span> <span class='ocrx_word' id='word_1_34' title='bbox 1483 494 1781 565; x_wconf 73' lang='grc' dir='ltr'><em>διεστῶσα,</em></span> <span class='ocrx_word' id='word_1_35' title='bbox 1824 497 1885 552; x_wconf 85' lang='grc' dir='ltr'><em>ἐν</em></span> 
     </span>
     <span class='ocr_line' id='line_1_8' title="bbox 279 571 1930 650; baseline -0.001 -15"><span class='ocrx_word' id='word_1_36' title='bbox 279 576 359 644; x_wconf 83' lang='grc' dir='ltr'><em>οἷς</em></span> <span class='ocrx_word' id='word_1_37' title='bbox 393 575 708 650; x_wconf 84' lang='grc' dir='ltr'><em>ἐλήλεγκται</em></span> <span class='ocrx_word' id='word_1_38' title='bbox 747 578 838 632; x_wconf 89' lang='grc' dir='ltr'><em>καὶ</em></span> <span class='ocrx_word' id='word_1_39' title='bbox 879 573 1013 648; x_wconf 86' lang='grc' dir='ltr'><em>πρὸς</em></span> <span class='ocrx_word' id='word_1_40' title='bbox 1051 575 1116 632; x_wconf 81' lang='grc' dir='ltr'><em>τὰ</em></span> <span class='ocrx_word' id='word_1_41' title='bbox 1156 573 1295 650; x_wconf 78' lang='grc' dir='ltr'><em>αὐτῇ</em></span> <span class='ocrx_word' id='word_1_42' title='bbox 1334 571 1637 650; x_wconf 70' lang='grc' dir='ltr'><em>ἀρέσκοντα</em></span> <span class='ocrx_word' id='word_1_43' title='bbox 1678 581 1883 649; x_wconf 89' lang='grc' dir='ltr'><em>διαφω-</em></span> <span class='ocrx_word' id='word_1_44' title='bbox 1907 601 1930 634; x_wconf 85' lang='lat'>5</span> 
     </span>
     <span class='ocr_line' id='line_1_9' title="bbox 281 658 1891 732; baseline -0.001 -12"><span class='ocrx_word' id='word_1_45' title='bbox 281 666 481 720; x_wconf 75' lang='grc' dir='ltr'><em>νοῦσα·</em></span> <span class='ocrx_word' id='word_1_46' title='bbox 533 659 598 718; x_wconf 77' lang='grc' dir='ltr'><em>τα</em></span> <span class='ocrx_word' id='word_1_47' title='bbox 642 661 703 717; x_wconf 76' lang='grc' dir='ltr'><em>δὲ</em></span> <span class='ocrx_word' id='word_1_48' title='bbox 743 658 878 717; x_wconf 78' lang='grc' dir='ltr'><em>κατα</em></span> <span class='ocrx_word' id='word_1_49' title='bbox 919 658 1046 726; x_wconf 78' lang='grc' dir='ltr'><em>τούς</em></span> <span class='ocrx_word' id='word_1_50' title='bbox 1085 659 1285 725; x_wconf 74' lang='grc' dir='ltr'><em>ἄλλους</em></span> <span class='ocrx_word' id='word_1_51' title='bbox 1325 659 1452 726; x_wconf 82' lang='grc' dir='ltr'><em>τοὺς</em></span> <span class='ocrx_word' id='word_1_52' title='bbox 1497 659 1565 732; x_wconf 87' lang='grc' dir='ltr'><em>δὴ</em></span> <span class='ocrx_word' id='word_1_53' title='bbox 1615 660 1891 732; x_wconf 83' lang='grc' dir='ltr'><em>φυσικοὺς</em></span> 
     </span>
     <span class='ocr_line' id='line_1_10' title="bbox 281 742 1887 819; baseline -0.001 -15"><span class='ocrx_word' id='word_1_54' title='bbox 281 747 679 819; x_wconf 84' lang='grc' dir='ltr'><em>ἐπικληθέντας</em></span> <span class='ocrx_word' id='word_1_55' title='bbox 711 742 1080 817; x_wconf 79' lang='grc' dir='ltr'><em>φιλοσόφους,</em></span> <span class='ocrx_word' id='word_1_56' title='bbox 1123 743 1188 800; x_wconf 89' lang='grc' dir='ltr'><em>τά</em></span> <span class='ocrx_word' id='word_1_57' title='bbox 1219 768 1277 801; x_wconf 88' lang='grc' dir='ltr'><em>τε</em></span> <span class='ocrx_word' id='word_1_58' title='bbox 1305 748 1399 816; x_wconf 80' lang='grc' dir='ltr'><em>τῆς</em></span> <span class='ocrx_word' id='word_1_59' title='bbox 1433 743 1730 811; x_wconf 85' lang='grc' dir='ltr'><em>Πλάτωνος</em></span> <span class='ocrx_word' id='word_1_60' title='bbox 1763 751 1887 802; x_wconf 87' lang='grc' dir='ltr'><em>δια-</em></span> 
     </span>
     <span class='ocr_line' id='line_1_11' title="bbox 281 827 1888 904; baseline -0.001 -16"><span class='ocrx_word' id='word_1_61' title='bbox 281 834 478 904; x_wconf 81' lang='grc' dir='ltr'><em>δοχῆς,</em></span> <span class='ocrx_word' id='word_1_62' title='bbox 511 831 601 887; x_wconf 87' lang='grc' dir='ltr'><em>καὶ</em></span> <span class='ocrx_word' id='word_1_63' title='bbox 643 854 709 887; x_wconf 91' lang='grc' dir='ltr'><em>τα</em></span> <span class='ocrx_word' id='word_1_64' title='bbox 750 853 887 886; x_wconf 90' lang='grc' dir='ltr'><em>κατα</em></span> <span class='ocrx_word' id='word_1_65' title='bbox 927 827 1258 901; x_wconf 80' lang='grc' dir='ltr'><em>Ξενοφάνην</em></span> <span class='ocrx_word' id='word_1_66' title='bbox 1299 851 1356 885; x_wconf 89' lang='grc' dir='ltr'><em>τε</em></span> <span class='ocrx_word' id='word_1_67' title='bbox 1398 830 1489 885; x_wconf 86' lang='grc' dir='ltr'><em>καὶ</em></span> <span class='ocrx_word' id='word_1_68' title='bbox 1522 834 1888 903; x_wconf 80' lang='grc' dir='ltr'><em>Παρμενίδην</em></span> 
     </span>
     <span class='ocr_line' id='line_1_12' title="bbox 279 911 1886 989; baseline -0.001 -16"><span class='ocrx_word' id='word_1_69' title='bbox 279 919 370 973; x_wconf 85' lang='grc' dir='ltr'><em>καὶ</em></span> <span class='ocrx_word' id='word_1_70' title='bbox 405 922 482 972; x_wconf 81' lang='grc' dir='ltr'><em>ἔτι</em></span> <span class='ocrx_word' id='word_1_71' title='bbox 503 912 787 989; x_wconf 84' lang='grc' dir='ltr'><em>Πύρρωνα</em></span> <span class='ocrx_word' id='word_1_72' title='bbox 815 915 906 970; x_wconf 88' lang='grc' dir='ltr'><em>καὶ</em></span> <span class='ocrx_word' id='word_1_73' title='bbox 937 937 1063 980; x_wconf 90' lang='grc' dir='ltr'><em>τους</em></span> <span class='ocrx_word' id='word_1_74' title='bbox 1087 911 1187 986; x_wconf 84' lang='grc' dir='ltr'><em>τὴν</em></span> <span class='ocrx_word' id='word_1_75' title='bbox 1221 911 1423 986; x_wconf 84' lang='grc' dir='ltr'><em>ἐποχὴν</em></span> <span class='ocrx_word' id='word_1_76' title='bbox 1455 916 1886 987; x_wconf 81' lang='grc' dir='ltr'><em>εἰσηγουμένους</em></span> 
     </span>
     <span class='ocr_line' id='line_1_13' title="bbox 278 996 1950 1072; baseline -0.002 -14"><span class='ocrx_word' id='word_1_77' title='bbox 278 999 403 1067; x_wconf 87' lang='grc' dir='ltr'><em>τούς</em></span> <span class='ocrx_word' id='word_1_78' title='bbox 434 1024 492 1057; x_wconf 87' lang='grc' dir='ltr'><em>τε</em></span> <span class='ocrx_word' id='word_1_79' title='bbox 530 997 731 1065; x_wconf 89' lang='grc' dir='ltr'><em>άλλους</em></span> <span class='ocrx_word' id='word_1_80' title='bbox 774 1001 895 1070; x_wconf 81' lang='grc' dir='ltr'><em>ἑξῆς</em></span> <span class='ocrx_word' id='word_1_81' title='bbox 937 996 1209 1070; x_wconf 77' lang='grc' dir='ltr'><em>ἅπαντας,</em></span> <span class='ocrx_word' id='word_1_82' title='bbox 1254 999 1332 1054; x_wconf 88' lang='grc' dir='ltr'><em>ῶν</em></span> <span class='ocrx_word' id='word_1_83' title='bbox 1369 1021 1464 1063; x_wconf 92' lang='grc' dir='ltr'><em>τας</em></span> <span class='ocrx_word' id='word_1_84' title='bbox 1497 996 1657 1066; x_wconf 82' lang='grc' dir='ltr'><em>δόξας</em></span> <span class='ocrx_word' id='word_1_85' title='bbox 1687 996 1716 1055; x_wconf 83' lang='grc' dir='ltr'><em>ὃ</em></span> <span class='ocrx_word' id='word_1_86' title='bbox 1747 1020 1885 1072; x_wconf 88' lang='grc' dir='ltr'><em>προ-</em></span> <span class='ocrx_word' id='word_1_87' title='bbox 1912 1022 1950 1054; x_wconf 85' lang='grc' dir='ltr'><em>ιο</em></span> 
     </span>
     <span class='ocr_line' id='line_1_14' title="bbox 279 1081 1885 1157; baseline -0.001 -15"><span class='ocrx_word' id='word_1_88' title='bbox 279 1082 468 1157; x_wconf 79' lang='grc' dir='ltr'><em>λαβών</em></span> <span class='ocrx_word' id='word_1_89' title='bbox 499 1082 769 1156; x_wconf 80' lang='grc' dir='ltr'><em>ἀπήλεγξε</em></span> <span class='ocrx_word' id='word_1_90' title='bbox 799 1081 985 1155; x_wconf 81' lang='grc' dir='ltr'><em>λόγος,</em></span> <span class='ocrx_word' id='word_1_91' title='bbox 1030 1096 1143 1149; x_wconf 79' lang='grc' dir='ltr'><em>τοῖς</em></span> <span class='ocrx_word' id='word_1_92' title='bbox 1167 1081 1439 1155; x_wconf 86' lang='grc' dir='ltr'><em>Εβραίων</em></span> <span class='ocrx_word' id='word_1_93' title='bbox 1479 1081 1621 1156; x_wconf 87' lang='grc' dir='ltr'><em>ὁμου</em></span> <span class='ocrx_word' id='word_1_94' title='bbox 1651 1083 1741 1138; x_wconf 86' lang='grc' dir='ltr'><em>καὶ</em></span> <span class='ocrx_word' id='word_1_95' title='bbox 1772 1097 1885 1149; x_wconf 86' lang='grc' dir='ltr'><em>τοις</em></span> 
     </span>
     <span class='ocr_line' id='line_1_15' title="bbox 278 1165 1886 1241; baseline -0.002 -15"><span class='ocrx_word' id='word_1_96' title='bbox 278 1168 578 1235; x_wconf 85' lang='grc' dir='ltr'><em>Πλάτωνος</em></span> <span class='ocrx_word' id='word_1_97' title='bbox 630 1166 901 1240; x_wconf 88' lang='grc' dir='ltr'><em>δόγμασιν</em></span> <span class='ocrx_word' id='word_1_98' title='bbox 951 1165 1097 1239; x_wconf 78' lang='grc' dir='ltr'><em>αὐτῇ</em></span> <span class='ocrx_word' id='word_1_99' title='bbox 1144 1189 1202 1223; x_wconf 88' lang='grc' dir='ltr'><em>τε</em></span> <span class='ocrx_word' id='word_1_100' title='bbox 1251 1165 1487 1241; x_wconf 80' lang='grc' dir='ltr'><em>ἀληθείᾳ</em></span> <span class='ocrx_word' id='word_1_101' title='bbox 1539 1169 1591 1234; x_wconf 82' lang='grc' dir='ltr'><em>ἐξ</em></span> <span class='ocrx_word' id='word_1_102' title='bbox 1636 1169 1886 1232; x_wconf 85' lang='grc' dir='ltr'><em>ἐναντίας</em></span> 
     </span>
     <span class='ocr_line' id='line_1_16' title="bbox 281 1249 1888 1326; baseline -0.002 -16"><span class='ocrx_word' id='word_1_103' title='bbox 281 1252 574 1326; x_wconf 74' lang='grc' dir='ltr'><em>ἱστάμενα,</em></span> <span class='ocrx_word' id='word_1_104' title='bbox 615 1250 682 1309; x_wconf 84' lang='grc' dir='ltr'><em>οὐ</em></span> <span class='ocrx_word' id='word_1_105' title='bbox 724 1251 834 1325; x_wconf 83' lang='grc' dir='ltr'><em>μὴν</em></span> <span class='ocrx_word' id='word_1_106' title='bbox 872 1249 1009 1307; x_wconf 73' lang='grc' dir='ltr'><em>ἀλλὰ</em></span> <span class='ocrx_word' id='word_1_107' title='bbox 1050 1253 1142 1308; x_wconf 86' lang='grc' dir='ltr'><em>καὶ</em></span> <span class='ocrx_word' id='word_1_108' title='bbox 1182 1249 1276 1308; x_wconf 85' lang='grc' dir='ltr'><em>τὸν</em></span> <span class='ocrx_word' id='word_1_109' title='bbox 1319 1257 1542 1324; x_wconf 81' lang='grc' dir='ltr'><em>ἔλεγχον</em></span> <span class='ocrx_word' id='word_1_110' title='bbox 1581 1264 1694 1318; x_wconf 80' lang='grc' dir='ltr'><em>τοῖς</em></span> <span class='ocrx_word' id='word_1_111' title='bbox 1725 1254 1888 1324; x_wconf 85' lang='grc' dir='ltr'><em>σφῶν</em></span> 
     </span>
     <span class='ocr_line' id='line_1_17' title="bbox 279 1333 1883 1409; baseline -0.002 -14"><span class='ocrx_word' id='word_1_112' title='bbox 279 1336 464 1396; x_wconf 78' lang='grc' dir='ltr'><em>αὐτῶν</em></span> <span class='ocrx_word' id='word_1_113' title='bbox 495 1340 715 1409; x_wconf 84' lang='grc' dir='ltr'><em>βέλεσιν</em></span> <span class='ocrx_word' id='word_1_114' title='bbox 745 1338 1180 1409; x_wconf 80' lang='grc' dir='ltr'><em>ἀπενηνεγμένα.</em></span> <span class='ocrx_word' id='word_1_115' title='bbox 1255 1340 1334 1392; x_wconf 92' lang='grc'><em>11.</em></span> <span class='ocrx_word' id='word_1_116' title='bbox 1371 1334 1485 1408; x_wconf 84' lang='grc' dir='ltr'><em>ῶρα</em></span> <span class='ocrx_word' id='word_1_117' title='bbox 1525 1338 1616 1393; x_wconf 85' lang='grc' dir='ltr'><em>καὶ</em></span> <span class='ocrx_word' id='word_1_118' title='bbox 1655 1334 1752 1392; x_wconf 88' lang='grc' dir='ltr'><em>τὸν</em></span> <span class='ocrx_word' id='word_1_119' title='bbox 1791 1333 1883 1391; x_wconf 72' lang='grc' dir='ltr'><em>ἅλ-</em></span> 
     </span>
     <span class='ocr_line' id='line_1_18' title="bbox 278 1417 1950 1493; baseline -0.002 -13"><span class='ocrx_word' id='word_1_120' title='bbox 278 1431 376 1480; x_wconf 92' lang='grc' dir='ltr'><em>λον</em></span> <span class='ocrx_word' id='word_1_121' title='bbox 415 1425 594 1493; x_wconf 79' lang='grc' dir='ltr'><em>τῦφον</em></span> <span class='ocrx_word' id='word_1_122' title='bbox 632 1424 744 1478; x_wconf 88' lang='grc' dir='ltr'><em>τῶν</em></span> <span class='ocrx_word' id='word_1_123' title='bbox 784 1417 881 1477; x_wconf 84' lang='grc' dir='ltr'><em>ἀπ’</em></span> <span class='ocrx_word' id='word_1_124' title='bbox 919 1418 1325 1492; x_wconf 83' lang='grc' dir='ltr'><em>Ἀριστοτέλους</em></span> <span class='ocrx_word' id='word_1_125' title='bbox 1367 1423 1478 1477; x_wconf 86' lang='grc' dir='ltr'><em>τῶν</em></span> <span class='ocrx_word' id='word_1_126' title='bbox 1517 1443 1576 1477; x_wconf 83' lang='grc' dir='ltr'><em>τε</em></span> <span class='ocrx_word' id='word_1_127' title='bbox 1614 1424 1883 1477; x_wconf 80' lang='grc' dir='ltr'><em>Στωϊκῶν</em></span> <span class='ocrx_word' id='word_1_128' title='bbox 1907 1442 1950 1476; x_wconf 87' lang='lat'><em>15</em></span> 
     </span>
     <span class='ocr_line' id='line_1_19' title="bbox 277 1502 1885 1579; baseline -0.002 -15"><span class='ocrx_word' id='word_1_129' title='bbox 277 1505 600 1579; x_wconf 87' lang='grc' dir='ltr'><em>φιλοσόφων</em></span> <span class='ocrx_word' id='word_1_130' title='bbox 630 1502 854 1563; x_wconf 73' lang='grc' dir='ltr'><em>ἄνωθεν</em></span> <span class='ocrx_word' id='word_1_131' title='bbox 886 1503 958 1570; x_wconf 87' lang='grc' dir='ltr'><em>ῶς</em></span> <span class='ocrx_word' id='word_1_132' title='bbox 989 1503 1096 1562; x_wconf 80' lang='grc' dir='ltr'><em>άπὸ</em></span> <span class='ocrx_word' id='word_1_133' title='bbox 1139 1507 1344 1577; x_wconf 83' lang='grc' dir='ltr'><em>σκηνῆς</em></span> <span class='ocrx_word' id='word_1_134' title='bbox 1375 1507 1770 1575; x_wconf 62' lang='grc' dir='ltr'><em>κατοπτεῦσαι,</em></span> <span class='ocrx_word' id='word_1_135' title='bbox 1793 1507 1885 1560; x_wconf 85' lang='grc' dir='ltr'><em>καὶ</em></span> 
     </span>
     <span class='ocr_line' id='line_1_20' title="bbox 278 1584 1885 1664; baseline -0.002 -16"><span class='ocrx_word' id='word_1_136' title='bbox 278 1590 377 1664; x_wconf 80' lang='grc' dir='ltr'><em>τὴν</em></span> <span class='ocrx_word' id='word_1_137' title='bbox 430 1588 628 1663; x_wconf 83' lang='grc' dir='ltr'><em>λοιπὴν</em></span> <span class='ocrx_word' id='word_1_138' title='bbox 672 1591 733 1647; x_wconf 76' lang='grc' dir='ltr'><em>δὲ</em></span> <span class='ocrx_word' id='word_1_139' title='bbox 773 1594 958 1647; x_wconf 81' lang='grc' dir='ltr'><em>πᾶσαν</em></span> <span class='ocrx_word' id='word_1_140' title='bbox 997 1595 1366 1661; x_wconf 76' lang='grc' dir='ltr'><em>φυσιολογίαν</em></span> <span class='ocrx_word' id='word_1_141' title='bbox 1415 1593 1527 1646; x_wconf 88' lang='grc' dir='ltr'><em>τῶν</em></span> <span class='ocrx_word' id='word_1_142' title='bbox 1575 1588 1675 1656; x_wconf 48' lang='grc' dir='ltr'><em>τὰς,</em></span> <span class='ocrx_word' id='word_1_143' title='bbox 1709 1584 1885 1662; x_wconf 77' lang='grc' dir='ltr'><em>ὀφρῦς</em></span> 
     </span>
     <span class='ocr_line' id='line_1_21' title="bbox 278 1670 1885 1748; baseline -0.002 -15"><span class='ocrx_word' id='word_1_144' title='bbox 278 1673 720 1748; x_wconf 81' lang='grc' dir='ltr'><em>άνατεινομένων</em></span> <span class='ocrx_word' id='word_1_145' title='bbox 742 1679 1014 1746; x_wconf 78' lang='grc' dir='ltr'><em>συνιδεῖν,</em></span> <span class='ocrx_word' id='word_1_146' title='bbox 1048 1672 1119 1741; x_wconf 84' lang='grc' dir='ltr'><em>ῶς</em></span> <span class='ocrx_word' id='word_1_147' title='bbox 1142 1670 1211 1731; x_wconf 70' lang='grc' dir='ltr'><em>ἂν</em></span> <span class='ocrx_word' id='word_1_148' title='bbox 1232 1672 1507 1746; x_wconf 82' lang='grc' dir='ltr'><em>μάθοιμεν</em></span> <span class='ocrx_word' id='word_1_149' title='bbox 1529 1676 1619 1730; x_wconf 86' lang='grc' dir='ltr'><em>καὶ</em></span> <span class='ocrx_word' id='word_1_150' title='bbox 1639 1672 1706 1730; x_wconf 80' lang='grc' dir='ltr'><em>τὰ</em></span> <span class='ocrx_word' id='word_1_151' title='bbox 1736 1671 1885 1745; x_wconf 77' lang='grc' dir='ltr'><em>παρά</em></span> 
     </span>
     <span class='ocr_line' id='line_1_22' title="bbox 277 1749 1884 1832; baseline -0.002 -16"><span class='ocrx_word' id='word_1_152' title='bbox 277 1759 464 1818; x_wconf 79' lang='grc' dir='ltr'><em>τοῖσδε</em></span> <span class='ocrx_word' id='word_1_153' title='bbox 495 1757 1002 1832; x_wconf 80' lang='grc' dir='ltr'><em>σεμνολογούμενα,</em></span> <span class='ocrx_word' id='word_1_154' title='bbox 1033 1757 1099 1814; x_wconf 88' lang='grc' dir='ltr'><em>τά</em></span> <span class='ocrx_word' id='word_1_155' title='bbox 1130 1781 1188 1814; x_wconf 88' lang='grc' dir='ltr'><em>τε</em></span> <span class='ocrx_word' id='word_1_156' title='bbox 1218 1758 1352 1829; x_wconf 87' lang='grc' dir='ltr'><em>πρὸς</em></span> <span class='ocrx_word' id='word_1_157' title='bbox 1384 1756 1584 1824; x_wconf 79' lang='grc' dir='ltr'><em>αὐτοὺς</em></span> <span class='ocrx_word' id='word_1_158' title='bbox 1616 1749 1688 1814; x_wconf 75' lang='grc' dir='ltr'><em>αὖ</em></span> <span class='ocrx_word' id='word_1_159' title='bbox 1716 1755 1884 1814; x_wconf 87' lang='grc' dir='ltr'><em>πάλιν</em></span> 
     </span>
     <span class='ocr_line' id='line_1_23' title="bbox 277 1838 1948 1915; baseline -0.002 -15"><span class='ocrx_word' id='word_1_160' title='bbox 277 1840 384 1900; x_wconf 81' lang='grc' dir='ltr'><em>ὑπὸ</em></span> <span class='ocrx_word' id='word_1_161' title='bbox 415 1847 528 1900; x_wconf 85' lang='grc' dir='ltr'><em>τῶν</em></span> <span class='ocrx_word' id='word_1_162' title='bbox 550 1849 771 1900; x_wconf 82' lang='grc' dir='ltr'><em>οἰκείων</em></span> <span class='ocrx_word' id='word_1_163' title='bbox 796 1840 1202 1915; x_wconf 81' lang='grc' dir='ltr'><em>ἆντιλεγόμενα.</em></span> <span class='ocrx_word' id='word_1_164' title='bbox 1257 1846 1337 1896; x_wconf 76' lang='grc'><em>12.</em></span> <span class='ocrx_word' id='word_1_165' title='bbox 1372 1838 1514 1898; x_wconf 76' lang='grc' dir='ltr'><em>οὕτω</em></span> <span class='ocrx_word' id='word_1_166' title='bbox 1536 1841 1640 1914; x_wconf 80' lang='grc' dir='ltr'><em>γὰρ</em></span> <span class='ocrx_word' id='word_1_167' title='bbox 1666 1842 1756 1897; x_wconf 85' lang='grc' dir='ltr'><em>καὶ</em></span> <span class='ocrx_word' id='word_1_168' title='bbox 1787 1845 1882 1914; x_wconf 82' lang='grc' dir='ltr'><em>τῆς</em></span> <span class='ocrx_word' id='word_1_169' title='bbox 1905 1865 1948 1896; x_wconf 80' lang='lat'><em>20</em></span> 
     </span>
     <span class='ocr_line' id='line_1_24' title="bbox 277 1923 1884 2000; baseline -0.002 -15"><span class='ocrx_word' id='word_1_170' title='bbox 277 1927 488 1986; x_wconf 84' lang='grc' dir='ltr'><em>τούτων</em></span> <span class='ocrx_word' id='word_1_171' title='bbox 519 1924 917 2000; x_wconf 72' lang='grc' dir='ltr'><em>ἀναχωρήσεως</em></span> <span class='ocrx_word' id='word_1_172' title='bbox 948 1925 1007 1982; x_wconf 84' lang='grc' dir='ltr'><em>τὸ</em></span> <span class='ocrx_word' id='word_1_173' title='bbox 1039 1923 1172 1999; x_wconf 80' lang='grc' dir='ltr'><em>παρ’</em></span> <span class='ocrx_word' id='word_1_174' title='bbox 1207 1924 1339 1998; x_wconf 79' lang='grc' dir='ltr'><em>ἡμῖν</em></span> <span class='ocrx_word' id='word_1_175' title='bbox 1370 1928 1694 1998; x_wconf 82' lang='grc' dir='ltr'><em>κεκριμένον</em></span> <span class='ocrx_word' id='word_1_176' title='bbox 1725 1923 1884 1982; x_wconf 86' lang='grc' dir='ltr'><em>εὐλό-</em></span> 
     </span>
     <span class='ocr_line' id='line_1_25' title="bbox 276 2007 1884 2086; baseline -0.002 -17"><span class='ocrx_word' id='word_1_177' title='bbox 276 2036 377 2086; x_wconf 87' lang='grc' dir='ltr'><em>γου</em></span> <span class='ocrx_word' id='word_1_178' title='bbox 403 2011 577 2083; x_wconf 88' lang='grc' dir='ltr'><em>πάσης</em></span> <span class='ocrx_word' id='word_1_179' title='bbox 601 2007 885 2068; x_wconf 79' lang='grc' dir='ltr'><em>άπολύοιτ’</em></span> <span class='ocrx_word' id='word_1_180' title='bbox 920 2007 990 2067; x_wconf 73' lang='grc' dir='ltr'><em>ἂν</em></span> <span class='ocrx_word' id='word_1_181' title='bbox 1012 2016 1359 2083; x_wconf 81' lang='grc' dir='ltr'><em>κατηγορίας,</em></span> <span class='ocrx_word' id='word_1_182' title='bbox 1390 2007 1471 2067; x_wconf 77' lang='grc' dir='ltr'><em>ὅτι</em></span> <span class='ocrx_word' id='word_1_183' title='bbox 1497 2008 1564 2082; x_wconf 83' lang='grc' dir='ltr'><em>δὴ</em></span> <span class='ocrx_word' id='word_1_184' title='bbox 1588 2008 1660 2082; x_wconf 81' lang='grc' dir='ltr'><em>μὴ</em></span> <span class='ocrx_word' id='word_1_185' title='bbox 1687 2007 1884 2084; x_wconf 76' lang='grc' dir='ltr'><em>ἀγνοίᾳ</em></span> 
     </span>
     <span class='ocr_line' id='line_1_26' title="bbox 275 2090 1883 2170; baseline -0.002 -16"><span class='ocrx_word' id='word_1_186' title='bbox 275 2103 385 2154; x_wconf 88' lang='grc' dir='ltr'><em>τῶν</em></span> <span class='ocrx_word' id='word_1_187' title='bbox 417 2090 548 2170; x_wconf 76' lang='grc' dir='ltr'><em>παρ’</em></span> <span class='ocrx_word' id='word_1_188' title='bbox 594 2093 779 2162; x_wconf 81' lang='grc' dir='ltr'><em>αὐτοῖς</em></span> <span class='ocrx_word' id='word_1_189' title='bbox 819 2099 1064 2168; x_wconf 90' lang='grc' dir='ltr'><em>σεμνῶν,</em></span> <span class='ocrx_word' id='word_1_190' title='bbox 1110 2098 1443 2168; x_wconf 74' lang='grc' dir='ltr'><em>ἐξητασμένη</em></span> <span class='ocrx_word' id='word_1_191' title='bbox 1489 2095 1550 2151; x_wconf 75' lang='grc' dir='ltr'><em>δὲ</em></span> <span class='ocrx_word' id='word_1_192' title='bbox 1597 2096 1688 2151; x_wconf 86' lang='grc' dir='ltr'><em>καὶ</em></span> <span class='ocrx_word' id='word_1_193' title='bbox 1718 2100 1883 2166; x_wconf 88' lang='grc' dir='ltr'><em>βεβα-</em></span> 
     </span>
     <span class='ocr_line' id='line_1_27' title="bbox 276 2178 1883 2256; baseline -0.002 -19"><span class='ocrx_word' id='word_1_194' title='bbox 276 2185 580 2256; x_wconf 80' lang='grc' dir='ltr'><em>σανισμένῃ</em></span> <span class='ocrx_word' id='word_1_195' title='bbox 613 2186 818 2254; x_wconf 87' lang='grc' dir='ltr'><em>κρίσει,</em></span> <span class='ocrx_word' id='word_1_196' title='bbox 852 2178 954 2252; x_wconf 87' lang='grc' dir='ltr'><em>τὴν</em></span> <span class='ocrx_word' id='word_1_197' title='bbox 984 2179 1132 2254; x_wconf 79' lang='grc' dir='ltr'><em>παρὰ</em></span> <span class='ocrx_word' id='word_1_198' title='bbox 1161 2192 1274 2246; x_wconf 80' lang='grc' dir='ltr'><em>τοῖς</em></span> <span class='ocrx_word' id='word_1_199' title='bbox 1306 2181 1718 2252; x_wconf 81' lang='grc' dir='ltr'><em>νενομισμένοις</em></span> <span class='ocrx_word' id='word_1_200' title='bbox 1749 2185 1883 2250; x_wconf 83' lang='grc' dir='ltr'><em>βαρ-</em></span> 
     </span>
     <span class='ocr_line' id='line_1_28' title="bbox 276 2261 1947 2338; baseline -0.002 -17"><span class='ocrx_word' id='word_1_201' title='bbox 276 2264 465 2338; x_wconf 85' lang='grc' dir='ltr'><em>βάροις</em></span> <span class='ocrx_word' id='word_1_202' title='bbox 505 2263 777 2337; x_wconf 78' lang='grc' dir='ltr'><em>ἀλήθειάν</em></span> <span class='ocrx_word' id='word_1_203' title='bbox 821 2287 879 2321; x_wconf 88' lang='grc' dir='ltr'><em>τε</em></span> <span class='ocrx_word' id='word_1_204' title='bbox 932 2266 1024 2321; x_wconf 84' lang='grc' dir='ltr'><em>καὶ</em></span> <span class='ocrx_word' id='word_1_205' title='bbox 1078 2261 1366 2336; x_wconf 86' lang='grc' dir='ltr'><em>ευσέβειαν</em></span> <span class='ocrx_word' id='word_1_206' title='bbox 1406 2268 1518 2320; x_wconf 89' lang='grc' dir='ltr'><em>τῶν</em></span> <span class='ocrx_word' id='word_1_207' title='bbox 1548 2262 1884 2334; x_wconf 76' lang='grc' dir='ltr'><em>Ἑλληνικῶν</em></span> <span class='ocrx_word' id='word_1_208' title='bbox 1906 2284 1947 2317; x_wconf 88' lang='lat'><em>25</em></span> 
     </span>
     <span class='ocr_line' id='line_1_29' title="bbox 276 2344 1883 2423; baseline 0 -18"><span class='ocrx_word' id='word_1_209' title='bbox 276 2348 538 2407; x_wconf 81' lang='grc' dir='ltr'><em>ἁπάντων</em></span> <span class='ocrx_word' id='word_1_210' title='bbox 581 2347 1065 2423; x_wconf 80' lang='grc' dir='ltr'><em>προτετιμήκαμεν</em></span> <span class='ocrx_word' id='word_1_211' title='bbox 1149 2353 1225 2404; x_wconf 81' lang='lat'><em>13.</em></span> <span class='ocrx_word' id='word_1_212' title='bbox 1260 2346 1492 2420; x_wconf 80' lang='grc' dir='ltr'><em>άρξομαι</em></span> <span class='ocrx_word' id='word_1_213' title='bbox 1534 2348 1594 2403; x_wconf 89' lang='grc' dir='ltr'><em>δε</em></span> <span class='ocrx_word' id='word_1_214' title='bbox 1634 2344 1740 2404; x_wconf 80' lang='grc' dir='ltr'><em>ἀπὸ</em></span> <span class='ocrx_word' id='word_1_215' title='bbox 1770 2349 1883 2405; x_wconf 87' lang='grc' dir='ltr'><em>τῶν</em></span> 
     </span>
     <span class='ocr_line' id='line_1_30' title="bbox 271 2425 1882 2506; baseline -0.003 -14.973"><span class='ocrx_word' id='word_1_216' title='bbox 271 2433 689 2505; x_wconf 80' lang='grc' dir='ltr'><em>Ἀριστοτέλους.</em></span> <span class='ocrx_word' id='word_1_217' title='bbox 754 2431 909 2491; x_wconf 77' lang='grc' dir='ltr'><em>ἄλλοι</em></span> <span class='ocrx_word' id='word_1_218' title='bbox 939 2457 1039 2506; x_wconf 89' lang='grc' dir='ltr'><em>μεν</em></span> <span class='ocrx_word' id='word_1_219' title='bbox 1070 2425 1171 2490; x_wconf 77' lang='grc' dir='ltr'><em>οὗν</em></span> <span class='ocrx_word' id='word_1_220' title='bbox 1200 2432 1296 2489; x_wconf 84' lang='grc' dir='ltr'><em>τὸν</em></span> <span class='ocrx_word' id='word_1_221' title='bbox 1327 2439 1454 2504; x_wconf 87' lang='grc' dir='ltr'><em>βίον</em></span> <span class='ocrx_word' id='word_1_222' title='bbox 1492 2428 1727 2506; x_wconf 89' lang='grc' dir='ltr'><em>τανδρός</em></span> <span class='ocrx_word' id='word_1_223' title='bbox 1759 2436 1882 2487; x_wconf 89' lang='grc' dir='ltr'><em>δια-</em></span> 
     </span>
     <span class='ocr_line' id='line_1_31' title="bbox 276 2512 1879 2624; baseline -0.003 -49"><span class='ocrx_word' id='word_1_224' title='bbox 276 2516 607 2590; x_wconf 86' lang='grc' dir='ltr'><em>βεβληκασι,</em></span> <span class='ocrx_word' id='word_1_225' title='bbox 643 2517 947 2624; x_wconf 64' lang='grc' dir='ltr'><em>φιλόσοφοι</em></span> <span class='ocrx_word' id='word_1_226' title='bbox 990 2518 1051 2574; x_wconf 88' lang='grc' dir='ltr'><em>δε</em></span> <span class='ocrx_word' id='word_1_227' title='bbox 1082 2518 1172 2573; x_wconf 89' lang='grc' dir='ltr'><em>καὶ</em></span> <span class='ocrx_word' id='word_1_228' title='bbox 1204 2517 1381 2583; x_wconf 90' lang='grc' dir='ltr'><em>άλλως</em></span> <span class='ocrx_word' id='word_1_229' title='bbox 1411 2540 1512 2573; x_wconf 91' lang='grc' dir='ltr'><em>ουκ</em></span> <span class='ocrx_word' id='word_1_230' title='bbox 1542 2512 1776 2588; x_wconf 75' lang='grc' dir='ltr'><em>ἄφανεις</em></span> <span class='ocrx_word' id='word_1_231' title='bbox 1805 2539 1879 2570; x_wconf 88' lang='grc' dir='ltr'><em>τι-</em></span> 
     </span>
     <span class='ocr_line' id='line_1_32' title="bbox 275 2595 1877 2674; baseline -0.004 -15"><span class='ocrx_word' id='word_1_232' title='bbox 275 2626 365 2668; x_wconf 89' lang='grc' dir='ltr'><em>νες</em></span> <span class='ocrx_word' id='word_1_233' title='bbox 397 2602 538 2674; x_wconf 79' lang='grc' dir='ltr'><em>ἦσαν</em></span> <span class='ocrx_word' id='word_1_234' title='bbox 570 2604 661 2658; x_wconf 87' lang='grc' dir='ltr'><em>καὶ</em></span> <span class='ocrx_word' id='word_1_235' title='bbox 684 2603 847 2660; x_wconf 82' lang='grc' dir='ltr'><em>οὑτοι.</em></span> <span class='ocrx_word' id='word_1_236' title='bbox 905 2604 1022 2674; x_wconf 78' lang='grc' dir='ltr'><em>ἐμοὶ</em></span> <span class='ocrx_word' id='word_1_237' title='bbox 1053 2599 1105 2658; x_wconf 83' lang='grc' dir='ltr'><em>δ’</em></span> <span class='ocrx_word' id='word_1_238' title='bbox 1140 2598 1205 2658; x_wconf 77' lang='grc' dir='ltr'><em>οὗ</em></span> <span class='ocrx_word' id='word_1_239' title='bbox 1229 2607 1394 2673; x_wconf 91' lang='grc' dir='ltr'><em>φίλον</em></span> <span class='ocrx_word' id='word_1_240' title='bbox 1425 2599 1520 2657; x_wconf 87' lang='grc' dir='ltr'><em>τὸν</em></span> <span class='ocrx_word' id='word_1_241' title='bbox 1542 2597 1720 2671; x_wconf 86' lang='grc' dir='ltr'><em>ανδρα</em></span> <span class='ocrx_word' id='word_1_242' title='bbox 1750 2595 1877 2655; x_wconf 83' lang='grc' dir='ltr'><em>οὐδ’</em></span> 
     </span>
     <span class='ocr_line' id='line_1_33' title="bbox 276 2683 1944 2759; baseline -0.004 -16"><span class='ocrx_word' id='word_1_243' title='bbox 276 2685 466 2753; x_wconf 80' lang='grc' dir='ltr'><em>αὐταῖς</em></span> <span class='ocrx_word' id='word_1_244' title='bbox 500 2684 698 2752; x_wconf 74' lang='grc' dir='ltr'><em>ἀκοαῖς</em></span> <span class='ocrx_word' id='word_1_245' title='bbox 738 2683 1036 2759; x_wconf 73' lang='grc' dir='ltr'><em>ἀνέχεσθαι</em></span> <span class='ocrx_word' id='word_1_246' title='bbox 1087 2690 1267 2752; x_wconf 89' lang='grc' dir='ltr'><em>κακῶς</em></span> <span class='ocrx_word' id='word_1_247' title='bbox 1320 2684 1455 2758; x_wconf 86' lang='grc' dir='ltr'><em>πρὸς</em></span> <span class='ocrx_word' id='word_1_248' title='bbox 1506 2689 1618 2740; x_wconf 89' lang='grc' dir='ltr'><em>τῶν</em></span> <span class='ocrx_word' id='word_1_249' title='bbox 1657 2688 1878 2739; x_wconf 83' lang='grc' dir='ltr'><em>οἰκείων</em></span> <span class='ocrx_word' id='word_1_250' title='bbox 1900 2705 1944 2737; x_wconf 88' lang='lat'><em>30</em></span> 
     </span>
     <span class='ocr_line' id='line_1_34' title="bbox 273 2765 1878 2844; baseline -0.002 -18"><span class='ocrx_word' id='word_1_251' title='bbox 273 2768 693 2844; x_wconf 79' lang='grc' dir='ltr'><em>ἀγορευόμενον.</em></span> <span class='ocrx_word' id='word_1_252' title='bbox 758 2769 949 2844; x_wconf 86' lang='grc' dir='ltr'><em>διόπερ</em></span> <span class='ocrx_word' id='word_1_253' title='bbox 980 2767 1075 2836; x_wconf 78' lang='grc' dir='ltr'><em>τάς</em></span> <span class='ocrx_word' id='word_1_254' title='bbox 1104 2766 1244 2843; x_wconf 74' lang='grc' dir='ltr'><em>ὑπὲρ</em></span> <span class='ocrx_word' id='word_1_255' title='bbox 1277 2767 1446 2826; x_wconf 79' lang='grc' dir='ltr'><em>αὐτοῦ</em></span> <span class='ocrx_word' id='word_1_256' title='bbox 1469 2770 1677 2841; x_wconf 78' lang='grc' dir='ltr'><em>μᾶλλον</em></span> <span class='ocrx_word' id='word_1_257' title='bbox 1709 2765 1878 2838; x_wconf 82' lang='grc' dir='ltr'><em>ἐκθή-</em></span> 
     </span>
     <span class='ocr_line' id='line_1_35' title="bbox 275 2851 1872 2929; baseline -0.003 -17"><span class='ocrx_word' id='word_1_258' title='bbox 275 2874 438 2929; x_wconf 87' lang='grc' dir='ltr'><em>σομαι</em></span> <span class='ocrx_word' id='word_1_259' title='bbox 479 2851 776 2926; x_wconf 78' lang='grc' dir='ltr'><em>ἀπολογίας</em></span> <span class='ocrx_word' id='word_1_260' title='bbox 820 2853 926 2911; x_wconf 75' lang='grc' dir='ltr'><em>ἀπὸ</em></span> <span class='ocrx_word' id='word_1_261' title='bbox 966 2859 1077 2911; x_wconf 88' lang='grc' dir='ltr'><em>τῶν</em></span> <span class='ocrx_word' id='word_1_262' title='bbox 1111 2853 1519 2929; x_wconf 81' lang='grc' dir='ltr'><em>Ἀριστοκλέους</em></span> <span class='ocrx_word' id='word_1_263' title='bbox 1565 2854 1663 2909; x_wconf 85' lang='grc' dir='ltr'><em>τοῦ</em></span> <span class='ocrx_word' id='word_1_264' title='bbox 1708 2860 1872 2925; x_wconf 87' lang='grc' dir='ltr'><em>Περι-</em></span> 
     </span>
    </p>
   </div>
  </div>
 </body>
</html>
