2014 3146
634 143 845 186 PRAEP.
871 143 1093 186 EVANG.
1121 144 1200 185 XI.
1223 145 1293 188 21.
1550 124 1552 129 ’
1704 142 1774 194 45

164 285 335 336 μενον
386 256 708 334 ἀπεφήνατο
762 257 992 318 εἰπών
997 254 1075 316 τί
1120 282 1188 333 με
1241 261 1446 334 ἐρωτᾷς
1498 260 1624 334 περὶ
1675 262 1776 317 τοῦ
1801 274 1824 307 b

165 345 412 418 ἀγαθοῦ;
459 343 646 412 οὐδεὶς
685 343 897 418 ἀγαθὸς
942 350 994 401 εἰ
1021 341 1094 418 μὴ
1126 342 1205 412 εἷς
1234 340 1263 401 5
1293 341 1490 410 θεός·”
1555 348 1604 402 2.
1641 342 1777 401 ἐπά-

167 449 374 488 κουσον
401 433 500 487 τοῦ
532 427 852 502 Πλάτωνος,
884 427 919 485 ἅ
948 447 1122 502 φησιν
1154 433 1214 486 ἐν
1252 435 1464 506 Τιμαίῳ

285 511 590 588 “Λέγωμεν
631 513 699 587 δὴ
742 510 819 571 δι’
862 511 1058 586 ἥντινα
1098 519 1283 571 αἰτίαν
1320 515 1543 614 γένεσιν
1583 513 1676 570 καὶ
1716 510 1776 570 τὸ

121 623 144 656 5
167 603 280 656 πᾶν
308 597 489 656 τόδε
466 623 494 656 ο
527 597 783 667 ξυνιστας
815 600 1165 670 ξυνέστησεν.
1214 595 1425 669 ἀγαθὸς
1449 598 1544 671 ἡν
1578 596 1778 674 ἀγαθῷ

168 682 221 742 δ’
257 682 444 750 οὐδεὶς
484 685 611 756 περὶ
651 680 880 749 οὐδενὸς
920 680 1177 739 οὐδέποτ’
1227 685 1500 754 ἐγγίνεται
1544 681 1773 756 φθόνος.

165 767 364 825 τούτου
417 768 480 824 δὲ
533 766 683 833 ἐκτὸς
733 763 813 824 ὢν
862 788 1042 823 παντα
1082 765 1166 823 ὅτι
1207 764 1442 839 μάλιστα
1491 765 1775 839 ἐβουλήθη

164 854 428 925 γενέσθαι
460 850 818 925 παραπλήσια
851 853 1045 927 ἐαυτῷ.
1058 847 1086 869 ”

294 941 341 994 3
378 937 487 994 Καὶ
520 939 580 993 ἐν
609 939 674 1010 τῇ
706 941 969 993 Πολιτεία
1002 935 1062 992 δε
1091 933 1263 991 ταῦτα
1293 952 1466 1008 φησιν

103 1045 143 1078 ιο
285 1013 454 1091 “³A9'
498 1011 603 1078 οῦν
647 1017 713 1077 οὐ
755 1021 847 1077 καὶ
891 1015 920 1076 5
961 1018 1112 1092 ἥλιος
1152 1016 1277 1087 ὄψις
1319 1020 1422 1092 μὲν
1462 1017 1565 1076 οὐκ
1606 1024 1776 1092 ἔστιν,

166 1114 338 1172 αἴτιος
372 1103 422 1161 δ’
454 1101 533 1162 ὧν
563 1102 731 1178 αὐτῆς
761 1103 953 1179 ὁραται
982 1100 1079 1161 ὑπ’
1111 1100 1278 1176 αὐτῆς
1309 1101 1538 1176 ταύτης;
1581 1099 1777 1175 οὕτως,

166 1191 201 1262 ἡ
234 1187 286 1247 δ’
321 1213 395 1256 ος.
444 1192 642 1246 τοῦτον
672 1194 891 1261 τοίνυν,
924 1180 995 1261 ἦν
1028 1185 1082 1245 δ’
1118 1186 1252 1290 ἐγώ,
1294 1213 1469 1261 φαναι
1498 1212 1566 1262 με
1596 1189 1779 1260 λέγειν

164 1271 262 1332 τὸν
300 1275 401 1330 τοῦ
439 1269 658 1345 αγαθοῦ
701 1278 959 1346 ἔκγονον,
1014 1270 1081 1330 ὃν
1117 1272 1178 1329 τὸ
1218 1270 1437 1345 αγαθόν
1483 1274 1780 1345 ἐγέννησεν
1802 1304 1819 1326 c

166 1354 442 1430 αναλογον
482 1360 690 1434 ἑαυτοῦ,
732 1356 762 1414 ὅ
791 1382 843 1414 τι
873 1380 976 1431 περ
1017 1355 1150 1415 αὐτὸ
1192 1361 1253 1414 ἐν
1293 1360 1371 1434 τῷ
1408 1362 1588 1433 νοητῷ
1627 1378 1778 1414 τοπω
1798 1377 1891 1421 [319]

104 1465 145 1499 15
167 1440 302 1516 ποός
331 1465 391 1499 τε
420 1443 561 1499 νοῦν
591 1443 683 1498 καὶ
711 1466 778 1498 τα
807 1440 1113 1514 νοούμενα,
1156 1448 1355 1499 τοῦτον
1395 1443 1454 1498 ἐν
1492 1443 1570 1518 τῷ
1597 1436 1778 1517 ὁρατςο

167 1525 303 1601 πρός
332 1548 392 1583 τε
421 1523 553 1594 ὄψιν
583 1527 675 1582 καὶ
705 1523 772 1583 τὰ
801 1522 1108 1599 ὅρώμενα.”

293 1614 340 1666 4.
374 1611 485 1667 Καὶ
519 1612 639 1683 ἑξῆς
672 1613 910 1682 ἐπιλέγει

286 1692 317 1714 “
334 1698 508 1753 Τοῦτο
551 1701 746 1752 τοίνυν
798 1695 857 1752 τὸ
905 1693 1008 1768 τὴν
1050 1692 1324 1766 ἀλήθειαν
1375 1694 1616 1769 παρέχον
1666 1705 1779 1759 τοῖς

167 1781 630 1852 γιγνωσκομένοις
684 1781 776 1836 καὶ
828 1776 888 1836 τὸ
947 1777 1316 1852 γιγνώσκοντι
1374 1776 1476 1851 τὴν
1537 1775 1779 1852 δύναμιν

105 1887 146 1920 20
168 1861 479 1921 ἀποδιδοῦν
507 1862 610 1936 τὴν
640 1868 739 1921 τοῦ
769 1861 993 1936 ἀγαθοῦ
1024 1866 1183 1921 ἰδέαν
1212 1862 1358 1937 φάθι
1391 1859 1593 1920 εἷναι.”

296 1950 407 2006 Καὶ
439 1947 607 2006 πάλιν
638 1950 776 2022 φησὶ

296 2036 344 2089 5.
379 2030 538 2090 “Tdv
567 2029 726 2106 ἥλιον
766 2046 880 2099 τοῖς
918 2031 1218 2107 ὁρωμένοις
1258 2029 1325 2090 οῦ
1365 2030 1566 2105 μόνον,
1608 2031 1778 2105 οἶμαι,

169 2115 271 2188 τὴν
299 2121 397 2174 τοῦ
427 2117 668 2189 ὁρᾶσθαι
701 2116 943 2191 δύναμιν
974 2119 1236 2191 παρέχειν
1266 2115 1481 2189 φήσεις,
1517 2114 1655 2172 ἄλλα
1687 2117 1781 2172 καὶ

168 2198 270 2272 τὴν
298 2203 519 2273 γένεσιν
549 2204 641 2259 καὶ
673 2199 848 2275 αὔξην
879 2203 971 2259 καὶ
1000 2200 1231 2274 τροφὴν,
1264 2197 1330 2257 οῦ
1361 2202 1581 2271 γένεσιν
1609 2197 1781 2256 αὐτὸν

107 2307 149 2341 25
170 2281 318 2342 ὄντα.
389 2292 504 2352 πῶς
542 2310 676 2359 γαρ,
722 2310 814 2342 και
853 2300 966 2352 τοις
1005 2285 1432 2357 γινωσκομένοις
1472 2290 1665 2341 τοίνυν
1704 2281 1778 2357 μὴ

171 2367 343 2440 μόνον
380 2368 440 2425 τὸ
479 2367 857 2438 γινώσκεσθαι
900 2393 1073 2441 φαναι
1113 2365 1222 2426 ὑπὸ
1255 2372 1353 2425 τοῦ
1384 2366 1605 2441 ἀγαθοῦ
1634 2391 1778 2442 παρ-

175 2464 344 2523 εῖναι,
376 2448 515 2508 ἀλλὰ
546 2454 635 2509 καὶ
668 2452 727 2509 τὸ
760 2452 907 2510 εἷναί
933 2476 991 2510 τε
1021 2455 1113 2510 καὶ
1143 2451 1244 2526 τὴν
1273 2450 1472 2510 οὐσίαν
1501 2449 1602 2510 ὑπ’
1637 2455 1779 2510 ἐκεί-

172 2560 275 2593 νου
307 2533 493 2602 αῦτοϊς
523 2551 839 2610 προσεῖναι,
870 2535 972 2595 οὐκ
1002 2536 1194 2606 οὐσίας
1223 2536 1381 2604 ὄντος
1410 2541 1509 2595 τοῦ
1537 2534 1777 2610 ἀγαθοῦ,

171 2617 296 2677 ἀλλ’
343 2623 595 2678 ἐπέκεινα
646 2619 839 2688 οὐσίας
886 2629 1153 2699 πρεσβείᾳ
1195 2624 1287 2679 καὶ
1331 2620 1565 2695 δυνάμει
1603 2617 1779 2696 ὑπερ-

110 2727 150 2760 30
177 2705 408 2778 έχοντος.
416 2702 448 2724 ”
1805 2727 1829 2759 d

288 2845 312 2882 3
346 2835 395 2882 ἐν
402 2810 629 2896 Τιμαίῳ]
666 2856 708 2894 p.
731 2845 798 2883 29.

288 2899 313 2937 9
346 2891 394 2939 ἐν
418 2899 471 2951 τῇ
497 2896 742 2952 Πολιτείᾳ]
778 2912 821 2951 p.
846 2900 978 2940 508b.
992 2912 1029 2942 e.
1065 2901 1198 2941 509b.
