2020 3152
187 603 209 635 d

233 99 339 153 204
907 100 1156 142 EUSEBII

235 217 483 291 ἐπιφέρει

375 329 462 373 τοῦ
486 316 580 389 γάρ
607 322 690 372 καὶ
716 322 855 390 γένος
881 321 1044 387 ἐσμὲν,

234 423 353 484 οἷον
387 430 748 502 δημιουργίᾳ,

914 543 926 556 .
943 499 1018 556 ..ὅ
1047 498 1097 555 δ’
1124 500 1267 570 ἤπιος
1293 497 1606 573 ἀνθρώποισι

376 569 507 637 δεξιὰ
533 577 781 661 σημαίνει·
1860 588 1882 621 5

376 641 522 706 αὐτὸς
546 645 641 713 γὰρ
666 643 727 696 τά
751 665 804 713 γε
830 639 1009 713 σήματ’
1040 645 1091 696 ἐν
1119 638 1327 731 ουρανῷ
1344 644 1619 712 έστηριξεν,

375 712 528 806 α’στρα
556 718 830 807 διακρίνας·
870 717 1110 783 ἐσκέψατο
1138 708 1183 766 δ’
1192 716 1281 777 εἰς
1307 713 1532 767 ἐνιαυτὸν

377 781 606 870 ἀστέρας,
635 789 692 839 οῖ’
709 806 762 838 κε
786 786 995 853 μάλιστα
1017 785 1281 854 τετυγμένα
1308 788 1590 853 σημαίνοιεν

377 850 626 941 ἀνδράσιν
649 853 850 925 ὡράων,
878 854 995 924 ὄφρ’
1026 859 1209 947 ἔμπεδα
1234 855 1397 908 πάντα
1423 856 1634 923 φύηται·

378 929 464 977 καί
485 949 571 994 μιν
597 924 672 979 ἀεὶ
696 926 892 994 πρῶτόν
916 948 964 978 τε
990 928 1073 978 καὶ
1097 923 1307 979 ’ὕστατον
1331 924 1629 978 ἱλάσκονται.
1868 946 1912 978 10

378 1003 538 1066 χαῖρε,
564 996 741 1067 πάτερ,
779 1000 902 1066 μέγα
928 1002 1128 1064 θαῦμα,
1155 995 1262 1065 μέγ’
1293 994 1636 1066 ἀνθρώποισιν
1662 994 1842 1066 σ’νειαρ.

127 1137 216 1180 [395]
236 1115 326 1170 καὶ
359 1114 465 1188 πρὸ
496 1115 695 1174 τούτου
739 1114 1054 1192 δὲὍμηρος
1097 1117 1185 1172 ἐπὶ
1224 1119 1319 1188 τῆς
1343 1113 1846 1189 “Ηφαιστοτευ’κτου

123 1332 210 1374 (675)

189 2405 213 2437 b

236 1196 472 1267 ἀσπίδος
505 1203 856 1274 κοσμοποιεῖν
887 1199 1023 1257 κατὰ
1055 1202 1300 1273 Μωσέα,

380 1307 430 1358 ἐν
456 1308 544 1374 μὲν
568 1313 718 1375 γαῖαν
743 1301 915 1374 ἔτευξ’,
943 1308 996 1359 ἐν
1022 1302 1070 1358 δ’
1100 1301 1343 1376 οὐρανὸν,
1373 1308 1425 1358 έν
1452 1307 1503 1359 δὲ
1527 1306 1806 1374 θάλασσαν,

236 1414 413 1486 φησὶν
1868 1423 1912 1457 1⁵

377 1520 429 1570 ἐν
451 1519 502 1570 δὲ
529 1516 586 1570 τὰ
611 1522 767 1589 τείρεα
790 1516 976 1582 πάντα,
1004 1515 1064 1570 τά
1089 1513 1135 1570 τ’
1166 1513 1376 1587 οὐρανὸς
1403 1516 1746 1584 ἐστεφάνωται.

234 1622 262 1680 ὁ
294 1621 400 1697 γὰρ
434 1621 525 1680 διὰ
554 1626 667 1681 τῶν
698 1621 1018 1696 ποιημάτων
1041 1625 1269 1680 καὶτῶν
1292 1621 1679 1696 καταλογάδην
1709 1642 1843 1696 συγ-

235 1708 573 1782 γραμμάτων
602 1707 872 1785 ἀδόμενος
903 1707 1042 1774 Ζεὺς
1071 1707 1175 1779 τὴν
1205 1714 1427 1766 ε”ννοιαν
1460 1709 1547 1765 ἐπὶ
1578 1706 1675 1765 τὸν
1703 1707 1845 1765 θεὸν

237 1791 522 1866 ἀναφέρει.
1417 1844 1424 1854 ,

361 1880 444 1932 27.
464 1874 608 1948 Ἤδη
641 1876 729 1947 δε,
763 1899 835 1942 ως
862 1881 1069 1948 εἰπεῖν,
1101 1871 1199 1932 υπ’
1234 1899 1408 1948 αυγας
1439 1873 1467 1932 ὁ
1498 1874 1843 1950 Δημόκριτος
1865 1898 1909 1931 20

237 1959 387 2018 εἷναί
422 1984 575 2027 τινας
614 1958 836 2031 ὀλίγους
874 1958 1077 2033 γράφει
1115 1963 1227 2017 τῶν
1268 1957 1614 2033 ἀνθρώπων,
1668 1967 1722 2017 οἳ
1775 1958 1843 2033 δὴ

234 2041 623 2109 ἀνατείναντες
652 2042 748 2111 τὰς
779 2057 964 2119 χεῖρας
1008 2047 1282 2116 ἐνταῦθα,
1328 2068 1393 2101 ου
1435 2048 1542 2102 νῦν
1574 2043 1710 2121 ἠέρα
1742 2069 1839 2102 κα-

235 2131 432 2203 λέομεν
464 2133 522 2186 οἶ
535 2126 824 2202 Έλληνες,
861 2127 1042 2186 πάντα
1064 2126 1204 2195 Ζευς
1229 2139 1519 2207 μυθεῖται,
1547 2131 1638 2186 καὶ
1662 2127 1843 2186 πάντα

234 2237 394 2280 ουτος
435 2212 553 2271 οἶδε
597 2216 689 2270 καὶ
734 2218 885 2270 διδοῖ
922 2215 1014 2270 καὶ
1058 2213 1404 2287 ἀφαιρεῖται,
1451 2215 1542 2271 καὶ
1584 2213 1843 2287 βασιλευς

233 2320 391 2364 ουτος
421 2301 533 2355 τῶν
563 2297 803 2356 πάντων.
858 2297 1268 2371 μυστικώτερον
1301 2299 1360 2355 δε
1390 2294 1418 2356 ὁ
1448 2323 1551 2371 μεν
1581 2297 1841 2365 Βοιωτιος
1865 2319 1908 2353 25

237 2386 550 2455 Πίνδαρος,
584 2381 678 2440 ἅτε
708 2380 1098 2457 Πυθαγόρειος
1131 2379 1235 2455 ὢν,

371 2490 431 2539 ὲν
456 2482 679 2556 ἀνδρῶν,
702 2491 761 2539 ὲν
785 2493 921 2539 θεῶν
944 2489 1132 2573 γένος,

377 2560 430 2609 ἐκ
456 2562 571 2624 μιᾶς
598 2558 649 2608 δὲ
674 2556 852 2626 ματρὸς
876 2560 1087 2625 πνέομεν
1112 2555 1277 2624 ἀμφω,

232 2664 327 2734 τῆς
366 2658 503 2733 ὕλης
534 2666 911 2734 παραδίδωσι,
960 2664 1050 2718 καὶ
1077 2665 1174 2720 ε’να
1203 2662 1300 2720 τὸν
1322 2661 1535 2720 τούτων
1572 2666 1839 2735 δημιουρ-

233 2744 362 2818 γὸν,
413 2743 509 2803 τὸν
558 2744 947 2819 ἀριστοτέχναν
998 2749 1205 2821 πατέρα
1247 2749 1420 2820 λέγει,
1462 2738 1559 2803 τὸν
1608 2747 1698 2802 καὶ
1739 2743 1901 2812 τάςεο

231 2831 514 2905 προκοπὰς
570 2826 690 2887 κατ’
744 2829 905 2898 ἀξίαν
955 2836 1030 2897 εἰς
1086 2829 1347 2904 θειότητα
1397 2832 1832 2906 παρεσχημένον.
