2014 3146
229 648 249 680 b

276 87 382 139 384
949 87 1195 145 EUSEBH

277 207 377 261 τοῦ
407 206 586 260 ποσοῦ
615 205 1005 276 κλεπτομένου,
1037 201 1131 260 ἅτε
1161 201 1234 276 μὴ
1265 207 1432 276 μέλον
1463 204 1612 283 αὐτῷ
1646 205 1883 279 ποσότη-

275 312 365 354 τος
397 290 488 343 καὶ
517 286 706 360 ὄγκου,
733 286 805 354 ὡς
837 283 907 345 ἂν
936 291 1028 360 τῆς
1061 286 1256 354 οὐσίας
1289 286 1460 346 αὐτοῦ
1483 288 1670 364 ἕτερόν
1701 315 1751 348 τι
1782 289 1882 348 οὕ-

277 392 389 444 σης.
449 370 661 429 ἄποσον
692 370 800 445 ἄρα
832 373 864 444 ἡ
897 369 1044 446 ψυχὴ
1075 374 1166 429 καὶ
1198 376 1256 429 οἱ
1281 370 1488 445 λόγοι.”

402 460 484 513 31
510 452 541 475 “
556 453 672 514 Ὅτι
706 457 767 513 δε
799 462 850 514 εἰ
878 475 1035 530 σωμα
1068 466 1152 529 εἴη
1183 452 1216 529 ἡ
1248 455 1417 530 ψυχὴ,
1443 455 1570 515 οὔτε
1601 457 1660 515 τὸ
1684 459 1881 516 αἰσθα-

274 551 495 612 νεσθαι,
527 539 654 598 οὔτε
685 540 744 598 τὸ
768 555 941 613 νοεῖν,
973 539 1102 598 οὔτε
1131 540 1192 598 τὸ
1225 543 1576 615 ἐπίστασθαι,
1608 539 1734 600 οῦτε
1759 540 1878 615 ἆρε·

274 627 360 694 ταὶ
384 623 512 682 οὔτε
526 630 700 682 τιτῶν
723 630 909 682 καλῶν
934 632 1104 697 ἔσται,
1133 629 1192 682 ἐκ
1214 631 1392 684 τῶνδε
1406 631 1590 700 δῆλον.
1626 635 1680 684 εἴ
1697 651 1746 683 τι
1758 632 1881 700 μέλ-

274 717 355 766 λει
380 709 762 767 αἰσθάνεσθαί
788 734 953 782 τινος,
989 714 1051 766 ἓν
1071 708 1204 767 αὐτὸ
1231 717 1320 767 δεῖ
1348 711 1490 768 εἶναι
1522 713 1611 768 καὶ
1635 717 1710 787 τῷ
1734 708 1881 788 αὐτῷ

273 792 475 860 παντὸς
506 791 1043 868 ἀντιλαμβάνεσθαι·
1086 796 1177 851 καὶ
1220 802 1270 852 εἰ
1302 794 1393 852 διὰ
1423 799 1645 853 πολλῶν
1684 802 1880 868 αἰσθη-

272 885 479 951 τηρίων
509 887 680 936 πλείω
706 877 770 935 τοὶ
803 877 1042 936 εἰσιόντα
1075 889 1177 951 εἴη,
1210 875 1242 952 ἢ
1267 882 1464 937 πολλαὶ
1492 882 1617 955 περὶ
1641 885 1703 937 ἓν
1733 879 1881 938 ποιό-

271 986 456 1064 τητες,
501 958 605 1020 κᾶν
648 960 722 1020 δι’
773 963 895 1030 ἑνὸς
938 969 1221 1036 ποικίλον,
1254 962 1374 1022 οἷον
1404 963 1717 1038 πρόσωπον.
1794 970 1875 1022 312.

271 1043 338 1103 οῦ
369 1071 473 1120 γαρ
504 1044 636 1104 αλλο
668 1049 769 1120 μὲν
799 1046 969 1120 ῥινὸς,
1000 1045 1134 1105 αλλο
1161 1049 1221 1105 δὲ
1243 1046 1561 1122 ὀφθαλμοῦ,
1586 1046 1724 1105 αλλὰ
1747 1074 1882 1105 ταυ-

270 1130 367 1188 τὸν
397 1127 534 1203 ὁμοῦ
566 1154 805 1189 παντων.
867 1134 957 1188 καὶ
992 1139 1043 1189 εἰ
1071 1132 1130 1189 τὸ
1160 1134 1262 1205 μὲν
1296 1130 1368 1189 δι’
1401 1131 1688 1234 ὀμμάτων,
1728 1132 1788 1189 τὸ
1822 1135 1880 1189 δὲ

275 1213 349 1271 δι’
385 1212 571 1319 ακοῆς,
598 1219 660 1272 ἕν
689 1241 739 1272 τι
766 1222 856 1273 δεῖ
878 1217 1019 1273 εἶναι
1047 1223 1125 1284 εἰς
1149 1242 1176 1273 ο
1183 1234 1389 1318 αμφω
1426 1214 1457 1289 ἢ
1492 1221 1606 1284 πῶς
1631 1242 1702 1274 αν
1737 1228 1879 1275 εἴποι

270 1297 352 1356 ὅτι
383 1303 540 1373 ἕτερα
571 1303 770 1374 ταῦτα,
813 1298 886 1374 μὴ
928 1307 1004 1367 εἰς
1035 1299 1094 1358 τὸ
1127 1299 1259 1359 αὐτὸ
1290 1298 1428 1375 ὁμοῦ
1457 1305 1568 1359 τῶν
1601 1301 1881 1375 αἰσθημα-

269 1407 382 1440 των
406 1383 716 1455 έλθόντων;
750 1391 839 1443 δει
858 1392 1051 1443 τοίνυν
1074 1392 1235 1444 τοῦτο
1264 1384 1447 1459 ω’σπερ
1473 1389 1701 1461 κέντρον
1717 1386 1878 1459 εἶναι,

269 1492 522 1542 γραμμας
569 1470 630 1526 δε
675 1469 1102 1543 συμβαλλούσας
1149 1473 1206 1527 ἐκ
1251 1478 1605 1546 περιφερείας
1650 1470 1876 1544 κύκλου,

269 1550 363 1619 τὰς
395 1553 746 1627 πανταχόθεν
779 1553 1070 1627 αἰσθήσεις
1101 1556 1236 1630 πρὸς
1267 1560 1426 1612 τοῦτο
1450 1563 1755 1628 περαίνειν,
1787 1562 1879 1612 καὶ

267 1641 519 1695 τοιοῦτον
559 1638 617 1695 τὸ
658 1635 1206 1713 ἀντιλαμβανόμενον
1248 1640 1391 1697 εἶναι
1422 1645 1485 1697 ἓν
1514 1638 1700 1706 ὅντως.
1791 1644 1874 1696 33.

272 1727 322 1778 εἰ
362 1722 424 1778 δὲ
467 1722 693 1789 διεστὼς
733 1727 894 1781 τοῦτο
935 1727 1175 1796 γένοιτο,
1222 1727 1314 1782 καὶ
1355 1721 1475 1782 οἷον
1505 1728 1757 1826 γραμμῆς
1789 1726 1877 1780 ἐπὶ.

1905 988 1943 1018 10

1904 1409 1942 1439 15

269 1830 433 1878 αμφω
455 1805 522 1862 τὰ
542 1808 751 1881 πέρατα
771 1833 827 1864 αι
817 1807 1130 1879 αἰσθήσεις
1147 1807 1568 1882 προσβαλλοιεν,
1585 1803 1617 1880 ἢ
1638 1813 1875 1881 συνδρα-
1899 1830 1941 1861 20

1663 1890 1747 1910 725!

269 1903 450 1962 μεῖται
477 1896 594 1956 εἰς
580 1897 640 1947 ἐν
664 1893 756 1947 καὶ
781 1890 839 1948 τὸ
865 1887 997 1948 αὐτὸ
1022 1891 1209 1965 παλιν,
1235 1899 1353 1949 οἱον
1378 1890 1437 1949 τὸ
1461 1895 1631 1966 μέσον
1655 1917 1687 1965 η
1712 1900 1872 1950 αλλο

268 1971 328 2030 τὸ
363 1975 421 2030 δε
452 1972 584 2031 αλλο
619 1974 879 2047 εκάτερον
913 1977 1173 2048 ἑκατέρου
1204 1987 1471 2049 αἰσθησιν
1502 1980 1635 2050 εξει,
1691 1975 1874 2047 ω’σπερ

268 2055 338 2114 ἂν
381 2064 430 2115 εἰ
473 2058 578 2131 ἐγώ
618 2061 721 2132 μὲν
759 2058 961 2133 ἄλλον,
1012 2062 1082 2118 σύ
1135 2061 1196 2118 δὲ
1245 2059 1415 2118 ἄλλου
1467 2071 1702 2119 αἴσθοιο.
1788 2065 1870 2118 34.

268 2144 360 2199 καὶ
406 2148 456 2199 εἰ
504 2148 566 2200 ἓν
615 2154 700 2216 εἴη
741 2142 800 2201 τὸ
840 2155 1118 2219 αἴσθημα,
1161 2141 1280 2203 οἷον
1320 2145 1645 2220 πρόσωπον,
1697 2152 1773 2213 εἰς
1814 2151 1875 2203 ἓν

267 2226 751 2301 συναιρεθήσεται,
783 2226 919 2302 ὅπερ
951 2233 1040 2286 καὶ
1073 2236 1353 2302 φαίνεται·
1402 2245 1745 2303 συναιρεῑται
1769 2227 1872 2302 γὰρ
1896 2255 1937 2286 25

268 2313 360 2367 καὶ
394 2315 451 2367 έν
485 2308 677 2379 αὐταῖς
707 2328 827 2381 ταῖς
859 2312 1070 2388 κόραις·
1106 2309 1164 2388 (ἢ
1196 2320 1311 2381 πῶς
1342 2311 1411 2371 ἂν
1443 2313 1508 2372 τὰ
1530 2317 1757 2387 μέγιστα
1784 2312 1874 2370 διὰ

222 2413 245 2445 d
268 2394 497 2452 ταῦταιν
536 2393 775 2474 ὁρῷτο;>
819 2395 957 2456 ὥστε
998 2405 1075 2455 ἔτι
1114 2401 1324 2472 μᾶλλον
1367 2405 1442 2464 εἰς
1474 2398 1532 2456 τὸ
1564 2396 1874 2472 ἡγεμονοῦν

269 2477 422 2536 ἰόντα
453 2477 572 2538 οἷον
611 2478 785 2554 ἀμερῆ
810 2481 1055 2556 νοήματα
1093 2489 1368 2555 γίνεσθαι.
1436 2485 1527 2540 καὶ
1566 2489 1716 2540 ἔσται
1739 2480 1874 2556 ἆμε-

268 2563 360 2636 ρὲς
405 2567 583 2636 τοῦτο,
630 2562 663 2637 ἢ
708 2569 933 2638 μεγέθει
979 2565 1096 2624 ὄντι
1141 2567 1316 2644 τούτῳ
1362 2574 1741 2641 συμμερίζοιτο
1782 2562 1869 2638 ἂν,

267 2644 406 2705 ὥστε
450 2645 619 2706 ἄλλον
662 2647 833 2708 ἄλλον
876 2654 1077 2726 μέρους
1135 2654 1227 2709 καὶ
1275 2655 1487 2725 μηδένα
1538 2648 1693 2724 ἡμῶν
1738 2649 1870 2707 ὅλου
1893 2677 1934 2708 30
2007 2721 2011 2724 ,

267 2736 364 2788 τοῦ
405 2736 680 2806 αἰσθητοῦ
717 2732 819 2806 τὴν
849 2732 1145 2808 ἀντίληψιν
1187 2745 1376 2809 ἴσχειν.
1466 2739 1548 2792 35.
1596 2731 1735 2791 ἄλλα
1765 2733 1868 2807 γὰρ

268 2819 330 2873 ἕν
363 2819 476 2874 ε’στι
507 2815 566 2875 τὸ
597 2822 733 2875 miv·
766 2821 881 2885 πῶς
912 2818 1016 2894 γαρ
1042 2815 1111 2878 ‹322›
1135 2823 1226 2877 καὶ
1252 2825 1545 2894 διαιροῖτο;
1579 2816 1644 2877 οῦ
1669 2818 1773 2894 γὰρ
1800 2817 1867 2891 δὴ

2002 2796 2011 2895 il
