2014 3146
286 143 352 196 68
957 145 1206 186 EUSEBII

282 269 443 318 αντία
484 258 832 335 περιάγεται,
880 263 1018 335 ζῷον
1047 256 1112 316 ὂν
1143 261 1233 316 καὶ
1265 258 1539 334 φρόνησιν
1572 262 1795 336 εἰληφὸς
1826 267 1887 321 ἐκ

171 360 259 403 (560)
278 348 377 402 τοῦ
410 342 854 418 ξυναρμόσαντος
885 340 1018 400 αὐτὸ
1049 341 1167 399 κατ’
1204 340 1389 416 ἀρχάς.
1457 348 1617 403 τοῦτο
1652 347 1712 404 δὲ
1737 346 1886 424 αὐτῷ

277 429 337 486 τὸ
369 428 536 485 πάλιν
568 429 711 484 ἰέναι
757 427 848 484 διὰ
878 425 1006 484 τόδε
1038 431 1090 494 ἐξ
1122 425 1367 500 ἀνάγκης
1398 435 1645 502 ἔμφυτον
1673 433 1882 504 γέγονε.

404 511 516 571 Διά
546 512 603 568 τὸ
638 526 800 570 ποῖον
832 510 929 583 δή;

403 602 451 652 6.
501 594 573 654 Τὸ
605 594 742 653 κατὰ
771 594 836 652 τά
868 593 1007 652 αὐτοὶ
1038 597 1131 652 καὶ
1172 593 1434 662 ὡσαύτως
1478 602 1625 669 ἔχειν
1664 595 1750 655 ἀεὶ
1791 601 1882 656 καὶ
1905 625 1925 655 5

275 681 480 738 ταυτὸν
521 681 662 738 εἶναι
702 695 816 746 τοῖς
862 678 1088 737 πάντων
1128 678 1435 745 θειοτάτοις
1484 680 1749 753 προσήκει
1789 682 1890 755 μό-

275 789 412 838 νοις,
445 763 694 838 σςόματος
728 765 788 821 δὲ
818 763 984 836 φύσις
1015 760 1080 820 οὐ
1110 762 1311 836 ταύτης
1340 768 1435 836 τῆς
1464 763 1680 832 τάξεως.
1727 762 1795 823 ὃν
1826 767 1888 823 δὲ

276 847 520 923 οὐρανὸν
550 850 642 905 καὶ
674 847 881 921 κόσμον
913 846 1363 920 ἐπωνομάκαμεν,
1396 853 1616 906 πολλῶν
1654 850 1757 922 μὲν
1795 852 1885 907 καὶ

277 938 566 1006 μακαρίων
606 930 754 1005 παρὰ
795 936 893 988 τοῦ
935 930 1303 1004 γεννήσαντος
1343 939 1702 1006 μετείληφεν,
1748 932 1886 1006 ἀτὰρ

276 1009 380 1074 οὖν
411 1015 480 1089 δὴ
512 1015 883 1089 κεκοινώνηκέ
910 1038 972 1088 γε
1002 1017 1094 1072 καὶ
1126 1014 1399 1088 σώματος·
1447 1013 1586 1075 ὅθεν
1615 1015 1762 1094 αὐτῷ
1793 1041 1884 1091 με·
1911 1046 1950 1076 10

276 1104 513 1174 ταβολῆς
572 1098 784 1178 άμοίρςο
846 1107 1143 1172 γίγνεσθαι
1195 1098 1285 1156 διὰ
1334 1098 1535 1168 παντὸς
1585 1099 1885 1174 ἀδύνατον,

226 1206 247 1238 b
277 1185 413 1242 κατὰ
457 1184 700 1258 δύναμίν
730 1207 793 1257 γε
832 1185 942 1257 μὴν
984 1183 1068 1240 ὅτι
1098 1182 1333 1256 μάλιστα
1373 1187 1433 1240 ἐν
1462 1188 1538 1260 τῷ
1570 1183 1722 1261 αὐτῷ
1751 1184 1887 1242 κατά

275 1267 341 1326 τά
372 1267 512 1326 αὐτὰ
541 1275 675 1342 μίαν
706 1267 887 1342 φοράν
917 1281 1170 1339 κινεῖται,
1205 1265 1346 1324 διότι
1375 1267 1478 1339 τὴν
1507 1265 1887 1342 άνακύκλησιν

279 1362 526 1426 εἴληχεν,
568 1352 652 1410 ὅτι
693 1350 1060 1426 σμικροτάτην
1089 1355 1184 1424 τῆς
1218 1354 1418 1409 ἑαυτοῦ
1450 1351 1718 1424 κινήσεως
1749 1376 1885 1427 παρ-

274 1436 516 1505 άλλαξιν.
592 1434 725 1494 αὐτὸ
768 1438 828 1494 δὲ
861 1435 1023 1494 ἑαυτὸ
1055 1433 1431 1509 στρέφειψάεὶ
1461 1436 1663 1509 σχεδὸν
1693 1434 1881 1495 οὐδενὶ
1910 1462 1949 1494 15

279 1519 522 1579 δυνατόν
555 1521 702 1593 πλὴν
731 1525 807 1597 τῷ
837 1524 949 1578 τῶν
978 1521 1325 1593 κινουμένων
1358 1513 1432 1577 αὖ
1460 1519 1686 1577 πάντων
1715 1519 1881 1593 ἡγου-

276 1608 440 1681 μένῳ.
512 1619 691 1663 κινεῖν
737 1606 799 1661 δὲ
828 1603 1005 1680 τούτῳ
1035 1628 1087 1661 τι
1117 1605 1236 1660 τοτὲ
1266 1604 1367 1677 μὲν
1397 1602 1600 1675 ἄλλως,
1627 1597 1794 1671 αὖθις
1829 1602 1883 1662 δ’

279 1692 541 1755 ἐναντίως
581 1685 647 1746 οὐ
686 1691 863 1761 θέμις.
938 1692 997 1745 ἐκ
1038 1686 1262 1745 πάντων
1305 1686 1373 1760 δὴ
1412 1687 1626 1745 τούτων
1668 1687 1764 1746 τὸν
1795 1688 1885 1746 κό-

278 1791 417 1846 σμον
458 1771 594 1845 μήτε
637 1770 805 1830 αὐτὸν
850 1771 952 1845 χρὴ
1000 1771 1174 1845 φάναι
1223 1774 1484 1845 στρέφειν
1531 1771 1730 1830 ἑαυτὸν
1779 1771 1884 1845 ἀεὶ,

276 1854 414 1930 μήθ’
449 1853 581 1913 ὅλον
609 1853 718 1913 ὑπὸ
749 1859 892 1913 θεοῦ
922 1858 1261 1929 στρέφεσθαι
1294 1856 1476 1922 διττὰς
1506 1858 1597 1913 καὶ
1631 1860 1884 1925 ἐναντίας
1906 1880 1950 1912 20

276 1938 652 2013 περιαγωγάς,
693 1938 816 2013 μήτ’
853 1932 932 1996 αὖ
971 1941 1085 1996 τινὲ
1126 1939 1225 1997 δύο
1267 1940 1384 1997 θεώ
1414 1943 1724 2014 φρονοῦντε
1755 1943 1886 1999 ἑαυ-

275 2039 389 2092 τοῖς
422 2029 644 2083 ἐναντία
676 2026 934 2097 στρέφειν
966 2022 1161 2095 αὐτὸν,
1203 2021 1325 2080 ἀλλ’
1359 2023 1494 2097 ὅπερ
1525 2022 1649 2097 ἄρτι
1682 2027 1884 2098 ἐρρέθη

230 2141 246 2163 e
277 2111 368 2166 καὶ
400 2108 572 2182 μόνον
612 2107 831 2179 λοιπὸν,
875 2108 995 2165 τοτὲ
1034 2108 1150 2182 μὲν,
1176 2103 1274 2164 ὑπ’
1309 2105 1476 2179 ἄλλης
1518 2111 1883 2180 ξυμποδηγεῖ-

278 2204 414 2251 σθαι
454 2198 614 2259 θείας
657 2199 860 2264 αίτίας,
916 2192 974 2249 τὸ
1029 2195 1122 2264 ζῆν
1172 2189 1340 2248 πάλιν
1381 2190 1754 2263 ἐπικτώμενον
1791 2194 1882 2248 καὶ

279 2275 630 2348 λαμβάνοντα
661 2275 979 2333 ἀθανασίαν
1013 2273 1414 2347 ἐπισκευαστὴν
1455 2274 1604 2349 παρὰ
1644 2280 1742 2332 τοῦ
1784 2281 1883 2349 δη-
1906 2307 1947 2338 25

279 2366 576 2434 μιουργοῦ,
607 2361 727 2416 τοτὲ
761 2357 814 2416 δ’
847 2358 982 2416 ὅταν
1012 2359 1225 2432 άνεθῇ,
1263 2357 1336 2415 δι’
1375 2362 1575 2417 ἑαυτοῦ
1605 2356 1774 2417 αὐτὸν
1807 2363 1882 2418 ίέ-

279 2468 372 2500 ναι
413 2441 548 2499 κατὰ
579 2442 800 2517 καιρὸν,
846 2442 1129 2516 ἀφεθέντα
1159 2447 1409 2501 τοιοῦτον
1440 2441 1578 2500 ὥστε
1607 2441 1885 2501 ἀνάπαλιν

280 2526 620 2600 πορεύεσθαι
651 2524 854 2593 πολλάς
885 2526 1161 2599 περιόδων
1190 2526 1462 2599 μυριάδας
1494 2525 1586 2583 διά
1629 2526 1688 2583 τὸ
1729 2530 1882 2600 μέγι-

281 2629 411 2667 στον
441 2607 505 2666 ὂν
536 2612 626 2666 καὶ
671 2609 1111 2683 ι’σορροπεότατον
1154 2612 1240 2666 ἐπὶ
1282 2609 1644 2682 σμικροτάτου
1683 2617 1883 2682 βαῖνον

283 2693 454 2759 ποδὸς
487 2696 641 2750 ἰέναι.
1904 2724 1945 2756 30

410 2782 455 2833 8.
501 2784 763 2834 Φαίνεται
795 2782 931 2848 γοῦν
962 2775 1030 2849 δὴ
1063 2779 1154 2833 καὶ
1183 2774 1328 2849 μάλα
1360 2775 1580 2842 εἰκότως
1624 2779 1879 2851 εἰρῆσθαι

283 2860 461 2919 πάντα
492 2859 596 2917 ὅσα
630 2860 980 2933 διελήλυθας.
