2014 3146
567 125 783 167 PRAEP.
815 125 1035 168 EVANG.
1067 126 1165 167 XV.
1198 125 1398 166 40—46.
1685 122 1790 174 405

309 245 356 298 3.
400 239 722 316 Ἐπίκουρος
756 242 816 299 δὲ
846 239 1015 300 οὐδὲν
1044 239 1258 299 τούτων
1291 236 1584 315 ἐγκρίνει.”
1818 262 1840 294 «1

182 365 345 415 XLIV.
802 352 984 428 “Περὶ
1014 352 1165 425 ὕλης.

295 449 426 524 ’Ὑλη
460 454 572 509 ἐστὶ
604 451 664 509 τὸ
693 450 1063 524 ὑποκείμενον
1102 455 1315 524 γενέσει
1356 453 1447 508 καὶ
1478 453 1671 526 φθορᾷ
1700 452 1792 507 καὶ

182 551 301 602 ταῖς
332 534 520 604 ἄλλαις
550 542 892 609 μεταβολαῖς.

140 651 159 681 5
309 625 358 677 2.
411 625 486 678 015
511 617 618 677 ἀπὸ
654 619 845 677 Θάλεω
878 622 970 676 καὶ
1001 618 1315 692 Πυθαγόρα
1346 621 1436 676 καὶ
1469 625 1526 677 oc
1551 620 1792 677 Στωϊκοὶ

93 739 96 742 <
180 703 420 776 τρεπτὴν
459 706 550 761 καὶ
593 702 897 776 ἀλλοιωτὴν
937 706 1029 760 καὶ
1069 703 1309 778 ῥευστὴν
1348 701 1484 777 ὅλην
1525 701 1602 760 δι’
1647 700 1794 760 ὅλων

180 787 281 861 τὴν
310 787 468 861 ὕλην.

309 877 356 930 3.
409 877 483 930 Οί
516 869 620 930 ἀπὸ
663 878 1049 980 Δημοκρίτου,
1092 874 1286 944 ἀπαθῆ
1329 870 1392 929 τά
1435 876 1652 945 πρῶτα,
1693 871 1795 943 τὴν

181 955 387 1030 ἄτομον
429 959 520 1014 καὶ
550 955 610 1014 τὸ
642 981 807 1014 κενου
851 959 943 1013 καὶ
972 955 1032 1013 τὸ
1063 954 1370 1029 ἀσώματον.

119 1072 160 1102 10
310 1045 358 1098 4.
402 1039 777 1114 Ἀριστοτέλης
810 1043 902 1097 καὶ
942 1039 1183 1098 Πλατων
1226 1038 1331 1113 τὴν
1367 1038 1511 1113 ὕλην
1542 1058 1794 1113 σωματο-

183 1129 331 1197 ειὸῆ,
363 1123 645 1200 ἄμορφον,
679 1116 986 1198 ἀνείδεον,
1011 1123 1435 1198 ἀσχημάτιστον,
1467 1123 1665 1182 ἀποιον
1694 1149 1796 1198 μεν

179 1208 312 1267 ὅσον
353 1212 442 1266 ἐπὶ
481 1213 550 1284 τῇ
591 1215 708 1266 ἰδία
748 1208 942 1283 φύσει,
989 1209 1295 1282 δεξαμενὴν
1339 1210 1400 1266 δε
1450 1213 1563 1266 τῶν
1606 1213 1900 1281 εἰδῶν,[493]

179 1291 301 1351 οἷον
330 1293 570 1367 τιθηνὴν
601 1296 692 1351 καὶ
725 1298 1016 1368 ἐκμαγεῖον
1047 1296 1139 1350 καὶ
1162 1295 1370 1367 μητέρα
1399 1296 1679 1366 γενέσθαι.
1742 1298 1800 1349 οἰ

182 1379 244 1435 δὲ
285 1376 442 1449 ὕδωρ
484 1381 766 1451 λέγοντες,
823 1382 966 1451 πῦρ,
1019 1375 1251 1451 ἢάέρα,
1295 1375 1468 1451 ἢγῆν
1497 1376 1598 1451 τὴν
1629 1374 1903 1450 ὕλην,(846)

120 1491 159 1523 15
183 1461 368 1520 οὐκέτι
409 1461 661 1537 ἄμορφον
704 1461 881 1535 αὐτὴν
920 1465 1208 1535 λέγουσιν,
1261 1461 1400 1519 ἀλλὰ
1432 1465 1613 1535 σῶμα·
1647 1467 1704 1518 οἱ
1732 1462 1794 1518 δὲ

182 1548 247 1603 τὰ
278 1546 481 1622 ἀμερῆ,
516 1550 608 1604 καὶ
637 1545 732 1614 τὰς
757 1544 1020 1620 ἀτόμους,
1054 1543 1363 1621 ἅμορφον.”

179 1670 319 1719 XLV.
797 1655 980 1734 “11st
1014 1662 1178 1725 ἰδέας.

304 1753 442 1814 Ἰδέα
485 1760 550 1814 δέ
588 1760 738 1815 ἐστιν
778 1754 942 1815 οὐσία
983 1754 1298 1830 ἀσώματος,
1344 1754 1484 1829 αὐτὴ
1523 1757 1626 1829 μὲν
1655 1752 1793 1830 ὑφε·

182 1844 366 1898 σταῖσα
409 1844 501 1898 καὶ
548 1839 680 1899 καθ’
730 1841 962 1914 ἑαυτὴν,
1018 1848 1359 1911 εἰκονίζουσα
1400 1842 1460 1898 δὲ
1499 1839 1595 1908 τάς
1627 1838 1794 1914 ἀμόρ-

118 1954 159 1986 20
183 1950 325 1998 φους
355 1923 490 1992 ὕλας
534 1929 625 1983 καὶ
657 1932 804 1983 αἰτία
835 1930 1134 2000 γιγνομένη
1169 1930 1265 1999 τῆς
1293 1925 1507 1984 τούτων
1553 1929 1789 1994 δείξεως.
1819 1949 1840 1981 b

307 2014 356 2067 2.
402 2010 704 2085 Σωκράτης
739 2013 831 2068 καὶ
856 2009 1095 2069 Πλάτων
1119 2010 1387 2086 χωριστὰς
1409 2014 1504 2082 τῆς
1530 2008 1668 2082 ὕλης
1697 2007 1796 2068 οὐ-

183 2099 304 2160 σίας
327 2092 423 2161 τάς
447 2098 595 2162 ἰδέας
616 2091 1132 2168 ὑπολαμβάνουσιν,
1149 2098 1208 2152 ἐν
1230 2109 1343 2161 τοῖς
1356 2093 1596 2167 νοήμασι
1618 2096 1710 2151 καὶ
1735 2097 1795 2151 ἐν

181 2191 299 2244 ταῖς
313 2185 644 2250 φαντασίαις
660 2184 758 2236 τοῦ
771 2183 929 2251 θεοῦ,
942 2181 1188 2236 τουτέστι
1202 2182 1301 2236 τοῦ
1313 2183 1434 2251 νοῦ,
1450 2176 1791 2252 ὑφεστώσας.

309 2267 357 2320 3.
402 2260 774 2337 Ἀριστοτέλης
823 2269 945 2335 εἴδη
983 2264 1087 2336 μὲν
1128 2265 1360 2320 ἀπέλιπε
1390 2265 1482 2320 καὶ
1517 2264 1695 2335 ἰδέας,
1726 2261 1794 2319 οὐ

118 2375 158 2407 25
182 2344 292 2419 μὴν
332 2349 736 2422 κεχωρισμένας
775 2351 871 2420 τῆς
909 2346 1078 2420 ὕλης,
1132 2351 1235 2416 ἔξω
1276 2346 1518 2421 γεγονώς
1556 2350 1654 2404 τοῦ
1685 2345 1794 2404 ὑπὸ

182 2434 281 2487 τοῦ
309 2435 467 2489 θεοῦ.

311 2520 359 2573 4.
415 2520 488 2573 Οί
514 2515 622 2573 ἀπὸ
654 2514 914 2588 Ζήνωνος
946 2519 1188 2574 Στωϊκοὶ
1219 2516 1526 2591 ἐννοήματα
1558 2514 1793 2590 ἡμέτερα

184 2597 278 2666 τας
312 2598 518 2666 ἰδέας.”

183 2722 341 2773 XLVI.
630 2708 812 2787 “112st
843 2711 1046 2781 τάξεως
1077 2711 1337 2787 ἀστέρων.

298 2880 351 2918 29
385 2877 504 2931 Περὶ
529 2871 706 2929 τάξεως
730 2870 960 2933 ἀστέρων]
995 2879 1228 2920 Plutarch.
1262 2891 1303 2930 p.
1327 2878 1408 2918 889
1431 2891 1472 2919 a.
