2014 3146
263 111 368 163 314
934 109 1183 151 EUSEBII

262 226 541 302 φθάνοιεν
561 225 706 283 οὕτω
731 248 795 297 γε
819 226 910 281 καὶ
933 248 1028 290 τας
1055 222 1215 292 δόξας
1237 222 1450 291 ἁπάσας
1469 224 1698 328 ἀληθεῖς
1729 250 1867 285 απο-

262 318 580 385 φαίνοντες
649 307 826 367 πολλοὶ
869 333 974 382 γαρ
1021 307 1089 381 δὴ
1130 311 1221 365 καὶ
1271 308 1494 376 ταύταις
1545 310 1868 385 πεφύκαμεν

263 404 501 467 κρίνειν·
559 396 650 451 καὶ
690 391 860 451 οὐδεν
899 394 1063 465 ἡττον
1113 389 1362 461 αξιοῦσιν
1409 391 1593 451 αὐτων
1631 420 1725 463 τας
1765 420 1868 469 μεν

219 500 240 533 d
263 479 492 553 ἀληθεῖς
516 478 677 551 εἶναι,
709 502 804 544 τας
838 478 898 534 δε
929 483 1169 546 ψευδεῖς.
1229 482 1307 534 10.
1343 484 1529 534 ε’πειτα
1556 480 1617 534 δε
1647 483 1870 538 σκοπῶν

265 570 373 622 ἴδοι
417 587 498 631 τις
539 560 609 620 ἂν
649 563 783 620 οὐδὲ
822 565 935 619 τῶν
964 559 1149 619 ἄλλων
1188 569 1487 635 κριτηρίων
1527 560 1612 620 ἀεὶ
1654 565 1746 620 καὶ
1779 564 1908 620 διὰό

263 647 466 714 παντὸς
506 645 745 716 ἀψευδὲς
787 645 983 718 οὐδὲν,
1027 643 1147 704 οἷον
1178 649 1319 718 λέγω
1352 645 1547 719 ζυγὸν,
1588 642 1870 720 ἢτόρνον,

263 731 298 805 ἢ
327 758 378 790 τι
408 738 521 789 τῶν
540 730 829 790 τοιούτων·
877 728 997 788 ἀλλ’
1026 734 1257 788 ἕκαστον
1277 729 1462 789 αὐτῶν
1484 727 1586 788 ὡδὶ
1615 733 1718 805 μὲν
1748 738 1873 805 ἔχον

262 817 413 890 ὑγιές
447 819 622 889 ἐστιν,
657 814 759 872 ὡδὶ
795 815 855 872 δὲ
885 815 1192 889 μοχθηρόν”
1240 818 1333 872 καὶ
1363 818 1581 874 τουτονὶ
1604 817 1706 890 μὲν
1736 815 1874 890 χρώ·

264 926 433 975 μενον
478 902 574 959 τόν
616 899 822 973 τρόπον
866 897 1165 973 ἀληθεύει,
1219 903 1442 958 τουτονὶ
1484 901 1546 957 δὲ
1591 899 1869 969 ψεύδεται.

265 989 355 1043 καὶ
395 985 504 1059 μὴν
551 995 606 1043 εἴ
643 1009 705 1058 γε
750 987 898 1042 πᾶσα
929 995 1188 1057 αἴσθησις
1219 981 1432 1057 ἀληθὴς
1477 977 1576 1057 ἦν,
1623 984 1725 1043 οῦκ
1757 990 1873 1042 ἔδει
1898 1007 1937 1038 10

265 1075 530 1128 τοσοῦτον
563 1072 851 1142 διαφέρειν
884 1068 1068 1134 αὐτάς.
1130 1066 1292 1125 ἄλλαι
1321 1068 1427 1142 γάρ
1460 1075 1602 1128 εἰσιν
1634 1068 1875 1143 ἐγγύθεν

265 1157 356 1212 καὶ
387 1154 714 1228 πόρρωθεν,
757 1155 847 1209 καὶ
890 1152 1212 1211 νοσούντων
1254 1156 1345 1210 καὶ
1378 1157 1736 1227 ἐρρωμένων,
1782 1156 1874 1211 καὶ

264 1243 527 1312 τεχνιτῶν
567 1241 658 1295 καὶ
699 1234 972 1311 ἀτέχνων,
1016 1240 1107 1295 καὶ
1148 1243 1439 1311 φρονίμων
1469 1240 1559 1295 καὶ
1591 1237 1871 1311 ἀφρόνων.

263 1322 358 1389 τὰς
392 1324 451 1380 δὲ
484 1320 552 1395 δὴ
582 1325 695 1379 τῶν
723 1321 1048 1395 μεμηνότων
1078 1321 1430 1380 παντάπασιν
1451 1319 1522 1379 ἂν
1554 1332 1638 1395 εἰή
1669 1321 1876 1381 ἄτοπον

265 1411 447 1480 λέγειν
490 1406 721 1479 ἀληθεῖς
767 1407 909 1464 εἶναι
949 1409 1041 1463 καὶ
1081 1405 1175 1474 τὰς
1184 1411 1328 1508 τοῖν
1369 1406 1744 1480 παρορώντων
1783 1409 1872 1464 καὶ
1899 1427 1939 1460 15

157 1511 244 1554 (768)
234 1490 726 1567 )παρακουόντων
790 1489 993 1564 εὔηθες
1015 1486 1183 1594 γὰρ’
1159 1516 1229 1548 αν
1259 1492 1330 1564 ἡν
1359 1489 1420 1548 τὸ
1451 1490 1767 1564 λεγόμενον,
1803 1490 1876 1558 ὡς

845 1571 932 1592 ηἳὶ

265 1573 293 1633 ὁ
325 1599 586 1651 παρορων
615 1574 736 1648 ἤτοι
766 1574 868 1651 ὅρα
899 1602 931 1649 η
963 1573 1063 1649 οῦχ
1094 1574 1220 1651 ὅρα
1277 1582 1415 1648 φαίη
1445 1600 1550 1683 γαρ
1583 1601 1654 1634 αν
1683 1600 1763 1642 τις
1794 1574 1876 1633 ότι

265 1659 368 1736 ορᾷ
397 1685 529 1734 μεν,
562 1657 686 1717 ἀλλ’
721 1658 824 1717 οῦκ
854 1659 1055 1733 ὀρθῶς.
1122 1665 1203 1716 11.
1236 1658 1446 1717 ὁπόταν
1474 1663 1662 1733 μέντοι
1693 1663 1876 1732 φῶσιν

268 1769 340 1811 ως
371 1744 404 1816 ἡ
444 1770 545 1817 μεν
585 1753 844 1816 αἱσθησις
886 1745 1025 1800 οὐσα
1068 1741 1265 1816 ἄλογος
1306 1741 1475 1802 οῦδεν
1505 1750 1876 1818 προστίθησιν

267 1825 392 1884 οὐδ’
426 1827 670 1900 ἆφαιρει,
702 1835 996 1900 φαίνονται
1025 1826 1325 1900 τᾶμποδών
1355 1826 1456 1901 οὐχ
1487 1824 1750 1900 ὁρῶντες
1785 1829 1871 1884 ἐπὶ
1897 1850 1938 1881 20

265 1913 370 1985 γὰρ
402 1916 501 1970 τοῦ
531 1915 759 1986 ἐρετμοῦ
790 1914 890 1968 τοῦ
920 1914 980 1970 ἐν
1009 1915 1084 1988 τῷ
1114 1909 1307 1982 ῦδατι,
1340 1910 1473 1969 κάπὶ
1500 1915 1613 1969 τῶν
1642 1916 1876 1986 γραφῶν

267 1999 357 2054 καὶ
388 2003 606 2069 μυρίων
636 1994 840 2066 ἄλλων,
872 1994 905 2069 ἡ
938 2003 1200 2069 αἴσθησίς
1222 2001 1371 2054 ἐστιν
1402 1993 1435 2069 ἡ
1466 1994 1744 2056 ἀπατῶσα.
1790 1995 1875 2054 διὸ

266 2083 358 2137 καὶ
389 2079 723 2154 μεμφόμεθα
754 2079 954 2146 πάντες
981 2083 1201 2138 ἐπὶτῶν
1224 2079 1488 2138 τοιούτων
1517 2077 1583 2137 οῦ
1613 2079 1710 2139 τὸν
1739 2083 1878 2138 νοῦν

266 2164 450 2238 ἡμῶν,
482 2164 621 2222 ἀλλὰ
650 2163 751 2238 τὴν
781 2172 1109 2236 φαντασίαν.
1166 2168 1374 2238 ἐλέγχει
1396 2161 1552 2238 γὰρὸ
1584 2164 1742 2238 λόγος
1775 2163 1878 2222 αῦ-

267 2247 356 2315 τὸς
400 2249 598 2307 ἑαυτὸν
637 2247 807 2317 ἀξιων
860 2267 1084 2307 απασαν
1129 2248 1317 2323 αληθῆ
1357 2256 1672 2322 φαντασίαν
1715 2249 1872 2307 εἶναι.
1899 2271 1939 2303 25

953 2331 965 2351 2
1024 2330 1046 2351 ἢ

222 2362 245 2393 b
269 2331 369 2404 τὴν
398 2358 503 2407 γαρ
543 2329 844 2406 ἡμετέραν,
889 2339 944 2390 δι
1009 2359 1079 2406 ην
1109 2332 1213 2391 οὐκ
1254 2332 1488 2407 οἰόμεθα
1518 2337 1701 2391 πᾶσαν
1733 2333 1875 2391 εἶναι

169 2415 558 2489 ι449]τοιαύτην,
590 2421 772 2489 ψευδῆ
814 2440 1030 2485 παντως
1062 2417 1376 2491 ἀποφαίνει
1439 2424 1736 2490 συμβαίνει
1766 2422 1874 2474 τοί-

269 2525 376 2557 νυν
406 2499 592 2567 αύτοῖς
623 2500 843 2558 ἅπασαν
883 2509 1197 2574 φαντασίαν
1235 2501 1420 2575 ἀληθῆ
1451 2503 1541 2559 καὶ
1573 2505 1757 2573 ψευδῆ
1785 2503 1878 2558 λε’-

269 2609 389 2656 γειν
421 2584 579 2642 εἶναι.
660 2590 738 2642 12.
757 2585 1021 2644 ·καθόλου
1062 2588 1123 2644 δὲ
1154 2585 1566 2660 ἁμαρτάνουσιν
1595 2583 1875 2653 ἀξιοῦντες

269 2665 431 2726 ὁποῖα
472 2664 541 2726 ἂν
571 2665 704 2741 ἡμῖν
745 2677 1009 2742 φαίνηται
1047 2670 1113 2728 τὰ
1157 2670 1478 2743 πράγματα,
1520 2672 1742 2726 τοιαῦτα
1782 2671 1874 2725 καὶ
1898 2691 1937 2724 30

273 2753 428 2810 εἶναι.
489 2751 818 2810 τούναντίον
847 2754 980 2827 γὰρ,
1012 2754 1176 2813 ὁποῖα
1206 2757 1453 2827 πέφυκε,
1484 2757 1708 2811 τοιαῦτα
1739 2760 1875 2826 φαί-

270 2862 441 2910 νεται,
474 2839 565 2894 καὶ
588 2834 687 2911 οῦχ
711 2833 867 2910 ἡμεῖς
889 2835 1027 2896 αὐτὰ
1048 2842 1317 2912 ποιοῦμεν
1347 2837 1518 2905 οὕτως
1551 2844 1713 2910 ἔχειν,
1746 2835 1865 2894 ἀλλ’
