2014 3146
268 109 373 162 382
949 112 1198 152 EUSEBII

268 226 439 300 μόνον
468 236 769 299 θερμανεῖ,
803 225 1018 300 ψυχρὸν
1051 225 1112 281 δὲ
1141 224 1314 298 μόνον
1345 225 1529 300 ψύξει,
1571 229 1661 284 καὶ
1691 233 1877 301 κοῦφα

271 309 487 382 ποιήσει
529 309 589 366 τὸ
636 313 849 382 κοῦφον
891 308 1337 384 προσγενόμενον
1382 313 1473 367 καὶ
1522 312 1734 386 παρὸν,
1781 314 1874 369 καὶ

269 402 507 467 βαρυνεϊ
533 393 591 450 τὸ
624 393 800 467 βαρὺ,
833 396 924 450 καὶ
954 401 1184 466 μελανεῖ
1209 393 1269 451 τὸ
1299 395 1500 468 μέλαν,
1532 398 1623 452 καὶ
1653 396 1714 454 τὸ
1745 404 1874 454 λευ-

267 479 367 535 κὸν
406 477 606 535 λευκὸν
645 477 878 550 ποιήσει.
968 483 1051 535 21.
1099 475 1166 535 οὐ
1205 477 1310 552 γαρ
1351 477 1524 553 πυρὸς
1564 479 1623 536 τὸ
1655 479 1871 553 ψύχειν,

269 559 400 619 οὐδὲ
441 566 539 620 τοῦ
581 567 798 636 ψυχροῦ
829 561 1012 635 θερμοὶ
1042 575 1238 621 ποιεῖν.
1286 560 1410 619 ἀλλ’
1445 560 1480 636 ἤ
1511 587 1572 636 γε
1603 562 1751 637 ψυχὴ
1782 567 1873 622 καὶ
1917 587 1938 620 5

218 669 234 690 ⁰
271 651 330 703 ἐν
352 645 536 713 ἄλλοις
559 648 661 719 μὲν
684 645 835 722 ζῴοις
858 646 1017 719 ἄλλα,
1050 647 1117 703 τὰ
1147 648 1206 704 δὲ
1238 645 1378 704 ἄλλα
1398 662 1563 719 ποιεῖ,
1596 651 1685 704 καὶ
1722 651 1874 726 ἐντῷ

269 732 330 788 δὲ
358 729 508 808 αὐτῷ
531 731 596 788 τὰ
616 735 856 804 ἐναντία,
877 729 943 788 τοὶ
955 732 1058 805 μὲν
1075 735 1349 804 πηγνῦσα,
1374 731 1439 788 τὰ
1464 732 1526 789 δὲ
1542 734 1762 806 χέουσα,
1783 736 1875 790 καὶ

265 815 330 872 τὰ
362 817 463 888 μὲν
492 814 704 887 πυκνοὶ,
746 816 812 872 τὰ
843 817 904 873 δὲ
935 814 1128 888 ἀραιὰ,
1170 818 1407 889 μέλανα,
1440 817 1640 889 λευκὰ,
1672 821 1874 890 κοῦφα,

266 903 468 972 βαρέα·
511 907 687 957 καίτοι
719 905 779 958 ἓν
811 906 923 957 ἔδει
953 915 1164 972 ποιεῖν,
1198 900 1335 957 κατὰ
1364 899 1466 973 τὴν
1495 904 1598 958 τοῦ
1626 900 1874 975 σώματος

266 983 525 1057 ποιότητά
555 1008 613 1040 τε
642 982 745 1056 τὴν
774 983 948 1057 ἄλλην
978 987 1070 1041 καὶ
1103 983 1293 1059 χρόαν,
1325 989 1431 1043 νῦν
1464 986 1525 1042 δὲ
1555 985 1783 1043 πολλά.”
1897 1010 1936 1040 10

391 1074 475 1126 22.
502 1065 654 1135 “Tdcg
689 1070 749 1125 δὲ
782 1069 850 1141 δὴ
882 1067 1125 1141 κινήσεις
1156 1073 1271 1135 πῶς
1297 1068 1620 1144 διαφόρους,
1647 1067 1770 1127 ἀλλ’
1804 1067 1872 1127 ού

265 1159 426 1225 μίαν,
469 1156 595 1225 μιᾶς
639 1151 807 1226 οὔσης
849 1153 1053 1220 παντὸς
1093 1152 1342 1226 σώματος
1381 1153 1676 1226 κινήσεως;
1724 1161 1776 1212 εἰ
1813 1157 1875 1212 δὲ

219 1264 241 1295 d
265 1240 377 1293 τῶν
408 1239 510 1310 μὲν
540 1240 905 1310 προαιρέσεις,
930 1243 1042 1295 τῶν
1067 1239 1126 1294 δὲ
1159 1236 1356 1310 λόγους
1387 1237 1747 1311 αἰτιάσονται,
1779 1236 1875 1312 ὀρ-

263 1324 382 1387 θῶς
413 1323 515 1395 μὲν
545 1326 736 1395 τοῦτο,
771 1319 891 1378 ἀλλ’
928 1321 994 1379 οὐ
1026 1321 1275 1395 σώματος
1305 1323 1338 1395 ἡ
1371 1329 1707 1396 προαίρεσις,
1740 1322 1872 1381 οὐδὲ

265 1410 322 1462 οἱ
349 1405 500 1478 λόγοι
533 1405 797 1480 διάφοροί
821 1431 884 1479 γε
913 1404 1068 1474 ὄντες
1099 1405 1220 1474 ἑνὸς
1249 1405 1406 1473 ὄντος
1437 1410 1527 1464 καὶ
1567 1403 1747 1465 ἁπλοῦ
1775 1412 1873 1465 τοῦ
1898 1428 1938 1464 15

264 1489 540 1563 σώματος,
581 1493 672 1547 καὶ
714 1490 780 1548 οὐ
819 1489 984 1565 μετὸν
1025 1488 1173 1568 αὐτῷ
1212 1491 1464 1550 τοιούτου
1506 1517 1568 1565 γε
1598 1491 1797 1565 λόγου,
1839 1491 1873 1565 ἢ

263 1572 390 1641 ὅσος
425 1578 643 1633 δέδοται
676 1574 823 1653 αὐτῷ
849 1575 998 1650 παρὰ
1021 1579 1121 1634 τοῦ
1143 1575 1472 1649 ποιήσαντος
1496 1576 1712 1651 θερμὸν
1735 1575 1871 1634 αὐτὸ

264 1654 296 1730 ἢ
339 1658 555 1734 ψυχρὸν
602 1660 758 1718 εἶναι.
849 1666 932 1717 23.
979 1660 1039 1717 τὸ
1081 1662 1141 1718 δε
1181 1663 1273 1718 καὶ
1315 1666 1375 1719 ἐν
1414 1660 1633 1735 χρόνοις
1663 1660 1869 1733 αύξειν,

263 1746 354 1800 καὶ
385 1747 542 1817 μέχρι
572 1745 838 1802 τοσούτου
867 1747 1088 1819 μέτρου,
1114 1744 1293 1803 πόθεν
1323 1741 1392 1803 ἂν
1421 1750 1497 1822 τῷ
1529 1744 1738 1818 σώματι
1771 1743 1874 1802 αύ-

261 1832 336 1901 τῷ
367 1830 604 1899 γένοιτο;
639 1821 683 1904 ᾧ
713 1829 979 1900 προσήκει
1007 1853 1109 1901 μεν
1139 1827 1426 1902 αύξεσθαι,
1452 1827 1606 1906 αύτῳ
1627 1829 1739 1886 δε’
1711 1836 1871 1902 αμοί-
1893 1854 1936 1885 20

263 1935 342 2011 ρω
374 1936 471 1968 του
502 1911 691 1980 αύξειν
723 1912 884 1986 εἶναι,
913 1907 948 1986 ἢ
978 1910 1112 1970 ὅσον
1136 1911 1578 1987 παραληφθείη
1556 1938 1628 1970 αν
1653 1917 1713 1970 ἐν
1735 1912 1871 1987 ύλης

260 1993 407 2073 ὄγκῳ
437 1995 752 2071 ὑπηρετοῦν
782 2000 860 2071 τῷ
886 1994 962 2054 δι’
997 1996 1167 2055 αὐτου
1189 1997 1291 2070 τὴν
1314 1996 1486 2071 αύξην
1513 2002 1868 2075 ἐργαζομένῳ.

263 2082 353 2136 καὶ
383 2105 488 2153 γαρ
515 2088 565 2138 ει
594 2078 626 2154 ἡ
658 2081 806 2154 ψυχὴ
839 2085 994 2155 σῶμα
1024 2075 1164 2139 οὖσα
1196 2080 1371 2153 αύξοι,
1404 2082 1618 2155 ἀναγκη
1650 2086 1742 2139 καὶ
1774 2080 1871 2140 αύ-

150 2190 241 2232 (308)
260 2190 362 2237 την
393 2164 692 2238 αὔξεσθαι,
734 2165 1030 2241 προσθήκῃ
1078 2165 1330 2239 δηλονότι
1369 2167 1562 2240 ὁμοίου
1602 2166 1870 2239 σώματος,

265 2256 315 2305 εἰ
331 2251 518 2322 μέλλει
542 2257 618 2316 εἰς
641 2260 764 2308 ἴσον
789 2253 928 2308 ἰέναι
952 2255 1026 2327 τῷ
1052 2250 1335 2328 αὐξομένῳ
1358 2250 1454 2308 ὑπ’
1484 2249 1671 2323 αὐτῆς.
1719 2254 1811 2308 καὶ
1835 2248 1869 2324 ἢ
1892 2273 1934 2306 25

260 2334 409 2406 ψυχὴ
441 2341 592 2392 ἔσται
622 2334 681 2392 τὸ
722 2337 1188 2409 προστιθέμενον,
1231 2333 1265 2408 ἢ
1304 2333 1523 2409 ἄψυχον
1564 2340 1733 2409 σῶμα.
1781 2341 1864 2393 24.

261 2420 352 2474 καὶ
386 2424 437 2475 εί
464 2420 565 2491 μὲν
595 2412 774 2493 ψυχὴ,
816 2418 996 2477 πόθεν
1036 2422 1127 2476 καὶ
1166 2424 1281 2487 πῶς
1323 2419 1601 2493 εἰσιούσης
1631 2423 1724 2477 καὶ
1754 2424 1868 2487 πῶς

262 2506 725 2576 προστιθεμένης;
770 2510 822 2561 εἰ
850 2505 911 2561 δὲ
941 2502 1158 2578 ἄψυχον
1187 2503 1247 2562 τὸ
1271 2508 1729 2578 προστιθέμενον,
1754 2507 1869 2570 πῶς

260 2590 420 2643 τοῦτο
471 2586 785 2660 ψυχώσεται
843 2591 935 2646 καὶ
986 2592 1064 2665 τῷ
1111 2587 1361 2663 πρόσθεν
1419 2588 1871 2662 ὁμογνωμονήσει

261 2674 351 2727 καὶ
414 2695 475 2728 εν
534 2677 683 2728 ἔσται
742 2675 834 2729 καὶ
888 2677 1000 2730 τῶν
1061 2670 1246 2730 αὐτῶν
1307 2677 1483 2742 δοξῶν
1545 2677 1612 2746 τῇ
1675 2670 1865 2746 πρώτῃ
1887 2694 1931 2727 30

261 2754 655 2828 μεταλήψεταις
718 2754 837 2813 ἀλλ’
889 2782 994 2831 ουχ
1035 2755 1219 2831 ω’σπερ
1263 2759 1390 2831 ξενη
1434 2755 1583 2830 ψυχὴ
1624 2753 1763 2829 αύτη
1806 2760 1866 2814 ἑν

261 2837 458 2916 ἀγνοίᾳ
502 2847 653 2899 ἔσται
699 2865 778 2898 ων
808 2837 841 2913 ἡ
883 2845 1038 2917 ἑτέρα
1079 2843 1223 2900 οἶδε
1278 2844 1368 2899 καὶ
1410 2859 1592 2916 ωσπερ
1635 2837 1662 2898 ὃ
1702 2838 1866 2907 αλλος
