2014 3146
315 126 386 179 50
991 127 1239 169 EUSEBH

317 242 464 301 ὅλων
503 245 643 300 θεοῦ
681 246 1021 315 πεποιῆσθαι
1069 241 1363 301 διδάσκων.
1455 248 1501 301 8.
1547 239 1686 300 ἀλλὰ
1735 245 1827 300 καὶ
1869 248 1929 300 οἵ

207 351 297 393 (546)
316 325 453 401 μετὰ
483 329 696 385 Μωσέα
740 331 934 392 παῖδες
956 325 1229 398 Ἐβραίων
1259 325 1418 399 ἥλιόν
1445 351 1569 385 τινα
1601 327 1743 385 εἶναι
1772 324 1922 383 οἷσι-ό-

316 435 490 485 ματον
548 407 615 467 οῦ
665 414 836 467 πᾶσιν
890 406 1092 483 ὁρατὸν
1150 408 1284 468 οὐδὲ
1332 421 1561 484 θνητοῖς
1609 408 1921 484 ὀφθαλμοῖς

314 493 667 568 ὑπαγόμενον
705 490 1003 568 ὁρίζονται,
1046 490 1118 561 ὥς
1147 490 1175 551 ὁ
1207 494 1492 568 προφήτης
1524 500 1583 553 ἐκ
1621 494 1922 568 προσώπου

317 583 456 637 θεοῦ
497 581 675 652 λέγων
706 577 858 646 “vols
898 580 959 636 δὲ
989 581 1358 653 φοβουμένοις
1388 602 1457 652 με
1485 576 1745 637 άνατελεΐ
1770 578 1922 652 ἥλιος
1946 602 1969 635 5

319 661 729 736 δικαιοσύνης.”
823 668 871 721 9.
916 665 1007 720 καὶ
1048 661 1223 736 αὐτὴν
1265 664 1325 721 δὲ
1359 662 1749 736 δικαιοσύνην,
1799 661 1922 736 οὐχὶ

315 747 418 820 τὴν
441 745 607 805 ποιὰν
632 750 692 804 ἐν
714 746 1054 822 ἀνθρώποις,
1079 744 1217 804 ἀλλὰ
1239 746 1341 822 τὴν
1362 746 1564 821 ταύτης
1589 751 1748 806 ἰδέαν
1770 748 1925 805 οἶδεν

317 830 790 906 ἄλλος’Ἑβραίων
820 830 1135 906 προφήτης,
1181 830 1209 889 ὅ
1241 831 1424 906 φήσας
1467 835 1594 906 περὶ
1633 836 1773 891 θεοῦ
1807 827 1926 899 “τίς

319 915 596 991 ἐξήγειρεν
626 913 732 973 άπὸ
763 914 1051 974 ἀνατολῶν
1087 915 1473 990 δικαιοσύνην;
1522 915 1782 977 ἐκάλεσεν
1821 913 1923 973 αῦ-

317 1001 418 1075 τὴν
449 998 587 1058 κατὰ
617 999 915 1076 πρόσωπον
945 999 1148 1074 αὐτοῦ,
1189 1003 1283 1059 καὶ
1326 999 1655 1076 πορεύσεται
1700 999 1751 1057 δ’
1790 995 1921 1057 ὡσεὶ
1947 1024 1989 1056 10

275 1110 293 1141 b
321 1084 557 1143 ἐνώπιον
590 1088 791 1143 ἐθνῶν
792 1083 822 1105 ”
898 1090 978 1143 10.
1023 1087 1115 1142 καὶ
1146 1083 1311 1158 λόγον
1342 1087 1403 1143 δε
1432 1095 1593 1143 θεῖον
1631 1082 1925 1158 ἀσώματον

318 1172 408 1227 καὶ
457 1166 701 1243 οὐσιώδη
741 1168 941 1244 ἀρτίως
991 1165 1127 1243 ἡμῖν
1177 1165 1205 1226 ὁ
1247 1169 1431 1236 κοινὸς
1469 1165 1626 1243 ἡμων
1665 1168 1824 1242 λόγος
1863 1172 1925 1227 ἐν

316 1267 429 1322 τοῖς
461 1253 714 1327 πρόσθεν
744 1253 852 1311 ἀπὸ
882 1257 978 1326 τῆς
1002 1252 1274 1327 Εβραίων
1302 1260 1542 1327 παρίστη
1571 1256 1804 1327 γραφῆς.
1857 1277 1924 1311 ου

317 1340 444 1412 περὶ
483 1337 652 1411 λόγου
691 1341 779 1395 καὶ
821 1337 953 1396 τάδε
994 1337 1144 1412 παρὰ
1181 1351 1296 1405 τοῖς
1339 1335 1527 1404 αὐτοῖς
1575 1348 1787 1413 εἴρηται
1830 1333 1925 1404 “39

319 1421 596 1496 ἐγεννήθη
627 1421 762 1496 ἡμῖν
802 1428 972 1496 σοφία
1012 1420 1119 1480 ἀπὸ
1157 1426 1326 1495 θεοῦ,
1373 1421 1699 1495 δικαιοσύνη
1740 1445 1797 1479 τε
1832 1424 1924 1479 καὶ
1948 1444 1989 1477 15

315 1506 582 1581 ἁγιασμὸς
623 1509 715 1565 καὶ
754 1506 1149 1581 απολύτρωσις.
1159 1503 1192 1526 ”
1286 1511 1365 1564 11.
1409 1509 1623 1579 λέγεται
1664 1507 1756 1564 καὶ
1796 1504 1923 1578 ζωὴ,

316 1594 531 1663 λέγεται
562 1593 654 1648 καὶ
684 1599 882 1664 σοφία,
925 1592 1161 1663 λέγεται
1177 1592 1269 1648 καὶ
1300 1587 1551 1675 ἀλήθεια.
1612 1593 1704 1648 καὶ
1743 1589 1924 1648 πάντα

315 1675 381 1733 τὰ
422 1673 540 1732 κατ’
587 1671 784 1733 οὐσίαν
821 1673 955 1733 ὄντα
994 1699 1053 1733 τε
1094 1677 1184 1732 καὶ
1223 1674 1516 1748 ὑφεστῶτα
1557 1680 1611 1732 οἱ
1651 1671 1924 1748 Εβραίων

317 1758 468 1831 λόγοι
502 1758 893 1832 διδάσκουσιν,
936 1760 1014 1834 (εἰ
1044 1759 1112 1833 δὴ
1137 1756 1379 1834 Εβραῖοι
1410 1761 1502 1817 καὶ
1532 1765 1590 1818 οὗ
1613 1764 1712 1817 τοῦ
1743 1764 1923 1830 σωτῆ-

278 1877 292 1899 c
318 1867 412 1917 ρος
452 1842 611 1916 ἡμῶν
650 1840 945 1902 ἆπόστολοί
982 1867 1040 1901 τε
1080 1847 1172 1902 καὶ
1210 1844 1488 1918 μαθηταὶ)
1546 1846 1639 1901 ναὶ
1679 1842 1790 1916 μὴν
1829 1845 1922 1900 καὶ
1943 1866 1986 1899 20

317 1934 517 2001 μυρίας
547 1925 714 1995 ἄλλας
744 1926 1069 2002 ἀσωμάτους
1101 1927 1388 2002 δυνάμεις,
1430 1926 1676 2003 ούρανοῦ
1707 1950 1765 1985 τε
1797 1929 1923 1985 ἐπέ-

317 2035 473 2070 κεινα
504 2014 596 2069 καὶ
626 2010 803 2085 πάσης
833 2016 927 2085 τῆς
957 2010 1150 2085 ὑλικῆς
1182 2015 1274 2069 καὶ
1305 2011 1551 2087 ῥοώδους
1582 2009 1799 2079 ούσίας
1843 2036 1923 2070 ων

317 2121 412 2163 τας
454 2095 670 2163 εἰκόνας
711 2101 771 2154 ἐν
819 2111 933 2163 τοῖς
982 2102 1271 2170 αἰσθητοῖς
1320 2115 1459 2169 φασι
1506 2102 1919 2154 κατατυπῶσαι

319 2180 407 2254 ἐφ’
446 2183 524 2238 ὠν
566 2179 675 2254 ἤδη
716 2184 807 2238 καὶ
849 2179 1090 2254 τοῦνομα
1129 2183 1226 2254 τῆς
1270 2179 1481 2247 εἰκόνος
1530 2179 1922 2278 παρειλήφασι

320 2269 399 2322 12.
453 2265 549 2322 τὸν
601 2269 739 2337 γοῦν
789 2262 1095 2339 άνθρωπον
1138 2263 1325 2323 εἰκόνα
1369 2263 1677 2339 διαρρήδην
1717 2267 1922 2337 νοητοῦ
1944 2286 1987 2318 25

318 2354 762 2421 παραδείγματος
794 2349 956 2422 εἶναι,
989 2351 1080 2407 καὶ
1111 2348 1291 2407 πάντα
1321 2349 1416 2408 τὸν
1444 2346 1765 2424 ἀνθρώπων
1795 2354 1921 2421 βίον

320 2436 380 2489 ἐν
423 2431 594 2489 εἰκόνι
645 2432 1080 2504 διαπορεύεσθαι
1125 2433 1390 2507 εἰρήκασι.
1467 2436 1613 2506 λέγει
1655 2431 1704 2489 δ’
1751 2425 1854 2490 οῦν
1893 2431 1922 2489 ὁ

318 2519 532 2588 ,Μωσῆς
575 2514 706 2574 “καὶ
749 2519 1006 2587 ἐποίησεν
1047 2514 1076 2574 6
1116 2517 1247 2584 θεὸς
1287 2517 1383 2575 τὸν
1421 2515 1753 2588 ἄνθρωπον,
1795 2513 1916 2573 κατ’

270 2621 291 2651 d
320 2598 506 2657 εἰκόνα
563 2604 704 2658 θεοῦ
764 2604 1024 2672 ἐποίησεν
1082 2599 1299 2658 αὐτόν.”
1384 2602 1474 2657 καὶ
1533 2599 1701 2657 πάλιν
1757 2597 1920 2665 ἄλλος

317 2680 567 2756 Ἐβραῖος
618 2683 683 2741 τὰ
726 2683 926 2755 πάτρια
975 2683 1367 2757 φιλοσοφῶν
1371 2684 1644 2756 μέντοιγε
1695 2682 1917 2756 (φησὶν)
1942 2704 1985 2736 30

321 2772 382 2826 ἐν
425 2767 596 2825 εἰκόνι
638 2767 1024 2841 διαπορεύεται
1065 2766 1414 2842 ἅνθρωπος.”
1485 2764 1593 2840 ἤδη
1635 2768 1694 2824 δε
1733 2768 1824 2823 καὶ
1866 2773 1924 2824 οι

316 2855 430 2910 τῶν
471 2856 635 2925 ἱερῶν
676 2851 863 2925 νόμων
904 2855 1157 2926 ἐξηγηταὶ
1198 2851 1565 2910 ἐπάκουσον
1545 2850 1692 2919 όπως
1729 2849 1829 2925 τὴν
1861 2854 1920 2908 ἐν
