2014 3146
314 146 419 199 228
990 147 1237 188 EUSEBII

314 265 408 321 καὶ
440 261 595 320 αὐτοὶ
625 275 739 328 τοῖς
769 260 1164 334 γεγεννηκόσιν
1195 265 1249 330 ἐξ
1283 271 1433 333 ἰ’σου;
1477 267 1592 330 πῶς
1624 261 1673 320 δ’
1710 260 1926 338 ἀγαθῆς

312 346 482 420 οὔσης
513 350 690 420 πηγῆς
721 343 821 420 οὐχ
851 343 1011 420 ὅμοια
1035 346 1216 403 καὶτὰ
1246 343 1379 421 παρ’
1414 344 1614 421 αὐτῆς;
1648 355 1842 417 κακίας
1868 348 1919 406 δ’

315 436 377 490 ἐν
420 445 532 498 τοῖς
576 434 855 505 δευτέροις
895 429 928 504 ἡ
969 429 1179 504 βλάστη
1219 429 1399 488 πόθεν
1440 434 1604 504 ἐξέφυ
1642 436 1736 506 τῆς
1778 438 1926 509 ῥίζης

312 514 540 574 ἄνωθεν
583 519 635 585 ἐξ
676 514 910 588 ἀγαθῶν
948 518 1043 573 καὶ
1087 512 1169 571 δι’
1202 512 1437 588 ἀγαθῶν
1467 515 1686 590 ἰούσης;
1731 523 1776 575 7.
1811 521 1926 586 πῶς

317 597 374 657 δ’
408 598 478 658 ἂν
507 603 720 673 γένοιτο
751 599 951 676 πικρὸν
974 597 1081 657 ἀπὸ
1111 603 1209 657 τοῦ
1240 601 1496 673 γλυκέος;
1531 606 1581 658 εἰ
1611 601 1672 658 δὲ
1697 599 1767 674 δὴ
1797 601 1928 660 σκό-
1971 627 1991 660 5

313 709 443 752 τους
473 684 677 753 παντὸς
707 687 798 742 καὶ
830 690 1051 758 πικρίας
1081 683 1259 757 πάσης
1302 683 1686 759 χαλεπώτερον
1716 685 1776 743 τὸ
1815 690 1928 745 τῶν

316 773 616 844 μοχθηρῶν
649 768 931 844 δαιμόνων
953 771 1140 842 γένος,
1172 773 1287 835 πῶς
1323 772 1376 837 ἐξ
1399 768 1699 842 ἀπορροίας
1723 768 1925 843 λέγοιτ’

314 852 386 912 ἂν
425 859 521 927 τῆς
562 858 675 913 τῶν
715 853 1047 929 κρειττόνων
1076 853 1325 927 φύσεωςς
1368 859 1418 911 εἰ
1457 855 1518 911 δὲ
1549 859 1610 912 ἐκ
1638 858 1808 927 τῆσδε
1837 848 1926 928 ἦν,

316 936 443 997 οὐδ’
481 935 551 996 ὄὶν
583 938 788 1011 ἐτράπη
819 942 914 1011 τῆς
945 945 1150 1005 οἰκείας
1175 938 1403 1011 λήξεως
1447 945 1499 995 εἰ
1527 938 1578 996 δ’
1615 936 1928 1011 ἠλλοίωται,

320 1020 448 1080 οὐδ’
482 1015 552 1096 ἦν
581 1023 684 1095 τὴν
714 1022 890 1096 ἀρχὴν
919 1021 1133 1089 ἀπαθὲς
1163 1022 1265 1094 τὴν
1295 1022 1498 1095 φύσιν·
1549 1029 1600 1080 εί
1628 1022 1677 1079 δ’
1715 1021 1782 1081 οὐ
1813 1048 1926 1081 τοι-
1951 1049 1990 1082 10

274 1131 294 1154 0
318 1107 418 1166 άδε
448 1100 546 1181 ἦν,
579 1111 672 1165 καὶ
702 1111 819 1175 πῶς
848 1110 975 1165 θεοὶ
1007 1108 1138 1179 εἶεν,
1170 1114 1225 1164 οἳ
1255 1106 1323 1179 δὴ
1347 1106 1564 1180 φαύλης
1598 1104 1792 1165 οἷοίτε
1823 1112 1928 1166 εἰσὶ

317 1196 566 1266 μετέχειν
596 1198 818 1266 μοίρας;
851 1197 897 1250 8.
932 1190 1057 1248 ἀλλ’
1096 1197 1146 1249 εἰ
1174 1189 1310 1265 μήτε
1339 1194 1434 1263 τῆς
1457 1196 1570 1250 τῶν
1598 1191 1930 1266 κρειττόνων

314 1276 616 1350 ἀπορροίας
648 1275 772 1351 μήτ’
810 1268 884 1333 αὖ
912 1283 1009 1349 τῆς
1038 1280 1152 1334 τῶν
1181 1275 1452 1349 σωμάτων
1480 1275 1616 1349 ὕλης
1648 1277 1779 1351 εἷεν,
1813 1276 1929 1350 ῶρα

317 1358 351 1434 «ἢ
383 1360 721 1434 ἀγεννήτους
752 1363 934 1434 λέγειν
965 1363 1056 1418 καὶ
1098 1361 1234 1435 πρὸς
1264 1364 1333 1434 τῇ
1362 1359 1649 1439 ἆγεννῄτω
1678 1360 1786 1436 ὕλῃ
1816 1368 1928 1420 τῶν

315 1445 590 1519 σωμάτων
612 1453 799 1519 τρίτον
823 1460 1015 1519 στῖφος
1032 1449 1270 1518 λογικῶν
1285 1443 1605 1517 ἀγεννήτων
1622 1444 1926 1519 ἆντιπαρα-
1950 1473 1991 1506 15

315 1529 531 1589 τάττειν
571 1535 646 1607 τῷ
689 1534 837 1607 θεῷ,
880 1530 1066 1588 οὐκέτι
1106 1554 1165 1587 τε
1203 1530 1300 1588 τὸν
1345 1529 1484 1587 θεὸν
1527 1530 1754 1588 πάντων
1786 1532 1930 1590 εἶναι

316 1615 551 1688 ποιητὴν
602 1617 693 1673 καὶ
748 1615 1088 1688 δημιουργὸν
1138 1619 1250 1672 τῶν
1301 1613 1449 1672 ὅλων
1493 1612 1852 1688 ἀποδιδόναι,
1892 1613 1927 1688 ἢ

315 1699 481 1757 τοῦθ’
528 1698 962 1773 ὁμολογοῦντας,
1005 1702 1096 1757 καὶ
1136 1698 1202 1756 τὰ
1242 1698 1316 1772 μὴ
1365 1697 1498 1756 ὄντα
1533 1715 1719 1758 ποιεῖν
1757 1699 1927 1758 αὐτὸν

316 1799 431 1851 τοῖς
454 1783 729 1856 Ἑβραίων
770 1783 1085 1856 συμφώνως
1115 1780 1408 1856 ὁμολογεῖν
1451 1782 1647 1855 λόγοις.
1721 1789 1769 1840 9.
1803 1794 1926 1842 τίνα

322 1869 383 1924 δὲ
412 1873 531 1925 οἵδε
561 1871 688 1941 περὶ
710 1872 888 1925 τῶνδε
914 1866 1332 1937 ε’κδ·ιδάσκουσι;
1363 1866 1465 1938 τὴν
1494 1871 1669 1940 μέσην
1697 1873 1809 1926 τῶν
1839 1877 1924 1926 λο-
1949 1896 1990 1928 20

271 1955 491 2024 ᾱγικῶν
535 1951 709 2025 φύσιν
747 1950 863 2008 οὔτ’
911 1955 970 2008 ἐκ
1009 1956 1106 2024 τῆς
1146 1954 1258 2008 τῶν
1311 1950 1580 2024 σωμάτων
1627 1949 1761 2024 ὕλης
1806 1951 1920 2011 οὔτ’

320 2039 373 2104 ἐξ
418 2035 718 2111 ἀπορροίας
757 2040 852 2108 τῆς
895 2033 1204 2108 άγεννήτου
1246 2037 1338 2092 καὶ
1379 2034 1465 2092 ἀεὶ
1506 2034 1643 2093 κατὰ
1681 2038 1747 2094 τὰ
1788 2036 1927 2094 αὐτὰ

319 2123 411 2178 καὶ
454 2117 719 2188 ὡσαύτως
762 2119 990 2194 ἐχούσης
1041 2119 1233 2186 οὐσίας
1280 2119 1597 2192 ὑποστῆναί
1631 2137 1792 2193 φασι·
1852 2122 1926 2195 μὴ

318 2198 497 2263 οὖσαν
531 2206 592 2262 δὲ
634 2204 903 2279 πρότερον
946 2205 1181 2278 δυνάμει
1228 2211 1542 2282 δραστηρίῳ
1573 2211 1671 2263 τοῦ
1702 2205 1928 2264 πάντων

318 2296 501 2347 αἰτίου
530 2293 833 2362 γεγονέναι.
899 2295 978 2347 10.
1013 2288 1184 2363 ταύτῃ
1208 2314 1267 2347 τε
1295 2289 1369 2362 μὴ
1398 2288 1567 2355 θεοὺς
1594 2290 1754 2363 εἶναι,
1785 2292 1925 2363 μηδὲ
1947 2316 1990 2349 25

321 2380 527 2446 κυρίως
567 2376 735 2446 τῆσδε
773 2378 869 2447 τῆς
910 2379 1281 2447 προσηγορίας
1320 2371 1622 2446 ἠξιῶσθαι,
1662 2371 1746 2431 ὅτι
1784 2375 1926 2447 μηδὲ

318 2455 423 2529 τὴν
461 2456 637 2530 φύσιν
680 2462 891 2515 ἰσοῦται
931 2462 1006 2535 τῷ
1049 2457 1403 2531 πεποιηκότι,
1450 2456 1586 2531 μηδ’
1620 2455 1927 2531 ἀχώριστον
1997 2472 2003 2481 “’

320 2537 520 2614 ὁμοίως
550 2546 625 2617 τῷ
655 2547 772 2619 θεῷ
804 2541 863 2599 τὸ
894 2539 1112 2615 ἀγαθὸν
1145 2544 1460 2615 ἐφέλκεται,
1492 2542 1554 2599 τό
1582 2566 1642 2599 τε
1670 2547 1746 2619 τῷ
1776 2546 1928 2618 καλῷ

210 2644 305 2686 (696)
328 2628 579 2683 ἐναντίον
593 2628 742 2684 ἐστὶν
765 2625 855 2683 ὅτε
879 2629 970 2683 καὶ
997 2625 1189 2695 δέξοιτ’
1219 2622 1289 2684 ἂν
1311 2623 1575 2702 ὀλιγωρία
1597 2629 1692 2699 τῆς
1715 2627 1842 2700 περὶ
1865 2625 1924 2683 τὸ

323 2723 571 2785 κρεῖττον
596 2716 810 2783 σχολῆς,
836 2707 906 2783 ἣν
931 2709 1097 2778 αὐτὸς
1111 2715 1335 2776 ἕκαστος
1348 2707 1498 2786 αὐτῷ
1519 2715 1919 2783 κατείργασται,
1944 2737 1984 2769 30

323 2797 420 2866 τῆς
461 2799 666 2860 οἰκείας
706 2793 876 2868 ὁρμῆς
917 2819 975 2852 τε
1024 2798 1117 2852 καὶ
1158 2794 1378 2868 γνώμης
1416 2793 1676 2866 πεφυκώς
1718 2793 1921 2867 κύριος.

324 2881 500 2935 ταῦτα
532 2881 622 2935 καὶ
654 2881 779 2953 περὶ
810 2877 957 2936 τάδε.
1019 2886 1291 2953 μετίωμεν
1323 2879 1384 2939 δὲ
1415 2880 1505 2934 καὶ
1538 2875 1629 2951 ἐφ’
1664 2882 1834 2952 ἔτερα.
