2014 3146
160 528 253 570 (734)

272 135 375 187 272
949 136 1198 178 EUSEBII

272 249 387 328 λάῳ
432 256 588 308 δοκεῖ
624 253 700 326 τῷ
739 256 1050 325 Πιταναίῳ·
1122 254 1196 326 τῷ
1240 249 1290 307 δ’
1337 249 1442 324 ἄρα
1486 249 1655 308 οὐδὲν
1699 249 1878 309 ἐδόκει

272 333 394 392 οὐδ’
442 333 780 406 ἀπεφαίνετο
820 331 989 391 οὐδὲν
1028 337 1238 407 μᾶλλον
1275 332 1308 407 ἢ
1350 340 1678 410 ρηματίσκια
1716 335 1870 393 ταῦτ’

275 421 417 476 εἶναι
448 421 539 476 καὶ
571 417 828 492 φόβουςῗ

398 514 496 587 VH:
529 502 711 576 “Hepl
745 503 805 559 δε
827 501 1093 560 Λακύδου
1124 501 1401 576 βούλομαί
1425 527 1475 560 τι
1502 502 1876 577 διηγήσασθαι

269 586 392 659 ἡδύ.
461 588 534 659 ἠν
563 612 664 661 μεν
695 587 764 660 δὴ
794 586 1056 660 Λακύδης
1086 585 1599 662 ὑπογλισχρότερος,
1631 594 1730 645 καί
1754 613 1877 646 τινα
1918 611 1938 644 5

224 688 243 717 ¹³
268 671 474 745 τρόπον
503 668 531 728 ὁ
564 670 855 744 λεγόμενος
886 671 1257 744 οίκονομικὸς,
1303 672 1463 738 οὗτος
1503 671 1532 729 ὁ
1566 669 1877 746 εὐδοκιμῶν

269 754 416 829 παρά
447 771 560 822 τοῖς
592 764 842 827 πολλοῖς,
890 755 1052 823 αὐτὸς
1093 757 1195 829 μὲν
1236 754 1496 829 ἀνοιγνύς
1537 754 1597 813 τὸ
1629 770 1874 830 ταμεῖον,

271 838 529 907 αὐτὸς·δ’
576 839 901 899 ἀποκλείων.
980 843 1072 897 καὶ
1112 854 1406 916 προῃρεῖτο
1448 841 1510 898 δὲ
1550 832 1630 898 τόν
1679 845 1877 942 ἐδεῖτο,

269 927 362 982 καὶ
404 923 543 982 ἄλλα
585 929 810 982 τοιαῦτα
856 929 1027 982 ἐποίει
1069 924 1249 982 πάντα
1291 923 1364 982 δι’
1411 924 1763 1000 αὐτουργίας,
1810 923 1877 983 οὗ

268 1016 326 1066 τί
351 1031 459 1066 που
491 1008 826 1083 αὐτάρκειαν
871 1014 1145 1082 ἐπαινῶν,
1177 1006 1300 1067 οὐδ’
1335 1007 1512 1075 ἄλλως
1543 1016 1708 1085 πενίᾳ
1737 1008 1875 1084 χρώ·
1899 1035 1939 1066 10

267 1117 460 1167 μενος,
502 1091 622 1151 οὐδ’
673 1092 879 1170 ἀπορίᾳ
922 1093 1169 1166 δούλων,
1219 1087 1262 1170 ᾧ
1301 1118 1364 1165 γε
1401 1093 1653 1168 ὑπῆρχον
1686 1099 1874 1152 δοῦλοι

266 1177 460 1235 ὁπόσοι
489 1184 651 1250 γοῦν·
705 1178 807 1251 τὴν
839 1179 898 1235 δε
930 1184 1114 1236 αἰτίαν
1144 1184 1352 1246 ἔξεστιν
1376 1177 1623 1247 εἰκάζειν.
1670 1183 1717 1235 2.
1768 1178 1873 1251 ε’γώ

270 1263 330 1319 δὲ
360 1260 390 1319 ὂ
420 1259 740 1336 ὑπεσχόμην
779 1261 839 1320 τὸ
882 1261 990 1335 ἡδὺ
1042 1261 1386 1336 διηγήσομαι.
1456 1261 1735 1335 ταμιεύων
1767 1262 1871 1336 γάρ

268 1344 432 1414 αὐτὸς
466 1349 645 1424 ἑαυτῷ
686 1345 789 1419 τὴν
828 1348 929 1420 μὲν
970 1353 1162 1405 κλεῖδα
1193 1349 1515 1422 περιφέρειν
1546 1346 1632 1421 ἐφ’
1673 1349 1875 1406 ἑαυτοῦ

266 1428 370 1488 οὐκ
401 1430 536 1508 ᾤετο
568 1438 718 1504 δεῖν,
763 1431 1097 1498 ἀποκλείσας
1137 1432 1195 1489 δὲ
1226 1438 1505 1489 κατετίθει
1535 1433 1636 1505 μὲν
1664 1431 1871 1504 ταύτην
1897 1454 1935 1486 15

270 1526 347 1582 εἴς
378 1542 429 1573 τι
460 1525 648 1574 κοῖλον
678 1531 1079 1590 γραμματεῖον·
1140 1515 1524 1590 σημηνάμενος
1571 1517 1632 1573 δὲ
1671 1521 1843 1574 δακτυ

267 1607 368 1677 λίςο
400 1601 497 1658 τὸν
537 1602 639 1674 μὲν
682 1600 980 1658 δακτύλιον
1018 1600 1306 1658 κατεκύλιε
1349 1600 1439 1658 διὰ
1476 1604 1574 1659 τοῦ
1605 1607 1872 1675 κλείθρου

267 1691 375 1741 ἔσω
407 1691 485 1751 εἰς
515 1684 611 1742 τὸν
642 1686 796 1743 οἶκον
825 1688 1069 1759 μεθιεὶς,
1103 1683 1244 1743 ὥσθ’
1279 1685 1514 1759 ὕστερον
1531 1684 1735 1758 ,ἐπειδὴ
1766 1683 1874 1742 πά-

267 1777 356 1827 λιν
398 1769 583 1826 ἐλθών
625 1767 863 1837 ἀνοίξειε
901 1773 971 1844 τῇ
1007 1772 1184 1826 κλειδὶ
1236 1769 1616 1842 δυνησόμενος
1656 1768 1873 1826 ἀνελών

229 1895 234 1901 -
265 1851 362 1910 τὸν
395 1853 708 1926 δακτύλιον,
741 1846 908 1919 αὖθις
938 1854 1040 1926 μὲν
1070 1850 1406 1925 ἀποκλείειν,
1439 1854 1554 1910 εἶτα
1587 1855 1647 1910 δὲ
1677 1860 1870 1926 σημαί·
1894 1879 1935 1910 20

216 2542 236 2573 d

267 1947 494 2009 νεσθαι,
550 1938 665 1994 εἶτα
707 1936 758 1994 δ’
805 1934 1141 2010 ἀναβάλλειν
1181 1935 1358 1995 ὀπίσω
1399 1936 1567 1995 πάλιν
1619 1944 1726 1995 ἔσω
1774 1937 1871 1995 τὸν

269 2023 567 2079 δακτύλιον
599 2020 688 2078 διά
717 2026 816 2079 τοῦ
848 2028 1128 2096 κλείθρου.
1187 2027 1234 2078 3.
1281 2026 1440 2079 τοῦτο
1471 2014 1574 2079 οὖν
1602 2020 1662 2079 τὸ
1694 2021 1871 2095 σοφὸν

265 2110 322 2162 οἱ
350 2110 540 2163 δοῦλοι
570 2105 1025 2179 κατανοήσαντες,
1060 2106 1250 2179 ἐπειδὴ
1283 2114 1465 2179 προΐοι
1495 2105 1758 2178 Λακύδης
1790 2113 1869 2173 είς

266 2197 569 2263 περίπατον
599 2187 633 2263 ἢ
664 2191 789 2248 ὅποι
818 2189 1044 2264 ἄλλοσε,
1089 2193 1181 2248 καὶ
1235 2187 1392 2248 αὐτοὶ
1431 2194 1749 2260 ἀνοίξαντες
1780 2188 1867 2264 ἂν,

265 2273 496 2332 κᾶπειτα
537 2274 608 2342 ὡς
639 2282 838 2348 σφίσιν
866 2267 937 2348 ἦν
966 2274 1175 2349 θυμὸς,
1216 2273 1275 2332 τό
1315 2276 1416 2347 μὲν
1455 2274 1755 2348 φαγόντες,
1800 2275 1866 2332 τοὶ
1890 2299 1932 2332 25

268 2355 321 2414 6’
357 2358 668 2431 ἐμπιόντες,
710 2358 850 2417 ἄλλα
894 2361 954 2417 δὲ
991 2357 1255 2433 ἀράμενοι
1297 2363 1356 2416 ἐκ
1395 2358 1658 2432 περιόδου
1696 2362 1869 2417 ταῦτα

266 2445 522 2515 ἐποίουν,
554 2442 846 2502 ἀπέκλειον
875 2445 994 2517 μὲν,
1028 2449 1388 2517 ἑσημαίνοντο
1420 2445 1499 2517 δὲ,
1533 2447 1625 2501 καὶ
1654 2444 1750 2502 τὸν
1773 2449 1868 2501 δα-

267 2524 490 2583 κτύλιον
529 2526 703 2584 πολλά
743 2552 806 2600 γε
837 2527 1013 2585 αὐτοῦ
1040 2526 1514 2601 καταγελάσαντες
1546 2535 1623 2596 εἰς
1653 2526 1749 2586 τὸν
1785 2527 1870 2585 οἷ-

265 2634 365 2667 κον
407 2609 498 2666 διά
538 2614 636 2667 τοῦ
675 2619 941 2686 κλείθρου
978 2610 1233 2687 ἠφίεσαν.
1299 2617 1348 2671 4.
1394 2611 1423 2670 ὁ
1463 2605 1565 2670 οὖν
1605 2609 1867 2683 Λακύδης

264 2693 446 2767 πλήρη
499 2696 602 2766 μὲν
653 2690 997 2769 καταλιπων,
1062 2696 1194 2754 κενὰ
1247 2697 1310 2754 δὲ
1362 2695 1748 2769 εὑρισκόμενος
1800 2694 1865 2752 τά
1889 2721 1929 2752 30

266 2777 454 2852 σκεύη,
489 2776 715 2854 ἀπορῶν
742 2783 821 2857 τῷ
850 2784 1188 2858 γιγνομένῳ,
1233 2779 1425 2853 ἐπειδὴ
1464 2779 1668 2851 ἤκουσε
1703 2788 1865 2852 φιλο-

866 2868 883 2878 ⁹
930 2863 943 2883 ἲ

266 2873 566 2936 σοφεῖσθαι
615 2862 763 2937 παρὰ
811 2889 886 2942 τῳ
938 2863 1261 2942 Αρκεσιλάῳ
1310 2863 1412 2937 τὴν
1461 2862 1862 2937 ἀκαταληψίαν,
