2014 3146
606 138 819 182 PRAEP.
852 137 1073 180 EVANG.
1104 138 1206 179 XII.
1239 139 1308 181 49.
1672 135 1769 188 137

165 251 594 327 ἐπιστατήσωσι,
627 256 719 312 καὶ
753 256 853 312 ἐπὶ
871 252 1042 328 ταύτῃ
1075 257 1141 327 τῇ
1174 259 1344 329 σοφίᾳ
1373 250 1520 311 οῦτω
1551 252 1771 327 σφόδρα

163 342 484 413 φιλοῦνται,
531 335 670 396 ω’στε
710 337 883 412 μόνον
913 336 1016 396 οὐκ
1049 340 1136 395 ε’πὶ
1166 350 1286 405 ταῖς
1316 345 1584 412 κεφαλαῖς
1614 361 1772 413 περι-

163 426 433 530 φέρουσιν
463 419 665 490 αὐτοὺς
695 427 753 480 oc
780 425 1001 497 ἑταῖροι
1095 427 1176 480 11.
1217 420 1459 497 Όμηρον
1491 420 1606 480 δὲ’
1583 421 1689 498 ἄρα
1720 427 1778 481 οὗ

165 505 252 565 ἐπ’
288 511 525 579 ἐκείνου,
562 517 715 581 εἴπερ
746 504 860 575 οἷός
890 530 949 565 τε
977 508 1049 581 ἠν
1078 505 1213 581 πρὸς
1237 505 1441 580 ἀρετὴν
1462 503 1647 565 ὀνίναι
1677 506 1770 566 ἄν·
1795 527 1817 560 b

119 617 140 650 5
163 590 458 665 θρώπους,
501 589 534 665 ἢ
568 588 828 650 Ησίοδον
859 596 1145 669 ῥαψῳδεῖν
1176 587 1246 648 ἂν
1276 590 1588 663 περιιόντας
1620 602 1770 665 εἰων,

163 679 254 734 καὶ
285 674 408 749 οὐχὶ
438 679 648 750 μᾶλλον
677 672 748 734 ἂν
777 673 965 734 αὐτῶν
993 674 1308 749 ἀντείχοντο
1338 672 1372 748 ἢ
1413 679 1514 734 τοῦ
1542 681 1772 749 χρυσοῦ,

164 763 256 818 καὶ
286 759 593 835 ἠνάγκαζον
624 758 772 834 παρὰ
803 765 996 833 σφίσιν
1026 769 1166 816 οἴκοι
1199 758 1360 832 εἶναι,
1391 756 1426 831 ἢ
1459 758 1602 834 εἰμὴ
1629 766 1772 818 ἔπει-

164 855 291 918 θον,
325 842 480 902 αὐτοὶ
510 840 580 902 ἂν
613 843 1054 917 ἐπαιδαγώγουν,
1086 843 1194 917 ὅπη
1226 841 1416 918 ᾔεσαν,
1444 847 1544 910 ἕως
1571 849 1772 912 ἱκανῶς

163 934 417 1010 παιδείας
446 928 836 1002 μεταλαβοιεν;
928 932 1008 986 12.
1057 926 1451 1000 Πανταπασιν,
1497 935 1632 1002 ἔφη,
1679 933 1773 986 δο-

99 1039 141 1072 10
164 1027 278 1081 κεϊς
315 1037 435 1087 μοι,
477 1015 519 1070 ὠ
550 1011 875 1088 Σώκρατες,
920 1009 1108 1086 αληθῆ
1137 1014 1336 1085 λέγειν.
1430 1011 1654 1071 Οὐκοῦν
1691 1038 1775 1070 τι-

163 1101 357 1172 θῶμεν
400 1094 507 1155 απὸ
540 1093 779 1172 Ομήρου
820 1095 1114 1172 ἀρξαμενοι
1154 1119 1364 1165 παντας
1403 1095 1530 1164 τοὺς
1561 1120 1774 1171 ποιητι-

167 1180 296 1250 κούς
327 1181 561 1257 μιμητὰς
594 1180 843 1240 εἰδώλων
882 1180 1081 1257 ἀρετῆς
1122 1180 1265 1240 εἶναι
1304 1184 1397 1240 καὶ
1434 1185 1547 1240 τῶν
1589 1180 1775 1241 ἄλλων

164 1268 293 1342 περὶ
337 1259 416 1324 ὧν
468 1269 723 1339 ποιοῦσι,
775 1270 870 1340 τῆς
923 1264 975 1323 δ’
1022 1265 1289 1339 ἀληθείας
1329 1264 1430 1340 οὐχ
1469 1265 1774 1338 ἅπτεσθαι;

165 1348 288 1408 ἀλλ’
328 1350 514 1425 ὥσπερ
553 1354 659 1409 νῦν
702 1349 770 1424 δὴ
819 1352 1106 1424 ἐλέγομεν,
1129 1349 1166 1408 ’ὅ
1199 1349 1483 1426 ζωγράφος
1513 1350 1776 1409 σκυτοτό-

101 1459 143 1492 15
167 1459 272 1510 μον
312 1435 530 1509 ποιήσει
576 1438 847 1493 δοκοῦντα
889 1435 1060 1508 εἶναι,
1103 1433 1268 1501 αὐτός
1307 1460 1365 1493 τε
1407 1432 1512 1493 οῦκ
1565 1438 1776 1493 ἐπαΐων

166 1522 294 1594 περὶ
339 1526 729 1593 σκυτοτομίας,
783 1521 875 1577 καὶ
914 1534 1028 1587 τοῖς
1069 1517 1143 1593 μὴ
1186 1522 1505 1592 ἐπαίουσιν,
1561 1523 1620 1577 ἐκ
1663 1523 1774 1577 τῶν
1805 1546 1824 1568 c

167 1629 471 1710 χρωματων
511 1606 572 1662 δε
611 1607 703 1661 καὶ
744 1624 1036 1677 σχηματων
1079 1608 1388 1712 θεωροῦσι;
1481 1608 1562 1662 13.
1609 1603 1776 1662 Πανυ

166 1713 267 1762 μεν
298 1690 415 1746 οὐν.
511 1686 670 1747 Οὕτω
703 1688 792 1760 δὴ,
824 1688 995 1762 οἶμαι,
1041 1691 1133 1745 καὶ
1162 1689 1259 1746 τὸν
1289 1687 1574 1761 ποιητικὸν
1604 1687 1775 1762 φήσο-

167 1797 270 1845 μεν
301 1770 624 1847 χρώματα”
589 1797 723 1830 αττα
755 1771 966 1831 ἑκαστω
1007 1797 1120 1831 των
1163 1796 1373 1846 τεχνων
1401 1786 1516 1839 τοῖς
1545 1771 1777 1846 ὀνόμασι

103 1880 144 1912 20
169 1860 261 1914 καὶ
311 1855 552 1931 ῥήμασιν
603 1833 1055 1932 ἐπιχρωματίζειν
1117 1856 1288 1915 αὐτὸν
1338 1855 1440 1915 οὐκ
1494 1860 1776 1929 ἐπαΐοντα,

168 1938 290 1998 ἀλλ’
324 1938 358 2014 ἢ
389 1952 708 2015 μιμεῖσθαι,
752 1939 892 1999 ὥστε
924 1944 1127 2015 ἑτέροις
1157 1940 1425 2008 τοιούτοις
1458 1944 1517 1998 ἐκ
1546 1945 1658 1999 τῶν
1688 1940 1776 1999 λό-

167 2049 284 2098 γων
322 2030 603 2099 θεωροῦσι
643 2031 858 2098 δοκεῖν,
912 2024 1008 2084 ἐάν
1055 2049 1113 2083 τε
1154 2029 1280 2100 περὶ
1326 2031 1686 2099 σκυτοτομίας
1725 2051 1776 2082 τι

169 2111 301 2183 λέγῃ
335 2114 395 2167 ἐν
424 2113 602 2187 μέτρω
635 2112 726 2167 καὶ
759 2115 960 2188 ρυθμῷ
991 2108 1142 2167 καὶ“
1114 2116 1379 2186 αρμονία,
1411 2131 1560 2167 πανυ
1593 2111 1655 2168 εὐ
1687 2115 1775 2166 ‹50-
1794 2124 1882 2167 [364]

169 2207 291 2252 κεῖν
322 2197 612 2267 λέγεσθαι,
660 2193 757 2252 ἐαν
785 2218 844 2252 τε
874 2196 1000 2268 περὶ
1031 2200 1390 2267 στρατηγίας,
1434 2192 1532 2250 ε’άν
1561 2216 1621 2250 τε
1651 2196 1776 2265 περὶ

105 2301 146 2334 25
170 2275 340 2335 αλλου
379 2277 641 2336 ὁτουοῦν
712 2282 792 2334 14.
839 2275 984 2335 οὕτω
1024 2277 1193 2350 φύσει
1233 2275 1372 2334 αὐτα
1410 2280 1582 2335 ταῦτα
1611 2301 1776 2351 μεγα-

172 2369 276 2434 λην
305 2359 429 2418 τινὰ
458 2360 731 2434 κήλησιν’
712 2368 877 2434 ε’χειν,
903 2364 1020 2420 ἐπεὶ
1049 2364 1419 2435 γυμνωθέντα
1448 2386 1511 2435 γε
1540 2364 1652 2420 τῶν
1682 2387 1777 2435 της
1803 2385 1825 2418 d

171 2449 438 2517 μουσικῆς
478 2443 782 2519 χρωμάτων
824 2445 890 2503 τὰ
919 2450 1032 2504 τῶν
1061 2449 1324 2520 ποιητῶν,
1357 2443 1494 2503 αὐτὰ
1528 2445 1614 2520 ἐφ’
1653 2449 1776 2504 ἑαυ-

171 2531 283 2587 τῶν
312 2528 599 2603 λεγόμενα,
630 2530 785 2603 οἶμαί
812 2548 876 2587 σε
907 2533 1117 2588 εἰδέναι
1146 2527 1235 2588 οἷα
1267 2537 1538 2604 φαίνεται.
1586 2532 1778 2588 τεθέα-

173 2631 264 2671 σαι
293 2612 418 2687 γὰρ,
450 2611 484 2686 ἢ
514 2612 610 2683 οὔ;
668 2611 890 2687 ’Έγων’,
924 2611 1083 2689 ἕφη·”

0 2704 1 2728 ³
108 2719 150 2752 30
305 2703 382 2755 15.
400 2700 510 2756 Καὶ
533 2697 745 2757 τούτων
768 2700 828 2756 δὲ
848 2698 1021 2767 οὕτως
1052 2698 1290 2772 ἐχόντων
1314 2691 1376 2756 εῦ
1398 2723 1488 2772 μοι
1514 2705 1660 2772 ἔχειν
1683 2704 1779 2755 δο-

174 2795 264 2839 κεῖ
288 2785 495 2857 βραχέα
524 2781 657 2840 ἅττα
686 2785 799 2841 τῶν
829 2783 1128 2852 Πλάτωνος
1164 2789 1432 2855 διελθεῖν,
1466 2780 1541 2839 δι’
1576 2775 1655 2839 ὦν
1686 2790 1779 2840 λο-

176 2865 476 2940 γικώτερον
505 2868 601 2924 τὸν
632 2869 758 2941 περὶ
788 2872 928 2926 θεοῦ
959 2871 1052 2926 καὶ
1078 2874 1341 2941 προνοίας
1365 2873 1655 2938 συνίστησι
1685 2864 1779 2922 λό-
