2014 3146
618 140 829 183 PRAEP.
863 141 1084 183 EVANG.
1120 140 1242 185 XIV.
1277 143 1314 184 7.
1658 142 1762 192 :³15

147 253 234 313 ιὀὐ
268 255 384 327 ἰοὺ,
418 258 509 313 καὶ
540 259 650 329 φεῦ
679 259 817 329 φεῦ,
863 259 955 313 καὶ
985 256 1055 330 νὴ
1085 254 1212 323 τούς
1242 255 1411 323 θεοὺς
1442 259 1533 315 καὶ
1565 257 1634 330 νὴ
1665 258 1760 324 τὰς

142 339 310 414 θεὰς,
353 339 514 398 ἄλλαι
553 365 613 398 τε
654 340 779 398 ὅσαι
823 345 882 398 ἐν
924 339 1200 408 ἀπιστίαις
1246 344 1760 415 δεινολογουμένων

145 428 290 483 εἰσὶν
319 422 537 498 ἄτεχνοι
569 432 809 497 πίστεις,
851 430 1022 484 ταῦτα
1064 425 1244 483 πάντα
1287 429 1499 499 ἐλέγετο
1531 431 1634 502 βοῇ
1666 429 1759 484 καὶ

142 507 464 585 ἀξιοπιστία.
546 515 624 567 13.
659 515 934 567 τελευτῶν
966 512 1045 582 δὲ,
1078 514 1196 567 ἐπεὶ
1228 509 1408 584 μα’χην
1441 511 1586 584 εἶχεν
1610 511 1756 569 ἀντι·
1789 550 1806 572 e

97 621 117 652 5
142 597 445 701 λεγομένην
487 597 574 652 ἐπὶ
617 598 713 668 τῆς
755 601 960 667 οἰκίας,
1005 592 1173 661 αὐτὸς
1211 596 1315 691 μὲν
1354 591 1425 652 ἄν
1467 594 1757 667 δήπουθεν

142 679 495 737 ἐστωικεύετο
534 679 670 754 πρὸς
709 678 836 745 τοὺς
877 685 1107 786 παῖδας,
1154 682 1266 736 των
1308 685 1527 737 παίδων
1580 681 1641 736 δε
1692 705 1758 737 τα

135 761 510 837 Ἀκαδημαῖκα
564 765 1020 838 ἰσχυριζομένων,
1074 768 1168 821 ἵνα
1219 767 1411 836 μηκέτι
1463 787 1756 838 πραγματα

139 855 335 921 ἔχοιεν,
360 847 612 921 οἰκουρὸς
640 850 709 920 ἠν
733 855 892 920 φίλος
915 852 1013 905 τοῦ
1036 855 1325 921 ταμιείου
1311 848 1752 922 προκαθήμενος.
1773 877 1863 920 [430]

137 930 307 990 οὐδὲν
339 934 399 989 δε
433 939 508 998 εἰς
540 931 707 990 οὐδεν
739 929 1006 1006 ωφελων,
1038 929 1374 1006 υπιδόμενος
1405 931 1464 990 οἷ
1486 931 1546 990 τὸ
1578 933 1756 1006 σοφὸν

75 1043 114 1074 10
138 1016 286 1094 αὐτῷ
318 1024 552 1090 ἔρχεται,
585 1016 996 1085 απεκαλύψατο
1087 1016 1293 1089 ἄλλως,
1327 1024 1462 1091 ἔφη,
1493 1012 1755 1091 ταῦτα,ωώ

137 1080 358 1172 παῖδες,
404 1105 462 1158 ἐν
500 1117 619 1169 ταῖς
661 1108 970 1174 διατριβαῖς
1010 1105 1225 1174 λέγεται
1266 1099 1428 1175 ἡμῖν,
1462 1100 1639 1169 α’·λλως
1695 1105 1755 1160 δε

136 1193 326 1260 ζῶμεν.
340 1184 367 1204 ”

267 1276 344 1328 14.
418 1274 603 1329 Ταῦτα
632 1272 735 1344 μὲν
766 1273 857 1328 καὶ
890 1273 1017 1344 περὶ
1051 1274 1148 1329 τοῦ
1179 1270 1460 1329 Λακύδου.
1551 1270 1750 1329 τούτου
1779 1295 1800 1326 «ι

136 1357 198 1413 δὲ
229 1363 478 1428 γίνονται
509 1354 776 1413 ἀκουσταὶ
807 1358 1027 1428 πολλοὶ,
1077 1348 1156 1413 οἷν
1200 1353 1278 1422 εἷς
1309 1347 1380 1426 ἦν
1414 1355 1691 1428 διαφανὴς
1722 1353 1750 1412 ὁ

72 1467 111 1496 ιι»
138 1449 453 1514 Κυρηναῖος
489 1438 852 1515 Ἀρίστιππος.
946 1443 1006 1497 ἐκ
1046 1440 1272 1498 πάντων
1317 1437 1370 1496 δ’
1417 1439 1590 1498 αὐτοῦ
1640 1447 1752 1498 τῶν

131 1534 430 1599 γνωρίμων
459 1525 560 1597 τὴν
591 1525 796 1599 σχολὴν
827 1522 997 1582 αὐτοῦ
1031 1527 1310 1592 διεδέξατο
1342 1523 1634 1597 Εὔανδρος
1658 1528 1750 1582 καὶ

132 1635 184 1667 οι
214 1610 348 1683 μετὰ
378 1614 590 1667 τοῦτον.
686 1616 762 1667 15.
810 1608 939 1683 μεθ’
987 1607 1085 1676 οὓς
1115 1608 1445 1709 Καρνεαδης
1475 1608 1752 1678 ὑποδεξα-

131 1718 297 1767 μενος
326 1692 428 1767 τὴν
455 1693 746 1767 διατριβὴν
768 1701 960 1769 τρίτην
984 1694 1362 1767 συνεστήσατο
1386 1693 1747 1767 ’ᾞΑκαδημιαν

132 1778 315 1852 λόγων
345 1804 447 1853 μεν
469 1781 570 1837 οὐν
600 1778 790 1853 ἀγωγῆ
826 1778 1090 1854 ἐχρήσατο
1120 1780 1155 1853 ᾐ
1187 1781 1280 1836 καὶ
1312 1777 1339 1836 ὁ
1366 1777 1746 1853 Ἀρκεσίλαος·

67 1889 109 1921 20
133 1866 222 1921 καὶ
253 1889 360 1938 γαρ
391 1862 556 1931 αὐτὸς
583 1863 878 1936 ἐπετήδευε
901 1862 1003 1936 τὴν
1027 1870 1104 1931 εἰς
1132 1887 1362 1937 εκατερα
1389 1867 1748 1938 ἐπιχείρησιν,

130 1951 222 2005 καὶ
252 1948 431 2006 πάντα
471 1947 802 2018 ἀνεσκεύαζε
842 1947 907 2006 τὰ
946 1944 1055 2006 ὑπὸ
1087 1952 1200 2006 τῶν
1230 1947 1414 2006 ἄλλων
1444 1948 1716 2021 λεγόμενα
1737 1965 1747 1974 ’

130 2032 282 2110 μόνῳ
325 2031 380 2090 δ’
428 2036 486 2090 έν
525 2036 604 2110 τῷ
642 2038 770 2105 περὶ
808 2037 1156 2107 τῆςιέποχῆς
1199 2033 1346 2110 λόγῳ
1391 2032 1527 2103 πρὸς
1580 2030 1751 2091 αὐτὸν

134 2120 350 2190 διέστη,
401 2116 510 2190 φας
550 2115 833 2175 ἀδύνατον
884 2117 1026 2174 εἶναι
1079 2116 1386 2190 ἄνθρωπον
1436 2118 1571 2174 ὄντα
1622 2119 1748 2186 περὶ

130 2201 393 2259 ἁπάντων
436 2205 674 2275 ἐπέχειν·
754 2200 1031 2274 διαφορὰν
1079 2203 1141 2258 δὲ
1195 2202 1337 2258 εἶναι
1389 2199 1604 2272 ἀδήλου
1655 2203 1748 2258 καὶ

66 2310 108 2342 25
132 2285 549 2358 ἀκαταλήπτου,
593 2289 685 2342 καὶ
715 2285 894 2343 πάντα
924 2310 1028 2358 μεν
1063 2287 1215 2371 fhoca
1256 2283 1638 2357 ακαταληπτα,
1680 2283 1746 2343 οὐ

130 2369 309 2428 πάντα
342 2370 403 2427 δε
433 2368 628 2442 ἄδηλα.
677 2384 891 2443 μετεῖχε
925 2371 984 2426 δε
1016 2362 1176 2436 οὗτος
1206 2372 1298 2426 καὶ
1329 2374 1442 2427 τῶν
1474 2373 1744 2428 Στωῖκων
1768 2388 1858 2430 (737)

131 2454 339 2526 λόγων,
383 2452 517 2527 πρὸς
560 2451 657 2520 οὓς
698 2457 790 2511 καὶ
823 2458 1105 2528 ἐριστικως
1140 2453 1426 2528 ίσταμενος
1460 2457 1549 2512 ἐπὶ
1579 2457 1748 2512 πλέον

131 2538 380 2612 ηὐξήθη,
412 2545 510 2596 τοῦ
540 2541 882 2611 φαινομένου
912 2552 1026 2606 τοῖς
1056 2548 1280 2606 πολλοῖς
1311 2544 1589 2612 πιθανοῦ,
1620 2537 1741 2596 αλλ’

131 2621 197 2681 οὐ
249 2629 344 2696 τῆς
398 2621 668 2695 αληθείας
719 2622 1134 2697 στοχαζόμενος
1209 2623 1348 2682 ὅθεν
1399 2626 1490 2682 καὶ
1536 2623 1747 2697 πολλὴν

68 2732 110 2763 30
135 2711 372 2781 παρέσχε
410 2721 523 2775 τοῖς
555 2717 827 2775 Στωικοῖς
868 2707 1086 2780 ἀηδιᾞαν
1143 2733 1346 2783 γραφει
1379 2708 1430 2765 δ’
1468 2710 1570 2766 οὐν
1594 2711 1686 2765 καὶ
1716 2707 1745 2764 ὁ

136 2792 455 2866 Νουμήνιος
486 2795 613 2866 περὶ
645 2789 816 2849 αὐτοῦ
846 2797 1017 2850 ταῦτα

261 2888 380 2937 VIII.
426 2873 790 2949 “Καρνεοὲδης
811 2878 870 2934 δὲ
888 2876 1243 2951 ἐκδεξάμενος
1266 2874 1398 2950 παρ’
1424 2876 1744 2950 “Ηγησίνου,
1771 2903 1793 2935 b

1386 2970 1448 3021 18
1467 2978 1490 3004 ²³²
