2014 3146
273 135 341 186 28
949 135 1198 176 EUSEBII

405 247 525 308 10.
530 246 630 310 (Τι’
654 243 756 307 οὖν
786 247 958 315 ὅντως
988 247 1054 306 όν
1085 252 1224 318 ἐστι;
1255 247 1315 305 τὸ
1347 245 1530 305 ἀΐδιον
1559 251 1652 306 καὶ
1682 246 1877 322 ἀγένη-

273 358 370 392 τον
391 336 484 391 καὶ
508 333 866 410 ἄφθαρτον,
847 334 889 389 ὦ
909 331 1105 407 χρόνος
1127 329 1313 398 οὐδεὶς
1336 332 1648 406 μεταβολὴν
1672 331 1875 406 ἐπάγει.

273 417 499 491 κινητὸν
528 443 633 490 γαρ
663 442 715 474 τι
744 418 838 473 καὶ
869 418 1170 490 κινουμένῃ
1209 415 1735 490 συμφανταζόμενον
1770 414 1878 491 ὕλῃ

273 505 366 559 καὶ
397 505 525 577 ῥέον
555 499 641 557 ἀεὶ
671 503 764 558 καὶ
794 499 868 574 μὴ
899 502 1123 572 στέγον,
1168 498 1353 574 ω’σπερ
1393 497 1619 572 ἀγγεῖον
1658 505 1878 575 φθορᾶς

273 588 364 642 καὶ
403 587 700 658 γενέσεως,
742 581 770 642 6
802 583 1011 659 χρόνος.
1059 585 1126 641 οὐ
1159 582 1227 657 δὴ
1257 582 1316 640 τὸ
1347 607 1450 657 μεν
1481 589 1668 641 ἔπειτα
1697 587 1789 642 καὶ
1818 584 1877 642 τὸ
1902 605 1923 638 5

271 668 542 771 πρότερον
590 671 683 726 καὶ
722 668 783 726 τὸ
826 676 978 726 ἔσται
1016 667 1342 742 λεγόμενον,
1395 669 1488 725 καὶ
1528 666 1589 725 τὸ
1629 671 1878 741 γέγονεν,

273 752 516 811 αὐτόθεν
548 751 931 827 ἐξομολόγησίς
963 757 1078 810 ἐστι
1106 756 1205 810 τοῦ
1234 750 1310 826 μὴ
1339 749 1512 817 ὄντος.
1571 757 1651 810 11.
1685 750 1745 810 τὸ
1774 777 1881 826 γαρ

274 840 334 895 ἐν
362 844 463 915 τῷ
472 837 614 895 εἶναι
644 839 872 940 μηδέπω
903 834 1159 910 γεγονὸς,
1191 831 1225 910 ἢ
1257 838 1613 909 πεπαυμένον
1643 834 1751 909 ἤδη
1781 840 1882 893 τοῦ

273 921 416 979 εἶναι
458 924 640 994 λέγειν
681 946 754 988 ως
796 928 974 995 ἔστιν,
1019 919 1219 994 εὔηθες
1259 922 1350 977 καὶ
1383 942 1602 978 ατοπον.
1653 923 1711 978 ἐν
1743 913 1787 997 ᾦ
1820 921 1882 977 δὲ

270 1003 505 1078 μαλιστα
554 1003 658 1078 τὴν
708 1004 906 1078 νόησιν
958 1009 1335 1079 ἐπερείδοντες
1393 1007 1494 1061 τοῦ
1553 1003 1758 1078 χρόνου
1817 1003 1879 1079 τὸ
1903 1025 1944 1057 10

272 1091 607 1162 ἐνέστηκε
653 1092 746 1146 καὶ
787 1089 846 1146 τὸ
889 1108 1182 1163 παρεστι
1232 1091 1324 1146 καὶ
1363 1086 1423 1145 τὸ
1465 1091 1591 1147 νῦν
1631 1087 1882 1161 φθεγγό-

227 1195 250 1228 b
270 1184 439 1247 μεθα,
471 1171 613 1231 τοῦτ’
644 1166 716 1231 αὐ
745 1172 915 1231 παλιν
946 1172 1275 1246 ἐκλυόμενος
1305 1168 1333 1229 6
1365 1171 1525 1245 λόγος
1555 1169 1877 1230 απόλλυσιν.

274 1262 356 1316 12.
392 1262 710 1330 ἐκθλίβεται
749 1282 855 1331 γαρ
897 1264 974 1324 εἰς
1007 1255 1068 1314 τό
1108 1259 1310 1330 μέλλον
1340 1258 1432 1313 καὶ
1462 1255 1522 1313 τὸ
1553 1258 1883 1333 παρωχημέ-

271 1365 400 1414 νον,
455 1339 639 1414 ὥσπερ
683 1338 859 1414 αὐγὴ,
915 1343 1273 1415 βουλομένοις
1317 1346 1489 1413 ἰδεῖν,
1543 1345 1596 1409 ἐξ
1637 1339 1880 1414 ἀνάγκης

272 1423 639 1498 διισταμενον.
699 1432 750 1483 εί
791 1426 853 1483 δε
891 1425 1064 1483 ταυτα
1102 1429 1178 1501 τῷ
1209 1448 1500 1499 μετρουντι
1529 1427 1815 1482 πέπονθεν
1844 1423 1878 1497 ἡ
1903 1444 1946 1477 15

269 1512 615 1583 μετρουμένη
655 1510 852 1582 φύσις,
893 1507 1028 1567 ουδὲ
1066 1506 1207 1583 αυτῇ
1245 1511 1444 1582 μένον,
1490 1506 1681 1566 ουδὲ”
1651 1533 1718 1566 ον
1749 1511 1879 1581 ἐστι,

268 1591 408 1650 ἄλλα
457 1595 721 1666 γινομένη
772 1595 863 1650 καὶ
905 1594 1250 1667 φθειρομένη
1291 1617 1428 1649 κατα
1467 1592 1570 1664 τὴν
1610 1592 1744 1667 πρὸς
1783 1591 1881 1650 τὸν

268 1676 471 1750 χρόνον
511 1680 865 1750 συννέμησιν.
929 1682 1010 1735 13.
1050 1675 1189 1734 οθεν
1227 1675 1397 1734 οὗδεν
1435 1675 1688 1757 τοιουτόν
1730 1679 1880 1734 ἐστιν

270 1763 361 1818 ἐπὶ
402 1764 501 1819 τοῦ
545 1759 702 1828 όντος
746 1763 929 1834 λέγειν
981 1760 1054 1828 ὡς
1093 1753 1191 1833 ἦν,
1243 1758 1276 1833 ἢ
1320 1768 1495 1818 ἔσται·
1563 1785 1733 1818 ταυτα
1773 1784 1878 1834 γαρ

269 1847 538 1917 ἐγκλίσεις
578 1869 723 1912 τινες
764 1848 856 1903 καὶ
897 1844 1226 1919 μεταβασεις
1265 1847 1357 1902 καὶ
1388 1843 1750 1919 παραλλάξεις
1779 1848 1880 1902 τοῦ
1900 1866 1943 1898 20

227 1961 245 1983 c
268 1932 458 2002 μένειν
490 1933 551 1986 ἐν
579 1934 655 2005 τῷ
689 1930 830 1987 εἶναι
858 1928 933 2002 μὴ
962 1927 1309 2002 πεφυκότοςῖ

400 2017 479 2069 14.
507 2011 536 2032 “
550 2011 698 2070 Ἀλλ
736 2020 930 2070 εστιν
960 2010 989 2070 6
1019 2014 1170 2086 θεὸς,
1205 2019 1257 2069 εἰ
1283 2011 1386 2114 χρὴ
1417 2037 1609 2086 φαναι,
1642 2015 1734 2070 καὶ
1765 2018 1878 2070 ἔστι

267 2095 389 2154 κατ’
432 2093 637 2154 ουδένα
676 2095 906 2172 χρόνον,
948 2095 1087 2153 ἄλλα
1127 2120 1264 2153 κατα
1293 2096 1391 2153 τὸν
1422 2101 1599 2154 αι’ὦνα
1627 2096 1724 2154 τὸν
1753 2093 1878 2153 ἄκι-

267 2205 436 2253 νητον
475 2183 567 2238 καὶ
607 2179 845 2255 ἄχρονον
875 2183 969 2238 καὶ
998 2178 1348 2254 ἀνέγκλιτον,
1390 2183 1482 2237 καὶ
1512 2173 1579 2237 οὗ
1608 2179 1878 2254 πρότερον

267 2263 439 2321 οὐδέν
471 2268 649 2336 ἐστιν,
681 2263 814 2322 οὐδε
842 2264 1107 2338 ὕστερον,
1141 2262 1276 2323 ουδε
1305 2268 1535 2337 μέλλον,
1569 2262 1703 2322 οὐδε
1732 2287 1876 2338 παρ-
1898 2284 1940 2318 25

270 2351 583 2423 ῳχημένον,
615 2345 747 2406 οὐδε
776 2348 1184 2422 πρεσβύτερον,
1227 2347 1361 2407 ουδε
1389 2347 1687 2422 νεώτερον
1748 2345 1871 2405 αλλ’

269 2427 347 2497 εἷς
391 2427 470 2487 ὧν
512 2433 594 2488 ἑνὶ
637 2435 715 2507 τῷ
753 2436 863 2488 νῦν
904 2431 964 2489 τὸ
1005 2432 1092 2489 ἀεὶ
1138 2431 1491 2506 πεπλήρωκε·
1559 2434 1652 2489 καὶ
1703 2431 1875 2505 μόνον

267 2517 383 2571 ἐστὶ
421 2513 481 2571 τὸ
522 2512 647 2572 κατ’
679 2513 812 2571 αὐτὸ
843 2513 1015 2583 ὅντως
1044 2540 1137 2587 ον,
1177 2515 1244 2573 οὗ
1283 2515 1540 2588 γεγονὸς,
1579 2514 1711 2573 οὐδε
1752 2515 1876 2573 ἐσό-

266 2623 456 2671 μενον,
488 2597 621 2656 οὐδὲ
652 2597 979 2672 ἀρξάμενον,
1011 2596 1146 2656 οὐδὲ
1176 2598 1542 2671 παυσόμενον.
1594 2603 1671 2655 15.
1699 2596 1874 2666 οὕτως

266 2674 369 2738 οὖν
400 2679 534 2739 αὐτὸ
578 2689 667 2740 δεῖ
705 2686 1039 2756 σεβομένους
1079 2681 1424 2751 ἀσπάζεσθαι
1464 2684 1555 2739 καὶ
1596 2701 1937 2757 προσαγο-ζεο

202 2770 208 2776 ’
267 2763 482 2838 ρεύειν,
515 2763 548 2838 ἢ
580 2769 672 2823 καὶ
702 2767 771 2840 νὴ
805 2764 925 2839 Δί’,
960 2763 1033 2833 ὡς
1058 2773 1194 2823 ἔνιοι
1224 2769 1336 2823 τῶν
1367 2770 1646 2839 παλαιῶν,
1692 2768 1756 2824 εἷ
1782 2770 1868 2824 ἕν.

216 2870 236 2903 d
266 2845 333 2905 οὐ
373 2847 477 2923 γὰρ
517 2849 692 2907 πολλοὶ
722 2850 782 2908 τὸ
813 2849 975 2909 θεῖόν
1006 2854 1183 2924 ἐστιν,
1226 2848 1298 2916 ὡς
1328 2847 1487 2923 ἡμῶν
1517 2854 1768 2924 ἕκαστος,
1811 2853 1871 2907 ἐκ
