2014 3146
300 128 402 181 308
960 128 1207 169 EUSEBII

297 252 484 317 ἔλεγεν
524 243 597 311 ὡς
636 240 703 300 οὐ
746 242 1032 314 ποιήσαιτο
1074 241 1352 349 σύμφωνα
1388 250 1500 310 τοῖς
1552 243 1732 317 λόγοις
1771 241 1908 302 οὐδ’·

294 328 415 397 ἄξια
446 331 541 400 τῆς
565 325 862 398 ἀπαθείας,
895 332 1074 384 εἰπεῖν
1103 325 1294 399 αὐτὸν,
1327 330 1386 384 ἐν
1415 331 1553 400 γοῦν
1581 331 1803 401 γυναικὶ
1834 327 1900 386 οὐ

297 419 385 471 δεῖ
411 411 513 485 τὴν
543 411 830 479 ἀπόδειξιν
849 410 1039 512 αὐτῆς
1081 422 1381 469 ποιεῖσθαι.
1458 417 1635 468 καίτοι
1676 418 1901 480 δικαίως

245 515 266 544 b
297 493 366 554 ἂν
409 497 562 555 εἶπεν
593 497 621 552 6
653 495 864 594 φίλος
845 495 955 568 ότι,
988 497 1030 552 ὠ
1062 495 1285 570 μάταιε,
1326 498 1419 552 καὶ
1452 498 1511 554 ἐν
1549 501 1770 568 γυναικὶ
1810 501 1899 554 καὶ

293 584 423 639 κυνὶ
475 583 567 638 καὶ
609 599 809 651 πασιν,
863 590 919 637 εἴ
959 604 1009 637 τι
1057 580 1126 652 δή
1168 598 1254 637 σοι
1307 585 1419 638 τῶν
1469 579 1650 652 λόγων
1691 580 1943 640 τούτων5

295 668 444 723 ἐστὶν
474 662 727 738 ὅφελος.”

419 754 503 807 27.
543 748 808 823 τεὈρθῶς
853 747 900 804 δ’
950 755 1059 822 ἔχει
1096 759 1303 822 μαθεῖν
1343 751 1435 805 καὶ
1477 754 1625 817 τίνες
1656 753 1713 806 οι
1739 748 1903 821 ζηλώ-

294 854 489 901 σαντες
521 833 690 891 αὐτὸν
723 834 975 905 ἐγένοντο
1006 836 1097 890 καὶ
1128 840 1283 900 τίνας
1316 832 1588 906 ἐζήλωσεν
1621 832 1799 901 αὐτός.
1874 833 1903 890 6

294 943 397 992 μεν
427 920 530 976 οὐν
561 917 807 991 Πύρρων
839 916 1177 991 Ἀναξάρχου
1207 917 1355 983 τινὸς
1387 919 1602 990 ἐγένετο
1632 916 1903 991 μαθητὴς,

294 1001 354 1070 ὃς
384 1002 444 1059 τὸ
475 1027 577 1075 μεν
608 1007 828 1076 πρῶτον
858 1002 927 1074 ἦν
958 1001 1260 1077 ζωγράφος,
1294 999 1416 1059 οὐδ’
1452 1001 1626 1069 οὕτως
1651 1000 1902 1076 εὐτυχὴς,
1927 1027 1967 1058 10

295 1095 485 1145 ἔπειτα
529 1100 643 1153 τοῖς
684 1093 1038 1160 Δημοκρίτου
1079 1093 1317 1159 βιβλίοις
1367 1084 1611 1159 ἐντυχων
1669 1084 1905 1160 χρηστὸν

294 1196 397 1245 μεν
436 1169 605 1228 οὐδεν
644 1169 773 1228 οὔτε
815 1193 980 1243 ευρεν
1005 1169 1132 1228 οὔτε
1164 1169 1579 1243 συνεγράψατο,
1622 1174 1803 1236 κακῶς
1845 1171 1906 1227 δε

294 1255 504 1322 πάντας
548 1255 668 1312 εἷπε
717 1257 810 1311 καὶ
848 1254 1018 1321 θεοὺς
1060 1258 1151 1313 καὶ
1200 1253 1562 1328 ἀνθρώπους
1631 1253 1796 1321 αὐτὸς
1847 1253 1898 1311 δ’

293 1339 530 1413 ὕστερον
562 1346 758 1397 τοῦτον
791 1338 889 1396 τὸν
909 1342 1090 1413 τῦφον
1113 1338 1576 1414 περιβαλλόμενος
1601 1341 1692 1396 καὶ
1721 1345 1906 1396 καλῶν

255 1456 272 1478 c
295 1422 512 1497 ἄτυφον
545 1422 744 1484 ἑαυτὸν
775 1420 944 1482 οὐδὲν
977 1428 1037 1482 ἐν
1066 1427 1257 1499 γραφῇ
1286 1427 1593 1482 κατέλιπεν.
1668 1428 1751 1481 28.
1788 1425 1906 1496 ἐγέ-
1930 1447 1970 1479 15

186 1533 422 1578 [446]νετο
457 1510 515 1565 δὲ
555 1507 808 1582 μαθητὴς
848 1507 1020 1566 αὐτοῦ
1060 1515 1246 1582 Τίμων
1279 1507 1568 1581 Φλιάσιος,
1609 1505 1669 1575 ὃς
1709 1505 1770 1564 τὸ
1803 1502 1905 1580 μὲν

296 1598 519 1696 πρῶτον
560 1592 817 1667 ἐχόρευεν
849 1597 909 1651 ἐν
948 1606 1060 1661 τοῖς
1101 1592 1386 1666 θεάτροις,
1428 1599 1614 1650 ἔπειτα
1656 1589 1709 1649 δ’
1753 1595 1905 1649 ἐντυ-

297 1678 411 1751 χὼν
451 1675 602 1754 αὐτῷ
643 1680 995 1753 συνεγραψεν
1035 1675 1306 1751 άργαλέας
1347 1682 1632 1754 παρῳδίας
1670 1679 1760 1733 καὶ
1792 1683 1906 1749 βω-

297 1762 583 1835 μολόχους,
617 1766 676 1819 ἐν
707 1769 793 1827 αἱς
824 1761 1258 1835 βεβλασφήμηκε
1289 1760 1498 1827 πάντας
1528 1759 1656 1827 τοὺς
1687 1759 1906 1817 πώποτε

297 1844 798 1919 φιλοσοφήσαντας.
858 1847 1017 1912 οὗτος
1058 1870 1162 1919 γαρ
1203 1847 1274 1918 ἠν
1302 1844 1331 1902 6
1362 1844 1489 1911 τοὺς
1521 1851 1743 1911 σίλλους
1774 1842 1904 1918 γρά-
1928 1869 1969 1902 20

298 1944 405 1997 ψας
437 1932 528 1987 καὶ
559 1933 738 2002 λέγων

439 2024 642 2088 σχέτλιοι
667 2020 947 2086 ἄνθρωποι,
975 2019 1090 2073 κάκ’
1122 2022 1328 2089 ἐλέγχεα,
1356 2022 1581 2090 γαστέρες
1605 2018 1728 2084 οἷον,

440 2095 584 2143 τοίων
611 2094 665 2144 ἐκ
691 2087 734 2142 τ’
767 2094 986 2161 ἐρίδωυ’
969 2115 1022 2144 εκ
1049 2113 1096 2144 τε
1122 2097 1374 2158 στοναχῶν
1397 2093 1668 2153 πέπλασθε,

299 2183 392 2239 καὶ
1754 2243 1761 2250 ,

438 2257 701 2328 ἅνθρωποι
727 2267 894 2328 κενεῆς
920 2259 1103 2327 οἰήσιος
1129 2263 1326 2327 ἔμπλεοι
1350 2258 1506 2312 ἀσκοί.
1925 2287 1966 2318 25

255 2353 384 2405 (129.
431 2350 670 2422 μηδενὸς
713 2347 766 2407 δ’
813 2352 1240 2426 ἐπιστραφέντος
1282 2348 1494 2423 αὐτῶν,
1556 2348 1629 2416 ὦς
1671 2355 1723 2406 εἰ
1766 2349 1906 2422 μηδὲ

303 2436 556 2504 ἐγένοντο
595 2433 655 2492 τὸ
696 2434 988 2509 παράπαν,
1033 2435 1190 2508 ἐχθὲς
1221 2437 1313 2491 καὶ
1344 2433 1538 2508 πρώην
1569 2437 1629 2492 ἐν
1655 2430 1906 2501 Ἀλεξαν-

303 2521 461 2592 δρείᾳ
500 2524 565 2592 τῇ
606 2517 724 2575 κατ’
771 2529 1058 2591 Αἴγυπτον
1090 2517 1470 2592 Αίνησίδημός
1506 2542 1586 2584 τις
1616 2515 1905 2586 ἀναζωπυ-

301 2615 423 2672 ρεῖν
461 2599 660 2673 ἤρξατο
701 2602 797 2660 τὸν
835 2602 1015 2661 ὕθλον
1053 2608 1264 2661 τοῦτον.
1340 2606 1432 2660 καὶ
1472 2601 1673 2676 σχεδὸν
1711 2605 1768 2658 οἱ
1801 2601 1904 2674 μὲν

301 2683 580 2757 κράτιστοι
623 2692 917 2755 δοκοῦντες
965 2687 1108 2745 εἶναι
1147 2692 1258 2745 τῶν
1297 2681 1400 2760 τὴν
1438 2686 1573 2744 ὁδὸν
1613 2684 1947 2759 βεβαδιριό-3ο

301 2793 413 2825 των
452 2769 658 2843 ταύτην
700 2774 844 2828 εἰσὶν
879 2764 1044 2829 οὗτοι.
1134 2777 1218 2829 30.
1265 2769 1348 2828 ὅτι
1384 2772 1487 2844 μὲν
1525 2764 1627 2827 οὗν
1666 2767 1766 2842 τὴν
1796 2793 1902 2827 τοι·

303 2852 477 2926 αύτην
519 2864 627 2911 εἴτε
667 2860 881 2929 αἵρεσιν
923 2865 1030 2913 εἴτε
1069 2853 1293 2929 ἀγωγὴν
1322 2854 1503 2927 λόγων
1535 2864 1644 2911 εἴτε
1673 2851 1780 2926 ὅπη
1812 2857 1904 2911 καὶ
