2014 3146
598 137 811 182 PRAEP.
846 140 1068 182 EVANG.
1103 141 1219 183 X1v.
1253 144 1293 184 5.
1661 140 1768 192 265
1806 182 1808 185 ,

152 255 554 333 παρανόμημα,
596 261 807 329 μᾶλλον
848 255 908 312 δὲ
948 252 1226 331 ἀσέβημα,
1268 261 1360 315 καὶ
1399 258 1770 330 κατέγνωσται

150 343 210 400 τὸ
235 341 661 414 καινοτομηθέν.
736 343 826 397 καὶ
871 339 962 397 διὰ
992 347 1153 399 τοῦτο
1185 341 1371 410 οὐδεὶς
1402 341 1534 401 οὐδὲ
1573 346 1765 418 τολμᾷ,
1789 359 1883 401 (⁷28)

150 427 287 485 κατὰ
327 424 537 497 πολλὴν
580 425 642 481 δὲ
684 423 912 499 εἰρήνην
960 421 1147 493 αὐτοῖς
1186 424 1388 501 ἠρεμεῖ
1427 426 1492 485 τὰ
1526 426 1769 500 δόγματα

149 511 258 569 ὑπὸ
290 513 384 582 τῆς
419 513 478 567 ἐν
521 507 777 581 ἀλλήλοις
818 515 933 567 αιέί
972 532 1103 566 ποτε
1134 519 1478 586 συμφωνίας.
1540 514 1686 568 ἔοικέ
1711 535 1770 568 τε

106 596 181 672 5η
215 594 544 667 Ἐπικούρου
590 592 843 666 διατριβὴ
892 600 1140 672 πολιτείᾳ
1178 603 1289 655 τινὶ
1328 595 1556 670 ἀληθεῖ,
1599 594 1770 653 ἄστα-

148 679 506 754 σιαστοτάτῃ,
543 678 733 735 κοινὸν
766 680 865 736 ἕνα
895 682 1062 751 νοῦν,
1106 690 1239 753 μίαν
1276 681 1505 755 γνώμην
1539 679 1882 755 ἐχούσῃ·[425)

149 766 250 841 ἀφ’
287 758 352 839 ἧς
395 757 535 838 ἦσαν
565 765 658 820 καὶ
691 766 800 820 εἰσὶ
833 766 954 835 καὶ,
998 761 1070 829 ὡς
1104 771 1312 838 ἔοικεν,
1355 773 1572 823 ἔσονται
1602 773 1769 837 φιλα-

150 851 437 909 κόλουθοι.
497 853 545 904 4.
581 848 646 905 τὰ
681 850 739 904 δὲ
770 854 882 908 τῶν
907 856 1181 908 Στωϊκῶν
1205 855 1574 920 ἐστασίασται,
1607 848 1766 921 ἀρξά-

145 959 286 1009 μενα
326 934 436 992 ἀπὸ
485 934 599 993 τῶν
649 930 935 1006 ἀρχόντων
991 935 1083 988 καὶ
1138 938 1366 1009 μηδέπω
1424 937 1767 991 τελευτῶντα

83 1048 124 1079 10
149 1024 240 1078 καὶ
283 1025 406 1079 νῦν.
485 1015 770 1093 ἐλέγχουσι
826 1021 886 1077 δὲ
928 1014 1267 1089 ἀγαπώντως
1306 1017 1417 1076 ὑπὸ
1457 1021 1768 1090 δυσμενοῦς

150 1108 412 1179 ἐλέγχου,
455 1110 508 1163 οἶ
547 1106 648 1174 μέν
689 1124 835 1170 τινες
874 1099 1059 1160 αὐταῖν
1101 1102 1530 1179 ἐμμεμενηκότες
1562 1109 1667 1175 ἔτι,
1716 1107 1773 1160 οἱ

147 1189 209 1248 δ’
242 1189 350 1263 ἤδη
382 1184 767 1264 μεταθέμενοι.
837 1192 1050 1257 εἴξασιν
1080 1183 1181 1247 οὖν
1223 1196 1281 1247 οὗ
1307 1194 1514 1264 πρῶτοι
1543 1185 1767 1261 ὀλιγαρ-

145 1278 459 1348 χικωτέροις
479 1321 495 1348 ,
526 1277 580 1330 οἳ
613 1272 680 1346 δὴ
715 1273 1038 1339 διαστάντες
1067 1270 1319 1348 ὑπῆρξαν
1352 1281 1429 1341 εἰς
1458 1272 1586 1340 τούς
1616 1276 1767 1347 μετέ·-

146 1381 306 1417 πειτα
337 1364 546 1431 πολλῆς
582 1360 680 1435 μὲν
711 1372 826 1426 τοῖς
861 1360 1173 1433 προτέροις,
1215 1363 1420 1431 πολλῆς
1454 1359 1514 1415 δὲ
1543 1361 1638 1430 τῆς
1668 1355 1766 1415 ἀλ-

83 1468 124 1501 15
147 1443 332 1517 λήλοις
363 1439 730 1518 ἐπιτιμήσεως
754 1453 939 1514 αἴτιοι,
965 1446 1129 1500 εἰσέτι
1151 1446 1355 1520 ἑτέρων
1387 1447 1562 1515 ἕτεροι
1583 1452 1762 1499 Στωϊ-

145 1527 397 1603 κώτεροι·
459 1532 550 1586 καὶ
603 1534 813 1602 μᾶλλον
862 1525 981 1585 ὅσοι
1031 1531 1201 1586 πλέον
1258 1531 1346 1585 ἐπὶ
1397 1526 1456 1585 τὸ
1513 1526 1766 1600 τεχνικὸν

148 1611 427 1686 ὤφθησαν
455 1612 805 1687 μικρολόγοι·
866 1611 1020 1670 αὐτοὶ
1061 1611 1165 1687 γάρ
1206 1604 1356 1670 οὗτοι
1386 1610 1514 1678 τούς
1547 1613 1766 1687 ἑτέρους

145 1695 620 1772 ὑπερβαλλόμενοι
642 1703 708 1772 τῇ
731 1723 790 1756 τε
814 1696 1328 1772 πολυπραγμοσύνῃ
1355 1712 1468 1763 τοῖς
1491 1721 1550 1754 τε
1576 1714 1764 1768 σκαρι-

147 1791 393 1855 φηθμοῖς
437 1786 711 1855 ἐπετίμων
753 1788 976 1840 θᾶττον.
1061 1787 1109 1840 5.
1153 1780 1295 1839 πολὺ
1333 1784 1518 1854 μέντοι
1551 1779 1766 1838 τούτων

85 1889 127 1922 20
148 1865 418 1941 πρότερον
457 1868 629 1925 ταυτα
662 1874 878 1925 ἔπαθον
917 1871 974 1924 οἱ
1010 1863 1116 1923 άπὸ
1150 1865 1487 1940 Σωκράτους
1519 1862 1764 1938 άφελκύ-

148 1969 343 2018 σαντες
377 1950 677 2027 διαφόρους
708 1950 836 2019 τούς
867 1950 1083 2024 λόγους,
1119 1956 1235 2027 ἰδία
1266 1952 1367 2024 μὲν
1393 1948 1762 2024 Ἀρίστιππος,

1794 1205 1816 1236 b

149 2040 265 2110 ἰδία
299 2036 360 2092 δὲ
386 2033 770 2111 Ἀντισθένης,
802 2038 894 2093 καὶ
928 2034 1171 2110 ἀλλαχοῦ
1215 2041 1330 2111 ι’δία
1361 2040 1418 2092 οἱ
1445 2041 1805 2108 Μεγαρικοίσ

146 2143 204 2175 τε
245 2122 335 2176 καὶ
370 2119 696 2196 Ἐρετρικοὶ,
755 2118 789 2192 ἢ
842 2131 896 2178 εἴ
939 2145 1084 2186 τινες
1136 2118 1291 2176 ἄλλοι
1350 2117 1486 2192 μετά
1534 2117 1758 2176 τούτων.

148 2208 195 2259 ⁴3.
233 2214 408 2261 αἴτιον
450 2206 539 2276 δὲ,
582 2203 664 2262 ὅτι
706 2219 852 2277 τρεῖς
890 2203 1060 2269 θεοὺς
1098 2208 1396 2276 τιθεμένου
1428 2201 1762 2275 Σωκράτους

84 2312 125 2342 25
150 2290 239 2343 καὶ
270 2293 711 2360 φιλοσοφοῦντος
751 2287 940 2356 αὐτοῖς
982 2292 1041 2344 ἐν
1080 2302 1194 2354 τοῖς
1225 2286 1601 2361 προσήκουσιν
1634 2285 1763 2342 ἑκά-

149 2394 260 2447 στω
302 2376 568 2445 ῥυθμοῖς,
609 2379 666 2430 οὗ
705 2371 1100 2439 διακούσαντες
1149 2376 1309 2429 τοῦτο
1346 2372 1449 2445 μὲν
1497 2369 1765 2444 ἠγνόουν,-

150 2454 322 2532 ᾤοντο
355 2457 414 2513 δὲ
446 2459 629 2529 λέγειν
659 2456 839 2514 πάντα
870 2454 1038 2514 αὐτὸν
1071 2460 1189 2529 εἰκῆ
1221 2458 1312 2513 καὶ
1332 2454 1438 2513 ἀπὸ
1469 2459 1563 2529 τῆς
1593 2455 1761 2513 νικώ-

149 2559 248 2612 σης
279 2543 389 2596 αἰεὶ
419 2544 740 2615 προστυχῶς
770 2539 964 2599 ἄλλοτε
995 2539 1164 2613 ἄλλης
1193 2539 1379 2614 τύχης,
1410 2538 1558 2607 ὅπως
1583 2543 1756 2597 πνέοι.

152 2629 196 2680 7.
230 2620 258 2681 ὁ
285 2626 346 2680 δὲ·
371 2623 612 2683 Πλάτων
642 2632 1047 2699 πυθαγορίσας,
1081 2623 1230 2699 (ᾔδει
1253 2627 1312 2682 δὲ
1334 2624 1430 2682 τὸν
1451 2623 1760 2697 Σωκράτην

86 2727 127 2761 30
150 2707 476 2782 μηδαμόθεν
515 2705 550 2782 ἢ
593 2712 812 2767 ἐκεῖθεν
853 2707 944 2766 διὰ
982 2709 1049 2766 τὰ
1089 2706 1227 2766 αὐτὰ
1268 2713 1440 2766 ταῦτα
1483 2715 1662 2766 εἰπεῖν
1699 2732 1759 2764 τε

151 2796 243 2848 καὶ
279 2792 486 2865 γνόντα
527 2793 856 2867 είρηκέναι,)
900 2786 1010 2851 ὦδε
1050 2786 1152 2851 οὖν
1191 2795 1281 2850 καὶ
1324 2790 1486 2859 αὐτὸς
1518 2791 1758 2863 συνεδή*

151 2894 282 2934 σατο
323 2877 388 2934 τὰ
427 2877 747 2954 πράγματα,
797 2875 926 2935 οὔτε
970 2876 1276 2951 εἰωθότως,
1318 2876 1446 2935 οὔτε
1488 2878 1548 2934 δὲ
1589 2883 1665 2942 εἰς
1696 2875 1754 2933 τὸ
1779 2897 1802 2927 d
