2014 3146
555 131 766 174 PRAEP.
797 130 1018 176 EVANG.
1048 130 1176 173 xm.
1208 131 1276 172 16.
1625 128 1731 180 229

244 257 362 308 XVI.
401 243 672 319 Ἑβραίοις
703 245 903 320 ὁμοίως
933 244 1036 318 τὴν
1066 243 1249 320 ψυχὴν
1280 242 1565 304 ἀθάνατον
1593 242 1727 304 ὑπο·
1754 271 1779 303 b

116 335 380 406 θέμενος,
422 333 514 389 καὶ
559 335 635 408 τῷ
674 335 792 408 θεῷ
833 330 1030 405 ὁμοίαν
1071 327 1247 404 αὐτὴν
1289 328 1489 403 εἰπών,
1543 328 1725 388 οὐκέτ’

115 414 439 484 ἀκολούθως
479 414 664 482 αὐτοῖς
706 417 835 474 ποτὲ
875 417 977 489 μὲν
1016 413 1183 489 αὐτῆς
1223 414 1323 488 τὴν
1363 413 1564 474 οὐσίαν
1594 414 1731 473 σύν-

117 513 286 560 θετον
330 501 479 559 εἶναί
513 518 715 573 φησιν,
757 496 829 567 ὦς
870 497 941 558 ἂν
980 503 1143 602 μέρος
1173 501 1276 574 μέν
1305 524 1356 557 τι
1389 502 1733 574 ἐπαγομένης

75 604 96 637 5
118 590 214 659 τῆς
255 582 554 660 ἀμερίστου
586 587 678 642 καὶ
708 587 792 643 ἀεὶ
835 585 972 642 κατὰ
1001 582 1067 642 τά
1098 583 1238 642 αὐτοὶ
1270 582 1501 658 ἐχούσης
1532 591 1731 658 αἰτίας,

117 673 207 728 καὶ
239 673 402 745 μέρος
434 672 559 744 περὶ
589 668 656 727 τοὶ
687 668 913 743 στόματα
935 672 1190 743 μεριστῆς
1214 668 1451 743 φύσεως.
1499 674 1548 728 2.
1583 672 1732 743 λέγει

120 754 170 812 δ’
207 780 310 813 ουν
341 753 532 821 αὐτοῖς
564 752 809 830 ῥήμασιν
838 757 898 812 ἐν
936 760 1146 830 Τιμαίῳ

237 836 339 897 “‘0
373 840 436 896 δὲ
466 841 558 896 καὶ
589 841 803 912 γενέσει
843 840 934 895 καὶ
965 836 1134 911 ἀρετῇ
1166 841 1441 912 προτέραν
1472 839 1563 895 καὶ
1595 861 1728 913 πρε-

119 927 397 998 σβυτέραν
426 920 612 997 ψυχὴν
642 921 923 1030 σώματος,,
944 947 1018 989 ως
1044 921 1304 979 δεσπότιν
1328 925 1419 980 καὶ
1451 921 1731 999 ἄρξουσαν

54 1028 94 1060 10
118 1007 452 1112 ἀρξομένου,
486 1026 592 1065 συν
598 1006 861 1116 εστησατο
898 1011 956 1064 ἐκ
986 1010 1165 1065 τῶνδε
1184 1009 1271 1064 καὶ
1299 1012 1497 1086 τοιῷδε
1526 1006 1727 1111 τρόπῳ.
1762 1040 1780 1062 e

116 1096 211 1168 τῆς
242 1092 540 1167 ἀμερίστου
556 1090 722 1150 καὶ’
695 1094 780 1148 αεὶ
811 1091 949 1149 κατὰ
986 1090 1052 1149 τοὶ
1083 1088 1223 1149 αὐτοὶ
1255 1091 1484 1167 ἐχούσης
1516 1090 1731 1166 οὐσίας,

118 1180 210 1235 καὶ
238 1182 334 1250 τῆς
366 1178 438 1234 αὖ
472 1179 597 1250 περὶ
629 1177 696 1234 τὰ
726 1175 950 1251 στόματα
980 1178 1272 1251 γινομένης
1302 1181 1578 1280 μεριστῆς,
1612 1184 1732 1249 τρί-

115 1287 214 1320 τον
256 1265 308 1331 ἐξ
349 1261 558 1337 ἀμφοῖν
598 1266 659 1319 έν
697 1264 846 1339 μέσω
889 1260 1298 1337 συνεκεράσατο
1338 1261 1531 1330 οὐσίας
1564 1262 1730 1334 εἶδος,

117 1351 212 1422 τῆς
251 1370 311 1405 τε
350 1351 551 1404 ταυτοῦ
592 1344 814 1419 φύσεως
855 1371 925 1403 αυ
969 1347 1094 1422 πέρι
1139 1349 1230 1403 καὶ
1259 1350 1356 1419 τῆς
1386 1351 1487 1404 τοῦ
1517 1350 1726 1449 ἑτέρου,

55 1449 96 1481 15
122 1434 213 1489 καὶ
253 1456 391 1489 κατα
429 1429 495 1488 τά
535 1424 677 1488 αὐτοὶ
717 1434 1057 1504 συνέστησεν
1100 1433 1158 1490 ἐν
1198 1433 1346 1509 μέσῳ
1376 1435 1476 1488 τοῦ
1506 1455 1565 1489 τε
1595 1428 1839 1505 due-[408]

119 1520 248 1590 ροῦς
291 1513 477 1574 αὐτῶν
517 1518 609 1572 καὶ
639 1520 738 1573 τοῦ
769 1514 905 1573 κατὰ
934 1540 1000 1572 τα
1033 1514 1259 1589 σώματα
1299 1520 1574 1591 μεριστοῦ.
1636 1518 1730 1574 καὶ

118 1607 245 1674 τρία
277 1600 464 1673 λαβὼν
495 1599 635 1657 αὐτα
664 1598 797 1658 ὄντα
835 1599 1242 1674 συνεκεράσατο
1275 1607 1352 1668 εἰς
1382 1607 1517 1674 μίαν
1548 1599 1729 1660 πάντα

121 1687 295 1756 ἰδέαν,
326 1683 428 1758 τὴν
457 1688 700 1758 θατέρου
724 1685 899 1758 φύσιν
924 1684 1224 1758 δύσμικτον
1257 1706 1432 1744 ουσαν
1458 1692 1534 1753 εἰς
1564 1682 1731 1744 ταυτό

119 1768 507 1844 ξυναρμόττων
538 1767 690 1845 βία.”

55 1873 96 1906 20
245 1858 293 1910 3.
315 1851 523 1912 ’Ένθεν
563 1853 787 1920 εἰκότως
819 1851 968 1931 αὐτῷ
1012 1857 1104 1911 καὶ
1133 1854 1192 1911 τὸ
1224 1854 1537 1928 παθητικὸν
1566 1856 1730 1929 μέρος

117 1942 196 2040 τῷ
225 1937 370 2015 λόγῳ
409 1943 505 2010 τῆς
543 1937 739 2005 οὐσίας
771 1936 914 2013 αὐτῇ
946 1942 1237 2011 συνῆπται.
1309 1936 1449 1997 ἀλλά
1477 1941 1597 1997 τοτὲ
1626 1940 1729 2013 μὲν
1749 1964 1771 1997 d

121 2015 230 2080 ωδε
270 2025 396 2098 περὶ
440 2030 619 2097 ψυχῆς
669 2021 862 2090 οὐσίας
917 2029 1197 2097 διείληφε,
1250 2025 1372 2081 τοτε
1413 2026 1474 2082 δε
1514 2022 1647 2081 ἀλλο
1677 2048 1730 2081 τι

118 2123 304 2182 χεῖρον
334 2114 689 2182 περιτίθησιν
712 2107 854 2183 αὐτῇ
884 2106 1156 2181 ἀτόπημα,
1186 2106 1289 2181 τὴν
1311 2115 1479 2166 θείαν
1510 2112 1731 2181 ἐκείνην

119 2195 211 2248 καὶ
241 2188 538 2264 οὐράνιον,
548 2217 681 2293 την
720 2190 1012 2266 ἀσωματον
1051 2194 1143 2248 καὶ
1183 2191 1436 2264 λογικὴν,
1478 2190 1580 2264 τὴν
1609 2194 1730 2269 θεῷ

54 2296 96 2330 25
118 2271 316 2349 ὁμοίαν
358 2278 450 2332 καὶ
498 2273 574 2332 δι’
607 2273 804 2349 ἀρετῆς
843 2277 1079 2348 μέγεθος
1108 2274 1204 2343 τὰς
1234 2274 1530 2346 οὐρανίους
1558 2275 1727 2351 ὑπερ-

118 2366 397 2418 παίουσαν
419 2355 642 2431 ἀψῖδας,
673 2357 899 2417 ἄνωθέν
921 2370 1100 2418 ποθεν
1126 2363 1185 2417 ἐκ
1205 2364 1316 2417 τῶν
1337 2356 1729 2434 ὑπερκοσμίων

121 2446 210 2502 ἐπὶ
252 2442 417 2510 ὅνους
473 2446 565 2500 καὶ
605 2443 808 2510 λύκους
853 2446 946 2500 καὶ
999 2443 1288 2518 μύρμηκας
1339 2447 1428 2503 καὶ
1475 2451 1729 2519 μελίττας

118 2530 364 2586 κατιέναι
404 2526 664 2601 φάσκων,
707 2530 799 2585 καὶ
837 2527 1014 2606 τούτῳ
1054 2528 1336 2587 πιστεύειν
1374 2528 1514 2604 ἡμᾶς
1554 2552 1726 2604 παρα·

121 2617 308 2671 καλῶν
350 2617 425 2689 τῷ
462 2611 607 2690 λόγῳ
639 2610 777 2671 ἄνευ
807 2611 954 2680 τινὸς
988 2610 1339 2683 ἀποδείξεως.
1405 2619 1453 2672 4.
1488 2616 1634 2688 λέγει
1667 2612 1719 2671 δ’

58 2720 99 2753 30
120 2690 223 2755 οὖν
256 2702 317 2756 ε’ν
345 2699 447 2771 μὲν
476 2700 555 2774 τῷ
583 2700 707 2770 περὶ
740 2700 920 2770 ψυχῆς
950 2696 1082 2756 τάδε

236 2894 258 2932 7
291 2885 342 2933 εἰ)
369 2890 574 2946 Τιμαίῳ]
602 2906 644 2945 p.
669 2893 736 2936 34.
