2014 3146
639 150 852 195 PRAEP.
884 149 1103 192 EvANG.
1137 151 1258 190 x1v.
1290 151 1329 190 6.
1686 149 1790 200 269

178 271 384 339 ροῦντα
427 267 518 323 καὶ
561 263 731 323 αὐτὸν
775 262 835 322 τὸ
878 264 1087 337 ἀληθὲς
1127 268 1218 322 καὶ
1259 265 1318 322 τὸ
1353 268 1557 334 ψεῦδος
1598 268 1688 322 καὶ
1729 267 1789 324 τὸ

179 349 438 409 πιθανόν.
510 351 729 423 λεχθεὶς
770 342 872 407 οὖν
902 355 1051 425 αἰτίᾳ
1080 354 1192 406 τῶν
1220 356 1605 424 Πυρρωνείων
1637 359 1789 424 Πυρ-

181 459 436 508 ρωνειος,
471 439 622 492 αἰδοῖ
649 440 747 492 τοῦ
791 437 1022 507 ἐραστοῦ
1051 430 1314 508 ὑπέμεινε
1346 437 1607 507 λέγεσθαι
1635 431 1787 492 Ἀκα-

181 519 446 593 ὃημαϊκὸς
477 525 570 577 ἔτι.
632 511 702 591 ἦν
731 520 833 592 μὲν
862 524 1058 576 τοίνυν
1087 516 1476 620 Πυρρωνειος,
1516 517 1662 591 πλὴν
1689 525 1789 578 τοῦ

135 629 156 660 5
180 604 475 677 ὀνόματος·
523 602 922 677 Ακαδημαϊκός
954 600 1010 660 δ’
1044 600 1148 660 οὐκ
1177 604 1277 676 ἠν
1323 602 1469 676 πλὴν
1511 608 1608 661 τοῦ
1639 608 1788 677 λέγε-

179 700 330 747 σθαι.
393 687 459 746 οὐ
490 687 593 761 γὰρ
624 696 918 761 πείθομαι,
950 692 1049 745 τοῦ
1080 693 1319 745 Κνιδίου
1350 691 1654 755 Διοκλέους
1684 689 1789 762 φά-

179 795 407 840 σκοντος
451 776 510 829 ἐν
549 786 666 837 ταῖς
698 775 1163 845 ἐπιγραφομέναις
1193 779 1524 844 Διατριβαῖς
1546 771 1789 847 Ἀρκεσί-
1808 793 1901 837 [427]

179 867 315 915 λαον
367 856 527 934 φόβῳ
586 860 698 913 τῶν
750 862 1115 929 Θεοδωρείων
1164 879 1223 912 τε
1286 859 1375 914 καὶ
1428 863 1641 925 Βίωνος
1692 862 1789 915 τοῦ
1812 888 1829 910 c

179 948 447 1014 σοφιστοῦ
491 939 849 998 ἐπεισιόντων
899 953 1015 1007 τοῖς
1066 944 1436 1013 φιλοσοφοῦσι
1485 943 1576 999 καὶ
1621 940 1790 999 οὐδὲν

115 1051 157 1082 10
179 1025 497 1084 ὀκνούντων
508 1023 616 1082 ἀπὸ
635 1025 838 1091 παντὸς
853 1026 1115 1097 ἐλέγχειν,
1145 1024 1315 1082 αὐτὸν
1329 1028 1788 1100 ἐξευλαβηθέντα,

178 1117 273 1168 ’ἵνα
312 1110 387 1184 μὴ
425 1132 717 1183 πραγματα
757 1117 882 1183 ἔχῃ,
937 1109 1113 1182 μηδὲν
1161 1133 1264 1183 μεν
1315 1109 1490 1183 δόγμα
1527 1106 1791 1168 υπειπεῖν

180 1194 540 1270 φαινόμενον,
574 1194 758 1268 ω’σπερ
786 1196 845 1252 δε
874 1193 934 1251 τὸ
958 1197 1131 1267 μέλαν
1162 1197 1256 1266 τῆς
1287 1202 1488 1266 σηπίας
1519 1198 1789 1270 προβαλέ-

180 1291 315 1338 σθαι
346 1278 451 1353 πρὸ
483 1282 684 1336 ἑαυτοῦ
713 1277 815 1351 τὴν
847 1278 1065 1352 ἐποχήν.
1119 1275 1269 1336 τοῦτ’
1303 1303 1406 1336 ουν
1432 1278 1537 1352 ἐγώ
1568 1279 1635 1337 οὐ
1666 1290 1791 1337 πεί-

179 1375 368 1438 θομαι.
415 1369 460 1422 7.
495 1369 553 1421 οι
579 1361 633 1421 6’
668 1364 770 1421 οὐν
801 1370 971 1421 ἔνθεν
1001 1362 1441 1437 ἀφορμηθέντες,
1473 1362 1504 1421 ό
1532 1387 1591 1421 τε
1609 1362 1790 1437 Ἀρκε-

118 1471 158 1503 15
182 1456 370 1516 σίλαος
401 1473 491 1505 και
518 1447 735 1521 Ζήνων,
767 1444 877 1504 ὑπὸ
900 1472 1012 1505 των
1035 1446 1300 1505 τοιούτων
1323 1445 1578 1520 ἄρωγων,
1610 1473 1792 1522 αμφο-

180 1539 357 1606 τέροις
388 1531 893 1605 συμπολεμούντων
923 1531 1131 1605 λόγων,
1172 1535 1268 1604 τῆς
1308 1533 1410 1605 μὲν
1449 1532 1622 1607 ἀρχῆς
1652 1530 1791 1591 ὅθεν

185 1621 244 1674 ἐκ
275 1621 607 1691 Πολέμωνος
638 1613 982 1690 ὡρμήθησαν
1014 1615 1500 1690 ἐπιλανθάνονται,
1536 1618 1790 1675 διαστάν-

182 1726 271 1769 τες
303 1705 370 1759 ὃέ
395 1725 458 1775 γε
487 1704 579 1759 καὶ
610 1705 782 1775 σφέας
813 1700 1015 1768 αὐτούς
1046 1699 1412 1775 ἀρτύναντες,
1817 1718 1840 1751 d

254 1840 346 1873 συν
373 1821 419 1873 6'
449 1824 627 1890 ἔβαλον
653 1819 848 1906 ρινοῦς,
877 1841 971 1873 συν
997 1819 1042 1872 6’
1071 1824 1238 1890 ἔγχεα,
1261 1823 1343 1872 καὶ
1371 1819 1496 1886 μένε’
1524 1820 1719 1890 ανόρῶν

119 1915 163 1948 20
255 1892 706 1979 χαλκεοθωρήκων·
745 1887 867 1956 ἆταρ
892 1887 1095 1954 ἀσπίδες
1121 1892 1454 1974 ὀμφαλόεσσαι

256 1960 458 2054 ἔπληντί
485 1961 752 2035 ἆλλήλησι,
780 1960 936 2026 πολυς
962 1959 1003 2015 6
1035 1958 1361 2046 ὀρυμαγδὸς
1341 1965 1535 2045 ορώρει.

255 2031 400 2096 ἀσπὶς
426 2030 506 2103 αρ’
535 2017 708 2086 ἀσπίδ’
732 2032 916 2100 ἔρειδε,
945 2033 1092 2099 κόρυς
1121 2032 1300 2099 κόρυν,
1328 2028 1481 2102 ανέρα
1507 2029 1552 2085 6’
1583 2030 1711 2102 ἆνήρ

258 2145 1096 2158 ................................
1111 2103 1441 2164 ἐδνοπαλιζεν.

250 2172 383 2227 ’ἔνθα
411 2172 454 2225 6’
483 2170 570 2241 ἅμ’
600 2175 787 2241 οἰμωγή
812 2196 861 2226 τε
887 2178 971 2225 καὶ
998 2171 1186 2241 εὐχωλὴ
1211 2176 1356 2225 πέλεν
1379 2171 1579 2239 ἀνδρῶν
1810 2188 1898 2234 (732)

60 2279 63 2281 -
122 2270 164 2301 25
256 2242 503 2296 ὀλλύντων
528 2265 578 2296 τε
605 2246 688 2296 καὶ
715 2244 1018 2311 ὀλλυμένων,

185 2402 297 2435 των
329 2380 626 2435 Στωίκων
681 2382 728 2434 8.
762 2382 820 2433 οι
834 2374 1224 2449 Ἀκαδημαϊκοὶ
1246 2376 1352 2451 γὰρ
1369 2376 1471 2434 οὐκ
1497 2375 1792 2450 ἐβαλλοντο

186 2458 287 2518 υπ’
322 2458 527 2533 αὐτων,
558 2458 921 2533 ἀγνοούμενοι
944 2452 982 2535 ᾗ
1003 2454 1145 2534 ἦσαν
1168 2457 1377 2519 αλωναι
1403 2460 1789 2537 δυνατώτεροι.

186 2542 478 2619 ἡλίσκοντο
511 2546 598 2618 δε,
629 2551 723 2618 τῆς
754 2544 967 2617 βασεως
998 2545 1185 2613 αὐτοῖς
1208 2554 1545 2618 σεισθείσης,
1579 2553 1631 2603 εἰ
1656 2545 1793 2620 μήτε

189 2629 366 2704 ἀρχὴν
418 2636 594 2703 ἔχοιεν
638 2628 773 2702 μήτε
823 2629 1099 2703 μάχεσθαι
1150 2629 1421 2704 ἀφορμήν.
1507 2627 1541 2703 ἡ
1581 2631 1683 2702 μὲν
1725 2630 1791 2703 δὴ

127 2743 168 2775 30
191 2715 329 2788 ἀρχὴ
361 2706 431 2787 ἦν
461 2712 520 2771 τὸ
550 2713 623 2788 μὴ
656 2712 987 2771 Πλατωνικα
1029 2719 1286 2787 λέγοντας
1318 2712 1522 2782 αὐτοὺς
1554 2717 1789 2787 ἐλέγξαι’

189 2797 250 2856 τὸ
284 2800 343 2856 δὲ
373 2796 504 2872 μηδ’
550 2804 695 2872 ἔχειν
733 2798 856 2856 τινα
895 2795 1178 2872 ἀφορμὴν,
1219 2797 1291 2871 ἢν
1332 2799 1489 2857 εἷπον
1528 2797 1700 2872 μόνον
1731 2802 1792 2855 ἕν

191 2908 242 2940 τι
271 2885 645 2958 μετέστρεψαν
683 2881 792 2939 ἀπὸ
832 2885 934 2940 τοῦ
969 2879 1103 2957 ὅρου
1143 2886 1243 2941 τοῦ
1271 2886 1401 2958 περὶ
1430 2889 1523 2956 τῆς
1553 2890 1792 2955 καταλη-
