2014 3146
586 118 798 161 PRAEP.
829 117 1050 159 EVANG.
1083 117 1182 158 xv.
1212 117 1394 159 ,ῆι-54.
1685 114 1789 166 409

179 242 487 291 ποιεῖσθαι
535 231 629 300 τὰς
662 233 722 290 δὲ
755 236 1054 304 ἐκλείψεις,
1098 237 1175 300 εἰς
1206 230 1264 288 τὸ
1296 237 1536 304 σκίασμα
1565 235 1661 303 τῆς
1692 235 1791 305 γῆς

183 319 564 390 ἐμπίπτουσαν
604 316 806 390 μεταξύ
847 316 1176 391 ἀμφοτέρων
1207 319 1318 373 τῶν
1360 312 1608 389 ἀστέρων
1637 341 1791 389 γινο-

180 402 380 474 μένης,
414 407 624 474 μᾶλλον
656 402 717 458 δὲ
747 406 843 474 τῆς
875 400 1108 475 σελήνης
1139 399 1659 475 ἀντιφραττομένης.

181 551 277 601 LII.
347 539 529 613 “Περὶ
565 540 851 615 ἐμφάσεως
882 540 1077 614 αὐτῆς,
1111 542 1202 597 καὶ
1234 538 1325 597 διά
1355 547 1413 597 τί
1437 540 1649 614 γεώδης

845 632 1116 698 φαίνεται.

311 741 385 794 Οί
420 736 800 812 Πυθαγόρειοι
839 736 1022 809 γεῶδη
1065 743 1371 810 φαίνεσθαι
1409 735 1511 810 τὴν
1549 735 1788 811 σελήνην

182 819 272 878 διὰ
311 820 372 878 τὸ
412 832 820 895 περιοικεῖσθαι
851 818 1026 893 αὐτὴν
1058 819 1314 894 καθάπερ
1357 820 1458 894 τὴν
1489 818 1621 894 παρ’
1656 820 1787 895 ἡμῖν

178 910 284 978 γῆν
324 912 533 978 μείζοσι
574 904 726 982 ζῴοις
767 908 858 962 καὶ
889 920 1085 978 φυτοῖς
1117 912 1415 963 καλλίοσιν.
1500 906 1641 1027 εἶναι
1682 906 1786 1030 γὰρ

929 986 1238 1012 ,,,,,

114 1099 154 1129 10
178 1073 407 1146 ματικὸν
437 1071 831 1170 ἀποκρίνοντα·
887 1076 978 1132 καὶ
1018 1073 1119 1147 τὴν
1158 1070 1371 1148 ἡμέραν
1409 1072 1682 1147 τοσαύτην
1711 1079 1786 1131 τῶ

176 1157 352 1230 μήκει.

302 1247 350 1299 2.
380 1239 743 1315 Ἀναξαγόρας
783 1240 1175 1316 ἀνωμαλότητα
1219 1242 1310 1299 διὰ
1349 1246 1448 1299 τοῦ
1486 1249 1786 1316 συγκρίμα-

173 1349 289 1398 τος,
335 1326 426 1382 διὰ
465 1326 524 1384 τὸ
566 1327 892 1400 ψυχροειδὲς
924 1324 1034 1400 ἅμα
1075 1329 1167 1384 καὶ
1198 1330 1425 1398 γεῶδες·
1477 1350 1787 1401 παραμεμι-

175 1420 306 1483 χθαι
349 1410 453 1483 γὰρ
498 1414 574 1487 τῷ
614 1417 904 1484 πυροειδεῖ
941 1409 1000 1469 τὸ
1034 1414 1308 1484 ζοφῶδες·
1356 1408 1495 1469 ὅθεν
1525 1414 1617 1468 καὶ
1648 1426 1784 1479 ψευ-

113 1519 151 1551 15
179 1498 362 1567 δοφαὴ
393 1497 656 1566 λέγεσθαι
687 1494 784 1552 τὸν
814 1494 1042 1599 ἀστέρα.

301 1584 349 1636 3
389 1583 460 1637 Οἱ
489 1582 760 1650 Στωικοι,
805 1578 895 1637 διὰ
924 1580 984 1636 τὸ
1015 1578 1302 1653 ἀερομιγες
1334 1584 1430 1652 τῆς
1461 1577 1679 1652 ουσίας,
1711 1579 1784 1653 μὴ

176 1663 318 1720 εἶναι
351 1660 518 1736 αὐτῆς
549 1660 826 1738 ἀκήρατον
856 1663 916 1721 τὸ
948 1663 1257 1737 σύγκριμα.

175 1814 291 1864 LIII.
472 1799 653 1877 “Περὶ
683 1807 794 1861 τῶν
826 1801 1227 1879 ἀποστημάτων
1242 1776 1444 1878 αὐτῆς.
1810 1827 1828 1859 b

297 1913 665 1989 Ἐμπεδοκλῆς
697 1916 989 1975 διπλάσιον
1020 1915 1245 1991 ἀπέχειν
1274 1916 1375 1990 τὴν
1406 1916 1647 1990 σελήνην
1678 1916 1783 1975 ἀπὸ

111 2025 152 2056 20
175 2003 274 2056 τοῦ
303 1997 464 2072 ἡλίου
495 1999 636 2075 ἤπερ
668 2000 776 2058 ἀπὸ
806 2006 902 2074 τῆς
933 2006 1046 2074 γῆς.
1665 2019 1668 2022 “

300 2089 348 2142 2.
398 2089 471 2142 Oc
517 2082 621 2153 ἀπὸ
665 2090 778 2142 τῶν
821 2089 1227 2158 μαθηματικῶν
1266 2083 1782 2142 ὀκτωκαιδεκαπλά-

177 2186 315 2226 Gtov.

302 2257 348 2310 3.
378 2250 805 2326 Ἐρατοσθένης,
848 2251 944 2310 τὸν
975 2251 1134 2326 ἥλιον
1165 2252 1391 2326 ἀπέχειν
1421 2251 1528 2310 ἀπὸ
1559 2260 1653 2325 τῆς
1685 2258 1782 2327 γῆς

174 2342 418 2393 σταδίων
441 2335 714 2410 μυριάδας
730 2343 1082 2409 τετρακοσίας
1105 2340 1198 2394 καὶ
1213 2335 1660 2412 ὀκτακισμυρίας,
1682 2337 1783 2410 τὴν

111 2443 152 2475 25
177 2421 238 2476 δὲ
270 2419 510 2494 σελήνην
533 2418 759 2495 ἀπέχειν
789 2425 884 2494 τῆς
914 2426 1014 2494 γῆς
1044 2420 1318 2495 μυριάδας
1359 2421 1449 2495 οη’
1479 2420 1776 2480 σταδίων.”

174 2571 289 2620 LIV.
724 2557 903 2635 “Περι
935 2565 1221 2620 ἐνιαυτῶν.
1811 2590 1828 2613 c

252 2717 254 2719 -
293 2670 575 2739 Ἐνιαυτός
609 2675 721 2731 ἐστι
752 2671 976 2746 Κρόνου
999 2675 1101 2747 μὲν
1121 2677 1391 2732 ἐνιαυτῶν
1421 2679 1679 2746 περίοδος
1710 2673 1779 2731 λ’·

176 2755 310 2823 Διὸς
344 2757 405 2813 δὲ
438 2755 683 2829 δώδεκα,
714 2755 920 2830 ’Ἄρεως
955 2759 1014 2814 δὲ
1047 2764 1235 2831 δυεῖν,
1280 2757 1442 2830 ἡλίου
1474 2759 1535 2815 δὲ
1566 2758 1647 2830 ιβ’
1678 2762 1783 2831 μῆ-

175 2856 290 2906 νες·
346 2845 403 2898 οὗ
440 2840 491 2898 δ’
538 2840 693 2898 αὐτοὶ
726 2840 929 2914 Ἑρμοῦ
967 2844 1059 2899 καὶ
1092 2841 1444 2916 Ἀφροδίτης·
1500 2841 1783 2916 ἰσόδρομοι
