2014 3146
568 111 782 153 PRAEP.
812 110 1036 156 EVANG.
1067 111 1146 153 XI.
1177 113 1244 152 26.
1277 112 1345 156 27,
1699 111 1770 164 55

157 251 370 301 φαμεν,
408 224 688 294 ἀθάνατός
731 222 857 284 ἐσθ’
891 222 925 300 ἡ
955 225 1180 300 τοιαύτη
1214 229 1306 285 καὶ
1336 231 1592 300 φυλακῆς
1622 238 1771 286 θαυ-

158 317 365 386 μαστῆς
407 313 656 384 δεομένη.
716 310 985 385 ξύμμαχοι
1017 312 1079 369 δὲ
1109 309 1243 386 ἡμῖν
1272 318 1405 370 θεοί
1428 335 1489 370 τε
1520 314 1612 370 καὶ
1646 317 1771 370 δαί-

158 419 341 470 μονες,
371 394 529 469 ἡμεῖς
561 392 614 453 δ’
642 397 714 452 αὐ
746 395 989 470 κτήματα
1019 400 1176 455 θεῶν
1205 398 1299 454 καὶ
1331 393 1667 470 δαιμόνων.”

285 485 333 537 4.
377 479 573 538 Πόθεν
612 482 702 538 καὶ
742 486 914 538 ταῦτα
951 483 1029 559 τῷ
1066 479 1330 539 Πλάτωνι
1376 481 1482 554 ε’γώ
1526 482 1629 556 μὲν
1666 478 1770 539 οὐκ

113 584 135 618 5
159 561 229 622 ἂν
260 570 434 639 ἔχοιμι
465 563 718 667 φράζειν*
765 562 796 622 ὃ
827 562 882 623 δ”
916 571 1020 639 ἔχω
1062 564 1236 638 φάναι
1276 565 1511 639 ἀληθὲς,
1552 572 1770 640 μυρίοις
1789 594 1879 634 (550)

157 648 411 723 πρόσθεν
462 646 496 722 ἢ
543 649 821 707 Πλάτωνα
872 652 1137 723 γενέσθαι
1187 649 1405 725 χρόνοις
1458 652 1549 708 καὶ
1602 647 1766 709 τοῦθ’

150 730 422 809 Εβραίοις
453 731 918 808 ἀνωμολογῆσθαι
947 734 1024 820 τὸἸ
1041 733 1232 807 δόγμα.
1308 739 1356 792 5.
1391 737 1536 807 λέγει
1579 731 1632 792 δ’
1666 726 1771 792 οῦν

155 815 189 890 ἡ
222 817 355 892 παρ’
392 817 579 886 αὐτοῖς
608 818 797 892 γραφὴ
846 817 959 876 καὶ
991 810 1063 891 ἦν
1094 817 1166 885 ὡς
1195 814 1230 891 ἡ
1260 818 1436 892 ἡμέρα
1467 816 1636 892 αὕτη,
1679 822 1770 877 καὶ

157 895 337 975 ἦλθον
375 908 433 961 οι
471 900 695 976 ἄγγελοι
724 906 823 961 τοῦ
854 906 993 961 θεοῦ
1023 908 1373 978 παραστῆναι
1406 902 1643 961 ἐνώπιον
1674 907 1773 961 τοῦ

94 1008 134 1040 ιο
157 991 323 1046 θεοῦ·
383 989 476 1046 καὶ
514 985 543 1044 6
583 985 840 1061 διάβολος
879 980 1057 1062 ἦλθεν
1089 990 1149 1045 ἐν
1178 990 1326 1065 μέσῳ
1359 985 1571 1062 αὐτῶν,
1613 1011 1773 1061 περι-

158 1070 344 1130 ελθών
372 1070 475 1145 τὴν
504 1076 611 1145 γῆν
640 1074 734 1130 καὶ
765 1073 1208 1147 ἐμπεριπατήσας
1240 1069 1466 1146 αὐτήν,”
1507 1071 1771 1144 διάβολον

156 1157 260 1230 μὲν
299 1157 401 1230 τὴν
442 1161 704 1219 ἐναντίαν
746 1155 1014 1231 δύναμιν,
1067 1154 1334 1230 ἀγγέλους
1380 1158 1438 1215 δὲ
1486 1161 1627 1216 θεοῦ
1676 1157 1771 1224 τάς

157 1238 374 1314 άγαθας
405 1244 799 1315 προσειποῦσα.
889 1247 936 1299 6.
970 1240 1172 1310 ταύτας
1206 1242 1266 1300 δε
1294 1241 1390 1310 τὰς
1420 1239 1637 1315 άγαθας
1670 1247 1773 1300 δυ-

157 1324 347 1400 νάμεις
405 1328 498 1383 καὶ
550 1324 836 1399 πνεύματα
887 1336 1020 1384 θεῖα
1081 1328 1174 1383 καὶ
1227 1327 1582 1429 λειτουργοὺς
1632 1329 1774 1384 θεοῦ

94 1428 135 1461 15
158 1409 558 1512 προσαγορεύει
600 1414 661 1468 ἐν
700 1407 784 1477 οἷς
822 1429 998 1484 φησιν
1030 1406 1095 1468 6
1137 1416 1314 1468 ποιῶν
1343 1410 1472 1478 τοὺς
1503 1409 1772 1483 ἀγγέλους

158 1491 331 1552 αὐτοῦ
370 1493 686 1567 πνεύματα,
727 1497 819 1552 καὶ
848 1493 977 1562 τοῦς
1007 1495 1363 1570 λειτουργοὺς
1394 1496 1566 1553 αὐτοῦ
1597 1495 1771 1580 πυρὸς

157 1576 370 1652 φλόγαῖ
375 1576 468 1637 ’.7
495 1578 634 1637 ἀλλὰ
664 1581 757 1638 καὶ
788 1578 890 1652 τὴν
922 1578 1197 1653 διαμάχην
1227 1583 1340 1638 τῶν
1365 1583 1635 1638 ἐναντίων
1662 1581 1771 1637 ωδε
1798 1609 1818 1639 ι)

158 1669 491 1738 παρίστησιν
529 1662 558 1721 6
599 1662 782 1738 φήσας
844 1660 969 1722 οῦκ
1009 1671 1159 1723 ἔστιν
1198 1662 1333 1739 ἡμῖν
1371 1663 1405 1737 ἡ
1448 1662 1596 1766 πάλη
1634 1661 1771 1738 πρὸς

159 1756 294 1822 αἱμα
346 1751 438 1806 καὶ
488 1749 694 1851 σάρκα,
745 1747 886 1807 ἄλλα
931 1748 1067 1824 πρὸς
1107 1774 1204 1817 τας
1245 1747 1443 1823 ἀρχὰς,
1496 1747 1632 1823 πρὸς
1677 1748 1771 1816 τὰς

91 1854 135 1887 20
160 1837 441 1907 ἐξουσίας,
482 1833 619 1908 πρὸς
648 1832 777 1900 τούς
808 1831 1252 1908 κοσμοκράτορας
1282 1836 1382 1892 τοῦ
1412 1832 1642 1901 σκότους
1672 1837 1772 1890 τοῦ

160 1922 361 1985 αἰῶνος
390 1916 612 1991 τούτου,
645 1918 780 1991 πρὸς
810 1919 876 1976 τὰ
908 1919 1255 1992 πνευματικὰ
1285 1922 1381 1991 τῆς
1411 1924 1679 1993 πονηρίας
1711 1921 1773 1975 ἐν

158 2015 272 2071 τοῖς
305 2005 670 2077 ἐπουρανίοις.
683 1999 711 2021 ”
796 2008 843 2060 8.
877 2001 1139 2078 ἄντικρυς
1173 2001 1224 2061 δ’
1262 2009 1440 2062 ἔοικεν
1470 2001 1499 2061 6
1531 2001 1772 2061 Πλάτων

157 2085 218 2145 τὸ
250 2089 502 2155 Μωσέως
542 2085 729 2160 λόγιον
759 2087 1127 2162 μεταφράζειν
1164 2086 1224 2145 τὸ
1264 2091 1455 2160 φῆσαν
1483 2083 1615 2144 “ὅτε
1658 2092 1781 2161 διε-ι

158 2173 375 2246 μέριζεν
415 2170 442 2229 6
474 2168 704 2239 ὕψιστος
736 2179 906 2245 ἔθνη,
949 2171 1022 2239 ὡς
1055 2174 1368 2245 διέσπειρεν
1398 2170 1555 2237 υἱῗούς
1578 2169 1770 2242 Ἀδὰμ,

93 2276 136 2309 25
161 2262 392 2329 ἔστησεν
431 2255 555 2330 ὅρια
600 2259 787 2314 ἐθνῶν
829 2256 965 2312 κατὰ
1005 2252 1247 2328 ἀριθμὸν
1286 2253 1536 2328 ἀγγέλων
1575 2251 1770 2326 θεοῦ”,

163 2338 234 2396 δι’
282 2332 362 2397 ὧν
411 2338 655 2412 κτήματα
703 2345 858 2396 θεῶν
906 2340 998 2397 καὶ
1040 2337 1322 2412 δαιμόνων
1360 2337 1419 2396 τὸ
1460 2342 1571 2398 πᾶν
1612 2340 1771 2412 γένος
1796 2388 1812 2409 c

159 2421 481 2495 ἀνθρώπων
513 2423 658 2479 εἶναι
688 2419 942 2496 ὡρίσατο.

289 2518 472 2568 XXVII.
527 2508 637 2564 Καὶ
679 2509 738 2566 ἐν
776 2522 889 2575 τοῖς
939 2509 1066 2581 περὶ
1118 2511 1297 2581 ψυχῆς
1348 2509 1408 2565 δὲ
1456 2506 1770 2574 ἀθανασίας
1797 2533 1817 2562 α

160 2587 331 2649 οῦδὲν
362 2594 612 2657 Μωσέως
654 2590 682 2648 6
714 2590 954 2649 Πλάτων
992 2593 1244 2665 διέστηκε
1283 2595 1351 2666 τῇ
1392 2591 1541 2667 δόξῃ.
1599 2587 1628 2649 6
1669 2595 1771 2664 μέν

95 2695 139 2731 30
162 2699 225 2748 γε
265 2679 478 2750 πρῶτος
517 2674 805 2734 ἀθάνατον
842 2673 1042 2735 οῦσίαν
1080 2676 1223 2735 εἶναι
1262 2675 1364 2749 τὴν
1396 2680 1457 2735 ἐν
1486 2674 1771 2752 ἀνθρώπῳ

163 2758 349 2833 ψυχὴν
381 2758 638 2833 ὡρίσατο,
674 2759 860 2818 εἰκόνα
890 2760 1072 2835 φήσας
1101 2760 1372 2834 ὑπάρχειν
1405 2757 1581 2832 αὐτὴν
1611 2763 1771 2829 θεοῦ,

160 2846 373 2916 μᾶλλον
414 2845 474 2901 δὲ
516 2841 636 2902 κατ’
673 2842 860 2902 εἰκόνα
890 2849 1032 2903 θεοῦ
1060 2848 1416 2918 γεγενῆσθαι.
1468 2841 1626 2902 “eim
1666 2843 1771 2916 γὰρ
