2014 3146
138 2006 231 2082 [41εὲ

246 122 357 174 240
930 119 1176 161 EUSEBII

247 236 355 311 τὴν
406 235 637 310 ἄγνοιαν
676 234 703 292 ὁ
745 234 1033 309 ἱερώτατος
1073 237 1377 308 νομοθέτης
1427 240 1504 302 εἰς
1557 233 1860 309 ἐπιστήμην

251 319 651 396 μεθαρμόζεται
701 321 880 392 λέγων
925 311 1034 376 ὦδε
1075 312 1188 392 “μὴ
1232 317 1369 375 ι’δών
1417 317 1514 376 τὸν
1565 318 1722 392 ἥλιον
1766 321 1858 377 καὶ

247 405 355 478 τὴν
385 403 625 477 σελήνην
655 405 746 460 καὶ
777 401 905 470 τοῦς
936 401 1167 476 ἀστέρας
1199 405 1291 461 καὶ
1321 401 1501 460 πάντα
1530 401 1626 460 τὸν
1654 402 1860 478 κόσμον

247 494 350 548 τοῦ
374 488 620 564 οὐρανοῦ
643 490 950 560 πλανηθεὶς
974 486 1363 562 προσκυνήσῃς
1389 484 1620 555 αύτοῖς.”
1665 493 1744 546 14.
1773 485 1860 545 εὖ·

247 573 511 647 θυβόλως
543 572 692 630 πάνυ
722 574 814 630 καὶ
845 575 1024 638 καλῶς
1055 571 1266 631 πλάνον
1298 571 1417 629 εἷπε
1445 569 1548 644 τὴν
1576 575 1688 630 τῶν
1713 579 1863 647 εἰρη-

249 662 438 733 μένων
470 658 540 725 ὡς
571 660 725 716 θεῶν
755 655 1052 731 ἀποδοχήν.
1107 663 1164 714 oi?
1188 655 1292 730 γάρ
1326 655 1539 723 ἰδόντες
1571 657 1732 730 ἡλίου
1762 657 1863 731 μὲν

252 742 548 819 προσόδοις
580 744 670 799 καὶ
702 739 1085 816 άναχωρήσεσι
1114 739 1208 818 τάς
1242 747 1490 815 ἐτησίους
1534 738 1679 812 ὥρας
1710 759 1863 799 συνι-

250 831 552 902 σταμένας,
609 831 668 884 ἐν
709 824 795 892 αἶς
837 832 898 883 αἱ
935 825 1088 927 ζῴων
1126 828 1218 884 καὶ
1259 830 1454 899 φυτῶν
1504 827 1595 883 καὶ
1635 829 1865 900 καρπῶν

253 915 497 985 γενέσεις
530 910 858 985 ὡρισμέναις
889 909 1105 985 χρόνων
1143 909 1419 986 περιόδοις
1460 913 1866 1014 τελεσφοροῦν-

253 1021 359 1070 ται,
393 994 632 1070 σελήνην
665 993 720 1053 δ’
746 994 1014 1070 ὑπηρέτιν
1044 998 1135 1052 καὶ
1163 997 1422 1069 διάδοχον
1455 993 1614 1068 ἡλίου
1644 994 1862 1069 νύκτωρ

253 1080 354 1155 τὴν
387 1082 700 1155 ἐπιμέλειαν
730 1082 822 1137 καὶ
854 1087 1197 1154 προστασίαν
1227 1080 1598 1152 ἀνειληφυῖαν
1627 1104 1706 1137 ων
1730 1076 1862 1154 μεθ’

135 1164 487 1268 (ποωὴμέραν,
506 1164 691 1238 ήλιος,
745 1167 836 1221 καὶ
876 1163 1002 1230 τοὺς
1043 1162 1244 1230 άλλους
1298 1161 1529 1239 άστέρας
1581 1162 1718 1222 κατὰ
1763 1162 1865 1238 τὴν

253 1248 388 1325 πρὸς
427 1249 685 1357 τάπίγεια
727 1247 1085 1323 συμπάθειαν
1126 1255 1297 1323 μυρία
1336 1275 1448 1307 των
1490 1250 1576 1308 ἐπὶ
1629 1253 1864 1324 διαμονῇ

252 1337 353 1392 τοῦ
404 1332 606 1400 παντὸς
662 1333 1023 1437 ἐνεργοῦντας
1074 1357 1132 1391 τε
1178 1337 1270 1391 καὶ
1295 1338 1598 1435 ndpoevwg,
1652 1332 1866 1392 πλάνον

254 1418 651 1492 ἐπλανήθησαν
696 1417 975 1492 ἀνήνυτον
1014 1417 1216 1492 μόνους
1263 1420 1405 1477 εἶναι
1435 1416 1662 1485 τούτους
1693 1417 1864 1485 θεοὺς

249 1502 714 1576 ὑποτοπήσαντες.
775 1508 854 1561 15.
891 1509 941 1560 εἰ
972 1502 1021 1560 δ’
1060 1502 1413 1562 ἐσπούδασαν
1446 1500 1536 1560 διά
1566 1506 1665 1576 τῆς
1694 1501 1864 1560 ἀπλα-

252 1591 383 1655 νοῦς
424 1593 671 1660 βαδίζειν
700 1586 864 1661 ὁδοῦ,
908 1582 1012 1645 κᾶν
1045 1584 1218 1655 εὐθὺς
1250 1597 1528 1662 ἔγνωσαν,
1578 1586 1660 1646 ὅτι
1690 1586 1865 1645 καθά-

253 1696 356 1746 περ
398 1682 661 1746 αἴσθησις
710 1671 1079 1741 ὑποδιάκονος
1127 1677 1229 1730 νοῦ
1278 1675 1502 1746 γέγονε,
1554 1672 1651 1731 τὸν
1695 1669 1866 1730 αὐτὸν

253 1756 458 1831 τρόπον
489 1759 581 1814 καὶ
608 1761 663 1814 οἱ
691 1759 950 1831 αἰσθητοὶ
981 1758 1180 1825 πάντες
1211 1756 1480 1832 ὑπηρέται
1522 1750 1622 1814 τοῦ
1664 1759 1864 1830 νοητοῦ

253 1838 647 1914 συνέστησαν.”

386 1931 464 1981 16.
513 1927 623 1982 Καὶ
657 1924 846 1997 ἐπάγει
876 1927 1054 1998 λέγων

374 2007 589 2067 “”Ώσθ’
626 2008 967 2084 ὑπερβάντες
997 2013 1075 2087 τῷ
1105 2015 1347 2087 λογισμῷ
1387 2013 1570 2067 πᾶσαν
1599 2008 1701 2081 τὴν
1733 2007 1864 2082 ὅρα-

253 2092 354 2166 τὴν
385 2092 585 2152 οὐσίαν
619 2097 704 2151 ἐπὶ
736 2093 837 2166 τὴν
859 2099 957 2152 τοῦ
981 2091 1200 2162 ἀειδοῦς
1224 2097 1314 2152 καὶ
1346 2091 1582 2167 άοράτου
1607 2095 1699 2151 καὶ
1722 2092 1863 2167 μόνῃ

254 2184 475 2254 διανοίᾳ
507 2183 856 2252 καταληπτοῦ
886 2179 1050 2252 τιμὴν
1090 2190 1288 2254 ἴωμεν,
1329 2176 1387 2246 ὃς
1428 2176 1494 2238 ού
1533 2176 1705 2252 μόνον
1735 2176 1866 2245 θεός

254 2266 368 2319 ἐστι
399 2266 612 2335 νοητῶν
642 2288 699 2321 τε
730 2266 820 2320 καὶ
853 2267 1158 2340 αἰσθητῶν,
1191 2262 1331 2322 ἄλλά
1361 2266 1452 2321 καὶ
1475 2261 1737 2320 ἁπάντων
1771 2267 1863 2335 δη·
1887 2286 1954 2319 25·

251 2345 530 2419 μιουργός.
618 2346 713 2405 ἐάν
767 2351 829 2405 δέ
878 2372 959 2416 τις
998 2348 1099 2422 τὴν
1140 2352 1237 2406 τοῦ
1277 2346 1464 2406 ἀϊδίου
1503 2349 1594 2405 καὶ
1637 2351 1865 2420 ποιητοῦ

252 2437 565 2504 θεραπείαν
617 2430 764 2489 ἄλλω
818 2435 1099 2507 προσνέμῃ
1151 2436 1401 2509 νεωτέρω
1452 2434 1544 2490 καὶ
1596 2435 1863 2508 γεννητῷ,

251 2513 641 2588 φρενοβλαβὴς
683 2515 1095 2594 ἀναγεγράφθω
1149 2520 1238 2574 καὶ
1283 2525 1468 2591 ἔνοχος
1520 2516 1746 2591 άσεβεία
1798 2519 1864 2588 τῇ

252 2597 514 2672 μεγίστῃ.

1887 1019 1926 1051 10

1887 1440 1927 1473 15

1887 1865 1928 1897 20

389 2688 468 2738 17.
525 2686 708 2740 Ταυτα
739 2687 833 2756 τῆς
849 2683 1121 2758 Εβραίων
1145 2682 1428 2757 εὐσεβείας
1451 2709 1517 2741 τα
1542 2708 1613 2750 ως
1639 2681 1863 2755 άληθως
1886 2706 1928 2739 30

206 2781 212 2786 ”
256 2765 501 2838 ἀκήρατά
532 2791 589 2823 τε
621 2770 711 2823 καὶ
742 2778 872 2824 θεῖα
902 2768 1202 2842 μαθήματα
1232 2768 1336 2843 πρὸ
1360 2773 1455 2840 τῆς
1478 2769 1865 2840 τετυφωμένης

214 2887 234 2909 e
259 2857 589 2923 φιλοσοφίας
641 2850 1017 2925 τετιμήκαμεν.
1095 2860 1152 2909 τί
1198 2877 1264 2926 με
1318 2859 1406 2910 δεῖ
1453 2850 1721 2926 μηκύνειν
1773 2852 1865 2908 καὶ
