2014 3146
217 158 254 210 4
914 158 1160 200 EUSEBII

221 277 348 349 περὶ
380 271 543 347 ἠθῶν
573 277 789 347 λέγοντι
820 276 911 331 καὶ
938 275 1339 379 διαλεγομένῳ,
1382 276 1519 346 φέρε
1548 270 1681 332 καθ’
1708 277 1837 332 ἕκα-

223 378 358 418 στον
389 357 872 431 ἐπισκεψώμεθα.”
1879 427 1883 430 .

351 448 399 501 6.
453 446 637 502 Ταῦτα
678 467 780 515 μεν
821 438 848 499 ὁ
882 440 1138 508 Ἀττικός.
1215 445 1577 516 ἐπιμαρτυρεῖ
1621 443 1681 499 δε
1721 455 1836 509 τοῖς

221 526 412 594 αὐτοῖς
443 530 535 584 καὶ
575 525 604 583 ὁ
645 526 1067 600 περιπατητικὸς
1092 523 1470 599 Ἀριστοκλῆς,
1515 529 1575 584 ἐν
1615 525 1835 628 ἑβδόμῳ

173 635 197 667 b
223 609 608 686 συγγράμματι
661 635 741 668 ων
795 613 938 685 Περὶ
990 617 1324 683 φιλοσοφίας
1375 611 1675 678 συνέταξεν
1728 602 1838 668 ωδε
1859 634 1879 668 5

222 699 402 768 λέγων
432 695 568 769 πρὸς
599 700 746 770 ρῆμα

108 803 206 848 [300]
350 791 462 841 111.
473 776 504 800 “
529 777 930 852 Ἐφιλοσόφησε
962 780 1024 836 δὲ
1053 778 1321 851 Πλάτων,
1362 785 1413 836 εί
1441 785 1539 836 καί
1563 802 1643 845 τις
1673 776 1837 846 άλλος

219 867 334 922 τῶν
374 863 624 936 πώποτε,
667 869 909 937 γνησίως
949 866 1043 921 καὶ
1071 870 1308 930 τελείως.
1370 867 1426 920 οι
1461 887 1564 936 μεν
1594 861 1698 937 γάρ
1730 859 1837 920 ἀπὸ

224 951 416 1006 Θαλοῦ
445 951 916 1022 φυσιολογοῦντες
949 949 1283 1020 διετέλεσαν,
1316 951 1375 1004 οὗ
1401 948 1463 1004 δὲ
1487 949 1614 1020 περὶ
1638 957 1837 1005 Πυθα-

179 1067 198 1090 e
221 1031 396 1107 γόραν
421 1031 805 1106 ἐπεκρύψαντο
836 1031 1043 1090 πάντα·
1091 1030 1415 1105 Ξενοφάνης
1448 1032 1508 1088 δὲ
1538 1034 1631 1089 καὶ
1662 1035 1719 1089 οἰ
1745 1028 1832 1089 ἀπ’
1860 1056 1900 1088 10

225 1121 443 1176 ἐκείνου
491 1117 620 1184 τοὺς
675 1115 984 1189 ἐριστικοὺς
1034 1115 1363 1189 κινήσαντες
1414 1114 1612 1189 λόγους
1662 1115 1841 1173 πολυν

221 1202 326 1275 μὲν
358 1204 622 1275 ἐνέβαλον
655 1210 869 1275 ἴλιγγον
900 1214 1014 1268 τοῖς
1051 1199 1405 1274 φιλοσόφοις,
1446 1197 1514 1257 οῦ
1556 1198 1668 1273 μὴν
1708 1199 1838 1257 ἐπό-

224 1285 388 1358 ρισάν
418 1289 486 1358 γε’
511 1311 635 1343 τινα
667 1285 954 1358 βοήθειαν.
1044 1290 1093 1342 2.
1127 1283 1227 1358 οὐχ
1266 1282 1462 1357 ἥκιστα
1494 1285 1555 1341 δὲ
1584 1286 1677 1341 καὶ
1708 1294 1838 1342 Σω-

222 1369 445 1443 κράτης,
478 1368 614 1427 αὐτὸ
647 1368 716 1443 δὴ
747 1368 807 1427 τὸ
838 1368 1156 1444 λεγόμενον,
1191 1372 1406 1442 ἐγένετο
1430 1372 1541 1444 πῦρ
1568 1371 1656 1426 ἐπὶ
1679 1371 1836 1441 πυρὶ,

223 1454 479 1527 καθάπερ
524 1452 692 1521 αὐτὸς
730 1461 837 1527 ἔφη
868 1454 1124 1512 Πλάτων.
1197 1452 1569 1526 εὐφυέστατος
1609 1451 1714 1527 γάρ
1757 1450 1836 1511 ὢν
1858 1476 1899 1508 15

223 1541 314 1596 καὶ
357 1538 538 1605 δεινὸς
578 1537 855 1611 ἀπορῆσαι
895 1543 1023 1611 περὶ
1075 1537 1279 1605 παντὸς
1328 1537 1564 1595 ὁτουοῦν
1615 1536 1837 1610 ἐπεισή-

222 1647 386 1695 νεγκε
425 1622 522 1689 τάς
561 1646 620 1679 τε
662 1621 867 1695 ἠθικὰς
908 1625 999 1680 καὶ
1040 1621 1323 1690 πολιτικὰς
1363 1626 1612 1693 σκέψεις,
1655 1627 1733 1678 ἔτι
1775 1623 1835 1679 δὲ

221 1705 323 1780 τὴν
363 1709 489 1781 περὶ
529 1710 642 1764 τῶν
684 1711 850 1765 ἰδεῶν
889 1710 1104 1781 πρῶτος
1144 1711 1480 1781 ἐπιχειρίσας
1523 1703 1830 1780 ὁρίζεσθαι·

222 1790 401 1848 πάντα
460 1792 520 1848 δὲ
568 1795 801 1865 ἐγείρων
853 1790 1020 1864 λόγον
1071 1793 1163 1848 καὶ
1214 1793 1342 1864 περὶ
1393 1789 1618 1848 πάντων
1662 1793 1835 1862 ζητῶν

177 1899 200 1932 d
223 1882 374 1948 ἔφθη
423 1874 768 1947 τελευτήσας.
857 1881 905 1932 3.
951 1874 1107 1934 ἄλλοι
1158 1872 1211 1932 δ’
1254 1872 1652 1949 ἀποτεμόμενοι
1696 1877 1833 1947 μέρη
1856 1895 1896 1928 20

222 1957 346 2016 τινά
386 1962 511 2031 περὶ
552 1963 722 2016 ταῦτα
765 1961 1080 2032 διέτριψαν,
1121 1965 1179 2017 οἱ
1215 1961 1317 2032 μὲν
1357 1958 1636 2033 ἰατρικὴν,
1678 1964 1734 2016 οἱ
1773 1959 1835 2016 δὲ

221 2038 318 2112 τάς
348 2043 734 2117 μαθηματικὰς
767 2043 1091 2117 ἐπιστήμας,
1133 2050 1271 2101 ἔνιοι
1304 2045 1365 2101 δὲ
1395 2047 1523 2117 περὶ
1551 2041 1682 2109 τοῦς
1711 2065 1835 2100 ποι-

222 2126 353 2200 ητάς
395 2130 485 2184 καὶ
526 2127 628 2200 τὴν
666 2127 955 2201 μουσικήν.
1038 2131 1096 2185 οἱ
1131 2131 1321 2200 μέντοι
1359 2130 1552 2185 πολλοὶ
1589 2127 1684 2194 τὰς
1723 2130 1835 2184 τῶν

223 2212 404 2283 λόγων
438 2211 701 2285 δυνάμεις
733 2212 1090 2285 ἐθαύμασαν,
1133 2204 1213 2269 ὧν
1252 2216 1306 2268 οἱ
1344 2213 1446 2285 μὲν
1477 2211 1738 2286 ῥήτορας,
1781 2216 1838 2268 οἱ

224 2296 285 2352 δὲ
333 2289 712 2363 διαλεκτικοὺς
759 2310 1063 2369 προσεῖπον
1107 2294 1352 2362 ἑαυτούς.
1440 2299 1489 2353 4.
1543 2300 1601 2353 οἱ
1645 2296 1830 2367 μέντοι
1854 2316 1895 2349 25

225 2377 535 2452 Σωκράτην
589 2379 972 2452 διαδεξάμενοι
1023 2383 1115 2437 καὶ
1169 2379 1320 2437 πάνυ
1376 2381 1521 2446 τινες
1580 2381 1833 2452 ἐγένοντο

225 2476 477 2521 παντοῖοι
530 2465 621 2519 καὶ
667 2462 993 2541 ὑπεναντίοι
1041 2463 1137 2530 τὰς
1186 2463 1423 2536 γνώμας.
1494 2488 1546 2521 οι
1587 2487 1688 2536 μεν
1727 2462 1832 2537 γὰρ

224 2547 526 2621 κυνισμοὺς
565 2549 657 2604 καὶ
697 2545 935 2619 ἀτυφίας
965 2549 1058 2604 καὶ
1087 2545 1362 2614 ἀπαθείας
1391 2544 1636 2619 ῦμνουν,
1677 2544 1831 2603 άλλοι

228 2629 276 2687 δ’
315 2632 384 2688 αὐ
418 2630 586 2688 πάλιν
616 2628 836 2704 ηδονάς.
885 2633 978 2687 καὶ
1006 2635 1063 2687 οι
1089 2654 1193 2703 μεν
1223 2635 1431 2688 εἰδέναι
1460 2630 1638 2687 πάντα
1671 2629 1832 2703 ἐκόμ-

172 2719 177 2725 “
225 2722 414 2788 παζον,
444 2721 501 2772 oc
540 2717 600 2772 δε
630 2712 816 2782 ἀπλως
846 2718 1042 2787 μηθέν.
1097 2719 1145 2771 5.
1180 2719 1259 2771 ἔτι
1291 2711 1344 2770 δ’
1377 2719 1435 2771 οὗ
1458 2739 1561 2787 μεν
1591 2718 1651 2771 ἐν
1680 2718 1830 2790 μέσω
1852 2735 1893 2768 30

117 2821 207 2863 (511)
228 2801 319 2856 καὶ
352 2802 412 2855 ἐν
441 2796 564 2866 ὄψει
595 2799 820 2857 πάντων
851 2801 1267 2870 ἐκαλινδοῦντο,
1307 2812 1421 2864 τοῖς
1459 2806 1682 2864 πολλοῖς
1713 2801 1829 2866 ἐξο-

228 2886 544 2956 μιλοῦντες,
597 2881 752 2940 ἄλλοι
805 2882 856 2941 δ’
903 2874 977 2940 αὖ
1026 2879 1353 2941 τούναντίον
1403 2878 1686 2953 ἀπρόσιτοι
1737 2883 1828 2938 καὶ
