2014 3146
297 112 403 164 332
982 110 1229 151 EUSEBII

296 234 511 302 μετίασι
542 229 945 300 κατορθοῦντες
975 224 1266 298 γάνυνται,
1299 227 1389 282 καὶ
1407 229 1615 299 μᾶλλον
1639 223 1708 284 ἂν
1732 230 1902 284 ἕλοιν-

295 337 356 369 το
398 311 464 368 τὰ
505 309 742 368 εἰωθότα
783 309 1111 384 πράττοντες
1148 308 1343 368 ἀνύειν
1375 313 1467 366 καὶ
1499 321 1905 384 τελεσιουργεῖν

297 392 330 467 ἢ
372 394 553 452 πάντα
602 400 796 468 σφίσιν
835 391 1076 469 ὑπάρξαι
1116 393 1183 450 τὰ
1229 398 1289 451 ἐν
1341 390 1660 467 ἀνθρώποις
1700 392 1901 468 ἀγαθά.

296 485 345 538 4.
393 479 741 553 Δημόκριτος
782 482 920 551 γοῦν
973 477 1169 550 αὐτὸς,
1220 477 1293 544 ὥς
1331 497 1532 550 φασιν,
1580 483 1732 550 ἔλεγε
1771 477 1907 551 βού-

298 572 498 621 λεσθαι
536 567 747 637 μᾶλλον
789 571 923 636 μίαν
967 561 1154 636 εὑρεῖν
1195 569 1533 635 αἰτιολογίαν
1562 559 1596 634 ἢ
1625 561 1728 634 τὴν
1756 571 1906 635 Περ-
1950 587 1971 620 5

297 651 412 705 σοῖν
452 645 511 706 οἷ
555 654 845 719 βασιλείαν
894 650 1188 719 γενέσθαι,
1241 649 1332 703 καὶ
1372 651 1546 703 ταῦτα
1590 645 1768 719 μάτην
1817 649 1908 702 καὶ

297 732 559 799 αναιτίως
610 734 967 804 αἰτιολογων,
1023 732 1094 798 ὡς
1136 756 1206 788 αν
1246 728 1353 788 ἀπὸ
1393 734 1556 803 κενῆς
1599 729 1768 803 αρχῆς
1816 732 1909 786 καὶ

295 816 623 883 ὑποθέσεως
654 818 1015 889 πλανωμένης
1039 814 1375 888 ὁρμώμενος,
1401 817 1493 871 καὶ
1515 813 1616 900 τὴν
1641 819 1795 889 ῥίζαν
1818 815 1908 871 καὶ

296 899 401 973 τὴν
431 894 626 972 κοινὴν
649 897 898 972 ἀνάγκην
920 906 1016 972 τῆς
1039 904 1151 957 τῶν
1173 897 1352 957 όντων
1375 899 1595 972 φύσεως
1619 896 1719 975 οὐχ
1741 897 1909 971 ὁρῶν,

299 991 505 1058 σοφίαν
540 986 600 1042 δε
629 991 896 1058 μεγίστην
926 980 1232 1057 ἡγούμενος
1271 983 1373 1056 τὴν
1412 987 1523 1040 τῶν
1565 982 1786 1056 ἀσόφως
1817 984 1909 1039 καὶ
1933 1009 1972 1040 10

188 1090 278 1133 (782)
298 1068 531 1142 ἠλιθίως
571 1068 1000 1141 συμβαινόντων
1040 1067 1401 1140 κατανόησιν,
1452 1069 1544 1124 καὶ
1593 1065 1695 1139 τὴν
1733 1065 1910 1139 τύχην

297 1160 411 1210 τῶν
441 1155 544 1225 μὲν
574 1152 823 1210 καθόλου
865 1155 957 1209 καὶ
1000 1156 1114 1209 τῶν
1143 1159 1320 1210 θείων
1354 1154 1653 1209 δέσποιναν
1685 1149 1909 1222 ἐφιστὰς

298 1240 390 1294 καὶ
432 1243 722 1310 βασιλίδα,
765 1239 856 1293 καὶ
897 1235 1077 1293 πάντα
1115 1240 1380 1308 γενέσθαι
1411 1233 1532 1292 κατ’
1567 1233 1743 1307 αὐτὴν
1772 1233 1911 1291 ἀπο-

299 1320 654 1394 φαινόμενος,
686 1326 783 1379 τοῦ
817 1321 878 1377 δὲ
908 1325 1019 1378 τῶν
1050 1319 1372 1393 ἀνθρώπων
1397 1318 1572 1391 αὐτὴν
1598 1318 1912 1391 ἀποκηρύτ-

297 1430 410 1462 των
463 1413 593 1478 βίου
645 1408 735 1462 καὶ
787 1404 916 1471 τοὺς
979 1403 1388 1477 πρεσβεύοντας
1440 1401 1618 1476 αὐτὴν
1670 1406 1909 1477 ἐλέγχων
1933 1428 1974 1460 15

298 1487 640 1563 ἀγνώμονας.
689 1494 736 1546 5.
771 1494 883 1546 τῶν
912 1495 1053 1561 γοῦν
1075 1488 1403 1562 Ὺποθηκῶν
1434 1485 1735 1563 ἀρχόμενος
1766 1490 1910 1560 λέγει

292 1570 666 1643 “”Ανθρωποι
726 1573 894 1647 τύχης
949 1579 1183 1631 εἴδωλον
1236 1572 1576 1644 ἐπλάσαντο,
1628 1572 1912 1644 πρόφασιν

303 1664 446 1731 ἰδίης
477 1657 719 1731 ἀνοίης.”
800 1656 968 1730 φύσει
999 1656 1103 1730 γαρ
1135 1656 1326 1731 γνώμη
1356 1657 1495 1732 τύχῃ
1526 1655 1782 1730 μάχεται’
1819 1658 1912 1712 καὶ

298 1743 401 1815 τὴν
434 1746 697 1816 ἐχθίστην
726 1748 792 1816 τῇ
817 1741 1085 1814 φρονήσει
1108 1740 1316 1814 ταύτην
1340 1740 1516 1814 αὐτὴν
1541 1748 1759 1813 ἔφασαν
1781 1763 1910 1811 κρα-

255 1849 277 1881 b
302 1841 446 1883 τεῖν·
493 1830 703 1899 μᾶλλον
745 1828 807 1882 δὲ
846 1827 934 1882 καὶ
976 1824 1183 1897 ταύτην
1222 1825 1400 1896 ἄρδην
1430 1823 1787 1895 ἀναιροῦντες
1819 1825 1909 1879 καὶ
1933 1849 1974 1880 20

301 1907 658 2011 αφανίζοντες
702 1913 920 1981 ἐκείνην
938 1906 1416 1966 αντικαθιστᾶσιν
1447 1905 1630 1979 αὐτῆς.
1707 1906 1774 1964 οὐ
1805 1932 1909 1980 γαρ

303 1992 503 2067 ευτυχῆ
533 1993 635 2066 τὴν
665 1993 968 2067 φρόνησιν,
1011 1990 1133 2049 αλλ’
1180 1991 1629 2066 ἐμφρονεστατην
1667 1988 1912 2064 ὑμνοῦσι

300 2076 403 2150 τὴν
441 2077 628 2151 τύχην.
719 2083 765 2136 6.
825 2082 882 2134 οἱ
918 2101 1020 2150 μεν
1069 2070 1173 2134 οῦν
1221 2101 1334 2133 των
1386 2079 1682 2148 βιωφελων
1732 2082 1910 2148 ἔργων

302 2162 585 2219 ἐπισταται
624 2177 743 2228 ταῖς
783 2159 919 2233 πρὸς
958 2160 1018 2218 τὸ
1058 2160 1344 2234 ὁμόφυλον
1377 2164 1715 2234 ἐπικουρίαις
1746 2157 1911 2231 ἀγάλ-

300 2255 508 2318 λονται,
543 2250 775 2303 ἐπαίνου
805 2269 865 2303 τε
894 2244 1182 2317 ὀρέγονται
1222 2248 1314 2302 καὶ
1345 2248 1538 2312 κλέους
1571 2245 1657 2318 ἐφ’
1694 2240 1775 2311 οἷς
1807 2242 1910 2299 αὐ-
1933 2268 1974 2301 25

300 2336 412 2387 τῶν
451 2330 870 2403 προκάμνουσιν
911 2334 969 2387 οἱ
1002 2331 1104 2402 μὲν
1143 2332 1466 2403 τρέφοντες,
1509 2333 1565 2386 οἰ
1607 2329 1668 2385 δὲ
1708 2334 1911 2399 κυβερ-

301 2418 525 2484 νῶντες,
556 2419 613 2470 οί
641 2413 695 2470 δ’
734 2413 977 2487 ἰώμενοι,
1009 2419 1066 2471 oc
1095 2415 1156 2470 δὲ
1187 2412 1624 2486 πολιτευόμενοι”
1673 2417 1729 2469 οἱ
1757 2415 1824 2469 δέ
1849 2434 1910 2484 γε

301 2496 599 2570 φιλόσοφοι
643 2501 735 2554 καὶ
775 2496 995 2571 σφόδρα
1034 2495 1328 2555 παιδεύειν
1369 2500 1770 2570 ἐπιχειροῦντες
1811 2494 1912 2551 ἆν-

259 2613 276 2636 c
300 2581 565 2654 θρώπους
605 2581 990 2654 φρυάττονται.
1061 2587 1105 2639 7.
1147 2578 1573 2655 ἢτολμήσουσιν
1595 2578 1910 2653 Ἐπίκουρος

300 2661 334 2736 ἦ
365 2663 712 2737 Δημόκριτος
754 2671 931 2722 εἰπεῖν
972 2665 1043 2732 ὡς
1075 2663 1411 2738 ἀσχάλλουσι
1441 2667 1907 2737 φιλοσοφοῦντες,
1933 2687 1974 2720 30

300 2746 425 2805 ἀλλ’
477 2748 608 2806 οὐδὲ
658 2754 949 2822 θυμηδίαν
1001 2748 1203 2822 ταύτης
1245 2745 1316 2805 ἂν
1361 2751 1551 2821 ἑτέραν
1590 2757 1905 2821 προθεῖντο.

301 2836 392 2889 καὶ
423 2832 528 2905 γὰρ
561 2839 612 2890 εί
638 2832 698 2890 τὸ
730 2830 947 2905 ἀγαθὸν
978 2832 1189 2906 ἡδονὴν
1221 2832 1364 2890 εἶναι
1404 2835 1743 2906 φρονοῦσιν,
1784 2828 1905 2887 ἀλλ’
