2014 3146
183 677 206 708 b

233 115 342 167 264
909 115 1158 156 EUSEBII

234 230 382 305 δοχή.
444 227 625 288 ὁποῖοι
669 231 729 287 δὲ
768 228 1064 302 γεγόνασιν
1105 235 1223 287 οἵδε
1254 230 1350 287 τὸν
1379 229 1614 304 τρόπον,
1651 229 1846 302 λαβὼν

231 313 525 387 ἀνάγνωθι
554 313 650 381 τὰς
683 307 793 372 ὦδε
825 313 1055 387 ἐχούσας
1089 320 1416 387 Νουμηνίου
1447 318 1544 372 τοῦ
1575 325 1842 387 Πυθαγο-

233 405 387 473 ρείου
418 398 637 470 φωνὰς,
668 395 732 464 ἂς
762 401 1005 455 τέθειται
1039 401 1097 455 ἐν
1127 402 1202 475 τῷ
1227 397 1426 475 πρώτῳ
1459 390 1537 456 ὦν
1564 401 1842 474 ἐπέγραψε

223 481 406 554 “Περὶ
437 488 532 556 τῆς
563 486 674 540 τῶν
702 480 1123 556 Ἀκαδημαϊκῶν
1154 481 1290 555 πρὸς
1311 482 1588 541 Πλάτωνα
1621 483 1840 540 διαστά-

234 563 431 634 σεως.”
1862 591 1885 622 5

360 667 413 714 V.
464 649 492 669 “
504 651 624 710 Ἐπὶ
655 652 758 725 μὲν
787 659 979 709 τοίνυν
1012 649 1383 709 Σπεύσιππον
1412 649 1512 710 τὸν
1543 650 1843 719 Πλάτωνος

231 738 333 811 μὲν
375 735 746 809 ἀδελφιδοῦν,
791 735 1143 809 Ξενοκράτην
1197 737 1256 792 δὲ
1306 734 1403 794 τὸν
1445 735 1704 810 διάδοχον
1744 738 1845 792 τοῦ

234 828 606 883 Σπευσίππου
621 866 634 893 ,
667 823 976 894 Πολέμωνα
1008 821 1068 877 δὲ
1087 819 1183 878 τὸν
1206 819 1570 893 ἐκδεξάμενον
1590 820 1693 893 τὴν
1719 839 1844 893 σχο-

233 906 336 978 λὴν
377 904 524 980 παρὰ
555 904 967 978 Ξενοκράνους,
1008 904 1095 962 ἀεὶ
1133 905 1193 962 τὸ
1235 896 1373 977 ἦθος
1407 911 1701 963 διετείνετο
1730 907 1844 962 τών

234 990 524 1064 δογμάτων
556 989 755 1063 σχεδόν
784 1015 835 1046 τι
864 987 1084 1062 ταυτὸν,
1118 987 1280 1047 ἕνεκά
1310 1014 1372 1063 γε
1401 994 1496 1063 τῆς
1525 988 1688 1063 μήπω
1721 993 1842 1046 ε’πο-
1867 1013 1911 1044 10

233 1080 329 1149 χῆς
360 1077 591 1147 ταυτησὶ
629 1079 725 1146 τῆς
766 1072 1196 1147 πολυθρυλήτου
1241 1097 1300 1130 τε
1341 1076 1431 1131 καὶ
1475 1081 1526 1132 εἰ
1564 1073 1633 1146 δή
1673 1098 1843 1131 τινων

231 1159 499 1218 τοιούτων
529 1157 727 1216 ἄλλων.
773 1160 891 1215 ἐπεὶ
924 1167 1002 1225 εἴς
1032 1182 1095 1231 γε
1125 1158 1190 1215 τὰ
1220 1158 1359 1215 ἅλλα
1389 1161 1636 1232 πολλαχῆ
1665 1182 1846 1232 παρα-

233 1243 486 1316 λύοντες,
509 1243 574 1300 τά
598 1244 659 1300 δὲ
681 1246 1076 1316 στρεβλοῦντες
1091 1288 1104 1313 ,
1129 1240 1229 1300 οὐκ
1253 1246 1540 1316 ἐνέμειναν
1561 1247 1627 1316 τῇ
1651 1241 1842 1316 πρώτῃ

238 1333 495 1402 διαδοχῇ·
552 1325 845 1400 ἀρξάμενοι
890 1328 952 1384 δὲ
993 1324 1087 1384 ἀπ’
1136 1331 1351 1385 ἐκείνου
1382 1330 1474 1385 καὶ
1513 1331 1721 1385 θᾶττον
1752 1330 1844 1384 καὶ

233 1413 470 1487 βράδιον
522 1417 800 1469 διίσταντο
851 1414 1168 1486 προαιρέσει
1209 1409 1242 1484 ἢ
1282 1411 1509 1487 ἀγνοίᾳ,
1561 1410 1626 1469 τά
1667 1413 1726 1469 δὲ
1773 1411 1843 1484 δή
1865 1432 1910 1468 15

232 1522 341 1555 τινι
372 1503 520 1572 αἰτίᾳ
551 1495 690 1571 ἄλλῃ
722 1494 823 1554 οὐκ
865 1495 1172 1573 άφιλοτίμςῡ
1222 1507 1367 1564 ἴσως.
1437 1502 1485 1555 2.
1520 1499 1611 1554 καὶ
1644 1494 1710 1554 οὐ
1740 1497 1844 1569 μὲν

233 1581 507 1655 βούλομαί
532 1607 583 1638 τι
612 1587 866 1654 φλαῦρον
897 1587 1074 1639 εἰπεῖν
1106 1579 1197 1638 διὰ
1226 1580 1596 1655 Ξενοκράτην,
1634 1586 1846 1654 μᾶλλον

233 1666 343 1739 μὴν
374 1663 514 1741 ὑπὲρ
547 1666 847 1733 Πλάτωνος
888 1669 1080 1723 ε’θέλω.
1153 1669 1244 1723 καὶ
1284 1665 1388 1739 γάρ
1418 1691 1485 1739 με
1530 1665 1720 1723 δάκνει
1759 1663 1842 1723 ὅτι

232 1749 306 1823 μὴ
338 1757 449 1807 πᾶν
480 1750 695 1808 ἔπαθόν
735 1774 793 1806 τε
833 1753 926 1806 καὶ
966 1755 1148 1820 ἔδρων
1181 1750 1445 1819 σώζοντες
1475 1742 1549 1826 τῷ
1583 1749 1837 1807 Πλάτωνι

233 1834 371 1891 κατὰ
401 1833 581 1892 πάντα
611 1833 789 1907 πάντη
821 1838 1004 1890 πᾶσαν
1033 1829 1343 1906 ὁμοδοξίαν.
1386 1841 1566 1891 καίτοι
1595 1832 1741 1902 ἄξιος
1772 1826 1841 1907 ἦν
1862 1858 1909 1890 20

235 1911 421 1984 αὗτοις
451 1917 479 1974 ὁ
512 1917 782 1990 Πλάτων,
828 1915 930 1975 οὐκ
961 1917 1206 1991 ἀμείνων
1235 1943 1338 1992 μεν
1369 1917 1714 2024 Πυθαγόρου
1744 1925 1842 1976 τοῦ

232 2002 505 2076 μεγάλου,
548 2001 615 2059 οὐ
656 2006 842 2074 μέντοι
874 2011 1004 2068 ἴσως
1035 1999 1167 2059 οὐδε
1197 2002 1572 2077 φλαυρότερος
1605 2006 1842 2075 ἐκείνου,

235 2112 277 2144 ω
309 2091 858 2153 συνακολουθοῦντες
900 2089 1204 2160 σεφθέντες
1243 2111 1301 2144 τε
1340 2112 1392 2145 οι
1431 2086 1697 2160 γνώριμοι
1730 2091 1842 2160 ἐγέ-

236 2197 398 2230 νοντο
430 2178 950 2279 πολυτιμητίζεσθαι
990 2170 1299 2229 αἰτιώτατοι
1338 2171 1434 2229 τὸν
1473 2170 1837 2254 Πυθαγόραν.

233 2262 303 2314 3
312 2261 473 2313 τοῦτο
508 2257 568 2312 δε
608 2281 659 2313 οι
685 2254 1047 2329 Ἐπικούρειοι
1088 2253 1190 2313 οὐκ
1222 2255 1440 2330 ώφελον
1468 2281 1599 2330 μεν,
1630 2255 1839 2329 μαθόν-
1863 2278 1906 2310 25

232 2365 319 2406 τες
354 2338 405 2395 δ’
441 2333 542 2397 οὖν
575 2344 634 2397 ἐν
674 2339 868 2397 οὐδενὶ
897 2364 1001 2414 μεν
1041 2340 1322 2416 ὤφθησαν
1343 2340 1650 2417 Ἐπικούρω
1685 2345 1841 2399 ἐναν-

232 2431 322 2481 τία
352 2425 579 2497 θέμενοι
609 2421 894 2498 ούδαμώς,
935 2421 1373 2498 ὁμολογήσαντες
1417 2426 1479 2482 δὲ
1511 2425 1653 2483 εἶναι
1685 2428 1843 2502 σοφῷ

234 2511 669 2581 συνδεδογμένοι
709 2511 799 2565 καὶ
840 2507 996 2566 αὐτοὶ
1037 2510 1127 2566 διὰ
1174 2513 1332 2567 τοῦτο
1380 2507 1704 2567 ἀπέλαυσαν
1742 2512 1840 2580 τῆς

234 2590 589 2666 προσρήσεως
622 2591 868 2659 εἰκότως·
914 2592 1127 2666 ὑπῆρξέ
1153 2617 1221 2668 τε,
1245 2597 1303 2650 ἐκ
1332 2600 1430 2650 τοῦ
1462 2595 1549 2651 ἐπὶ
1580 2602 1840 2650 πλεῖστον

233 2690 346 2742 τοῖς
377 2677 663 2749 μετέπειτα
698 2675 1090 2749 Ἐπικουρείοις
1130 2675 1261 2751 μηδ’
1305 2677 1492 2743 αὐτοῖς
1533 2683 1711 2735 εἰπεῖν
1751 2698 1836 2733 πω
1860 2698 1905 2730 3ο
1942 2719 1946 2723 .

235 2763 491 2817 ἐναντίον
529 2758 657 2816 οὔτε
706 2758 961 2832 ἀλλήλοις
1002 2760 1129 2819 οὔτε
1175 2759 1477 2837 Ἐπικούρῳ
1528 2761 1705 2834 μηδὲν
1760 2765 1837 2828 εἰς

233 2845 434 2918 μηδὲν,
466 2843 595 2901 ὅτου
627 2846 716 2900 καὶ
747 2849 1068 2918 μνησθῆναι
1089 2844 1266 2914 ἄξιον·
1313 2845 1433 2902 ἀλλ’
1472 2851 1621 2902 ἔστιν
1652 2841 1838 2911 αὐτοῖς
