2014 3146
264 137 370 189 270
946 135 1193 176 EUSEBII

265 257 459 325 πτικῆς
490 258 799 325 φαντασίας
831 249 1144 323 ἀφελόντες.
1229 255 1275 307 9.
1311 248 1446 325 ὅπερ
1487 257 1594 309 νῦν
1638 276 1740 325 μεν
1770 250 1874 309 οὐκ

219 363 240 395 b
267 344 379 394 ἔστι
420 335 659 443 μηνύειν
699 359 791 409 μοι
835 338 894 392 ἐν
936 338 1138 411 καιρῷ,
1179 333 1570 408 μνησθήσομαι
1616 333 1669 393 δ’
1704 335 1875 394 αὐτοῦ

266 415 432 488 αὖθις
465 420 604 477 ἐπὰν
633 443 770 477 κατα
791 421 950 477 τοῦτο
973 417 1206 493 μαλιστα
1229 421 1493 491 γενέσθαι
1515 422 1711 494 μέλλω.
1756 426 1872 478 δια-

265 504 492 573 στάντες
534 503 584 562 δ’
630 497 735 563 οὖν
787 510 865 571 εἰς
909 503 970 561 τὸ
1021 503 1269 579 φανερὸν
1328 509 1563 576 ἔβαλλον
1601 503 1873 578 ἀλλήλους

265 589 367 691 οὐχ
397 594 455 647 οί
483 588 615 661 δυό,
656 588 777 646 ἀλλ’
824 588 853 647 5
878 588 1229 663 Ἀρκεσίλαος
1271 586 1369 646 τὸν
1399 587 1647 663 Ζήνωνα.
1709 588 1738 646 5
1769 588 1872 698 γὰρ
1896 616 1916 648 5

266 673 465 747 Ζήνων
509 674 620 748 εἶχε
664 674 732 746 δή
771 699 823 730 τι
872 677 940 748 τῇ
982 698 1128 748 μαχῃ
1179 673 1386 746 σεμνὸν
1437 675 1529 731 καὶ
1582 673 1729 748 βαρὺ
1781 677 1873 731 καὶ

267 759 676 833 Κηφισοδώρου
727 762 829 815 τοῦ
880 757 1107 833 ῥήτορος
1153 755 1256 814 οὐκ
1299 755 1552 831 ἄμεινον·
1621 755 1680 825 ὃς
1734 756 1802 831 δὴ
1845 755 1874 815 5

265 843 702 919 Κηφισόδωρος,
745 842 934 917 ἐπειδὴ
965 839 1060 899 ὑπ’
1094 839 1500 916 Ἀριστοτέλους
1531 841 1875 916 βαλλόμενον

266 931 446 986 ἐαυτῶ
482 928 577 986 τὸν
618 926 958 985 διδασκαλον
993 924 1306 1001 Ισοκρατην
1347 926 1519 1003 ἐῶρα,
1561 924 1736 984 αὐτοῦ
1772 952 1876 1002 μεν

258 1011 665 1087 Ἀριστοτέλους
706 1005 777 1085 ἦν
814 1010 1035 1113 ἀμαθὴς
1075 1014 1167 1069 καὶ
1206 1034 1461 1085 απειρος,
1510 1007 1621 1069 υπὸ
1677 1013 1738 1069 δὲ
1777 1017 1875 1070 τοῦ
1901 1037 1940 1069 10

266 1100 519 1168 καθοραν
559 1101 754 1165 ἔνδοξα
807 1095 871 1154 τὰ
910 1095 1210 1163 Πλατωνος
1259 1093 1610 1170 ὑπαρχοντα,
1662 1099 1876 1169 οἰηθεὶς

265 1180 403 1239 κατὰ
431 1181 709 1239 Πλάτωνα
732 1179 827 1239 τὸν
845 1180 1227 1254 Ἀριστοτέλην
1249 1190 1599 1254 φιλοσοφεῖν,
1627 1183 1878 1255 ἐπολέμει

220 1302 237 1323 c
265 1269 367 1340 μὲν
394 1264 782 1339 Ἀριστοτέλει,
816 1272 1013 1338 ἔβαλλε
1044 1267 1105 1323 δὲ
1135 1265 1430 1339 Πλάτωνα,
1463 1268 1554 1323 καὶ
1585 1265 1877 1340 κατηγόρει

265 1350 568 1425 ἀρξάμενος
598 1350 706 1408 ἀπὸ
737 1355 849 1409 τῶν
881 1355 1078 1422 ἰδεῶν,
1121 1355 1395 1408 τελευτῶν
1427 1357 1504 1417 εἰς
1544 1375 1611 1408 τα
1641 1349 1809 1424 αλλα,
1841 1376 1876 1407 α

266 1433 394 1494 οὐδ’
439 1434 602 1503 αὐτὸς
646 1433 796 1510 ῄδει,
852 1433 989 1492 ἄλλα
1039 1434 1105 1492 τοὶ
1147 1434 1471 1509 νομιζόμενα
1509 1432 1645 1509 αμφ’
1691 1459 1875 1493 αυτων
1898 1460 1940 1494 15

264 1512 303 1596 ᾗ
332 1523 549 1593 λέγεται
588 1519 863 1578 ὑπονοῶν.
928 1525 1007 1578 10.
1042 1519 1188 1593 πλὴν
1226 1521 1385 1587 οὗτος
1418 1545 1519 1594 μεν
1558 1519 1586 1577 5
1625 1519 1875 1624 Κηφισό-

267 1611 471 1678 δωρος,
505 1597 550 1682 ᾧ
580 1608 830 1678 ἐπολέμει
860 1604 935 1678 μὴ
965 1605 1302 1679 μαχόμενος,
1347 1604 1570 1678 ἐμάχετο
1603 1606 1645 1662 ῶ
1676 1605 1749 1680 μὴ
1780 1629 1875 1663 πο-

266 1698 457 1762 λεμεῖν
490 1689 763 1762 ἐβούλετο.
836 1688 865 1746 5
896 1693 1084 1763 μέντοι
1114 1688 1315 1762 Ζήνων
1345 1691 1436 1747 καὶ
1469 1686 1650 1762 αυτὸς,
1686 1688 1875 1762 ἐπειδὴ

265 1778 363 1831 τοῦ
387 1773 744 1849 Ἀρκεσιλάου
774 1781 998 1847 μεθίετο
1017 1819 1031 1847 ,
1075 1781 1127 1831 εἰ
1154 1775 1257 1847 μὲν
1285 1775 1427 1847 μηδὲ
1457 1773 1720 1831 Πλάτωνι
1752 1778 1874 1831 ἐπο-

266 1861 445 1931 λέμει,
480 1856 800 1931 ἐφιλοσόφει
845 1857 1026 1930 δήπου
1059 1861 1177 1931 ἐμοὶ
1207 1861 1368 1932 κριτῇ
1397 1863 1660 1915 πλείστου
1690 1855 1872 1932 ἀξίως,
1896 1883 1939 1915 ‘20

266 1941 429 2000 ἕνεκά
458 1967 522 2014 γε
551 1947 647 2015 τῆς
680 1941 902 2016 εἰρήνης
931 1941 1147 2015 ταύτης.
1225 1949 1276 1998 εἰ
1305 1941 1355 1998 δ’
1392 1938 1495 1999 οὐκ
1525 1939 1744 2015 ἀγνοῶν
1773 1945 1873 2016 μὲν

268 2035 399 2094 ἴσως
438 2025 504 2083 τὰ
539 2024 923 2101 Ἀρκεσιλάου,
963 2027 1028 2084 τὰ
1068 2031 1255 2100 μέντοι
1294 2025 1594 2093 Πλάτωνος
1636 2024 1873 2100 ἀγνοῶν,

192 2136 240 2172 211
268 2107 339 2177 ῶς
373 2114 425 2179 ἐξ
459 2104 538 2168 ῶν
581 2108 729 2188 αὐτῷ
769 2108 1116 2184 ἀντέγραψεν
1148 2114 1451 2184 ἐλέγχεται,
1493 2107 1574 2168 ὅτι
1618 2115 1875 2184 ἐποίησεν

268 2198 492 2254 ἐναντία
529 2191 759 2268 καύτὸς,
799 2195 935 2269 μήτε
976 2192 1041 2254 ὃν
1081 2194 1206 2270 ᾔδει
1246 2195 1530 2268 πλήττων,
1570 2192 1636 2254 ὅν
1675 2221 1734 2254 τε
1774 2195 1876 2254 οὐκ

267 2283 434 2352 ἐχρῆν
464 2279 758 2353 ἀτιμότατα
779 2283 869 2337 καὶ
897 2289 1148 2354 αἴσχιστα
1167 2278 1557 2355 περιυβρικῶς,
1589 2283 1682 2337 καὶ
1702 2284 1874 2338 ταῦτα
1895 2304 1938 2336 25

265 2363 409 2420 πολὺ
441 2363 635 2422 κάκιον
664 2361 698 2437 ἢ
729 2363 992 2438 προσήκει
1024 2372 1169 2423 κυνί.
1244 2370 1326 2420 11.
1359 2364 1506 2437 πλὴν
1551 2367 1787 2433 διέδειξέ
1810 2389 1874 2438 γε

265 2445 376 2521 μὴν
423 2447 885 2523 μεγαλοφροσύνῃ
938 2447 1313 2523 ἀποσχόμενος
1361 2455 1459 2506 τοῦ
1501 2446 1868 2523 Ἀρκεσιλάου.

264 2530 384 2604 ἤτοι
413 2531 519 2606 γὰρ
549 2531 747 2608 ἀγνοίᾳ
775 2538 889 2591 τῶν
920 2538 1162 2606 ἐκείνου,
1204 2531 1238 2606 ἢ
1282 2535 1394 2591 δέει
1432 2537 1544 2591 τῶν
1582 2540 1870 2606 Στωϊκῶν,

615 2662 846 2725 πολέμοιο
873 2664 992 2728 μέγα
1019 2661 1175 2727 στόμα
1200 2663 1523 2712 πευκεδανοῖο

266 2784 610 2859 ἀπετρέψατο
650 2782 789 2860 ἄλλῃ
833 2792 910 2851 εἰς
940 2785 1230 2844 Πλάτωνα.
1303 2783 1442 2843 ἀλλὰ
1481 2786 1572 2842 καὶ
1611 2787 1739 2858 περὶ
1768 2786 1870 2859 μὲν
1890 2810 1936 2842 30

265 2873 377 2927 τῶν
414 2868 634 2943 Ζήνωνι
675 2871 753 2937 εὶς
793 2868 1068 2928 Πλάτωνα
1107 2874 1286 2937 καλῶς
1327 2895 1386 2928 τε
1426 2871 1518 2927 καὶ
1557 2868 1870 2943 αἰδημόνως
