2014 3146
226 115 332 168 250
909 115 1157 157 EUSEBII

354 237 401 289 6.
450 233 559 288 Καὶ
591 229 758 288 πάλιν
791 232 912 303 ἑξῆς
943 249 1116 304 φησιν

348 312 514 373 “Ἐάν
547 316 626 387 δὲ,
659 312 688 371 ὃ
718 321 965 387 γίγνεται
995 316 1116 388 μὲν,
1148 313 1392 387 ὀλιγάκις
1425 317 1504 386 δὲ,
1539 316 1630 373 διὰ
1653 316 1840 388 θυμὸν

225 397 404 473 πατὴρ
429 396 462 470 ἢ
485 397 662 473 μήτηρ
694 404 820 456 υἱὸν
843 395 876 471 ἢ
901 403 1184 474 θυγατέρα
1208 408 1442 472 πληγαῖς
1465 398 1500 472 ἥ
1523 425 1630 458 τινι
1654 399 1838 478 τρόπῳ

225 490 389 560 βιαίῳ
430 489 646 558 κτείνῃ,
687 482 988 557 καθάρσεις
1027 484 1130 556 μὲν
1170 483 1264 552 τὰς
1304 481 1472 551 αὐτὰς
1510 498 1623 550 τοῖς
1654 482 1838 552 ἄλλοις

188 574 602 645 ,καθαίρεσθαι
632 570 724 625 καὶ
766 569 1050 636 ἐνιαυτοὺς
1092 581 1235 643 τρεῖς
1278 568 1667 641 ἀπενιαυτεῖν,
1743 592 1836 625 κα·
1881 592 1933 631 5,

224 651 541 710 τελθόντων
564 654 623 710 δὲ
645 654 757 710 τῶν
781 651 1116 711 κτεινάντων
1137 649 1582 711 ἀπαλλάττεσθαι
1602 651 1842 726 γυναῖκά

225 762 283 795 τε
314 736 421 794 ἀπὸ
451 735 652 811 ἀνδρὸς
686 740 778 794 καὶ
807 736 904 795 τὸν
935 735 1115 809 ἀνδρα
1145 734 1251 794 ἀπὸ
1284 737 1575 810 γυναικὸς,
1619 739 1712 802 καὶ
1741 735 1841 811 μή-

226 820 347 879 ποτ’
387 828 464 881 ἔτι
495 826 653 896 κοινῇ
684 819 1237 894 παιδοποιήσασθαι.”

358 911 403 963 7.
452 908 562 963 Καὶ
591 905 804 973 τούτοις
838 909 1084 979 ἐπιφέρει

347 988 638 1049 κΓυναῖκα
672 991 732 1047 δὲ
763 989 1005 1064 γαμετὴν
1036 989 1131 1047 ε’ἀν
1163 987 1303 1065 ἀνὴρ
1339 987 1415 1047 δι’
1450 987 1623 1065 ὀργὴν
1655 996 1840 1065 κτείνῃ
1866 1013 1906 1045 10

228 1072 380 1147 τινά,
420 1072 454 1148 ἢ
485 1074 628 1148 γυνή
667 1099 747 1141 τις
782 1077 977 1149 ἑαυτῆς
1017 1073 1197 1147 ἄνδρα
1234 1071 1437 1132 ταύτὸν
1468 1078 1627 1132 τοῦτο
1660 1073 1846 1131 ὡσαύ-

229 1184 335 1226 τως
368 1158 681 1232 ἐργάσηται,
714 1166 1091 1231 καθαίρεσθαι
1121 1159 1250 1226 τοὺς
1274 1157 1475 1226 αὐτούς
1500 1157 1843 1232 καθαρμοὺς,

230 1257 458 1317 τριετεῖς
493 1245 554 1300 δὲ
585 1242 1009 1317 ἀπενιαυτήσεις
1043 1249 1332 1302 διατελεῖν.
1402 1242 1691 1301 κατελθών
1725 1244 1785 1301 δὲ
1814 1242 1843 1299 ὁ

230 1327 446 1386 τοιοῦτό
485 1353 536 1385 τι
583 1327 791 1402 δράσας
831 1342 944 1395 τοῖς
985 1325 1159 1386 αὑτοῦ
1207 1330 1400 1386 παισὶν
1433 1331 1599 1400 ἱερῶν
1629 1329 1703 1402 μὴ
1735 1352 1844 1385 κοι-

231 1418 506 1485 νωνείτω,
549 1414 689 1486 μηδε
718 1411 1081 1486 ὁμοτράπεζος
1120 1416 1400 1487 γιγνέσθω
1442 1414 1586 1470 ποτέ.
1657 1418 1703 1470 8.
1753 1413 1843 1469 καὶ
1868 1436 1907 1469 15

233 1496 328 1554 ἐὰν
381 1495 621 1569 ἀδελφὸς
669 1495 916 1571 ἀδελφὸν
961 1494 994 1571 ἢ
1033 1494 1310 1571 ἀδελφὴν,
1353 1494 1387 1572 ἢ
1425 1495 1640 1571 ἀδελφὴ
1681 1496 1846 1555 ἀδελ-

231 1583 342 1655 φὸν
393 1579 426 1655 ἢ
478 1579 733 1655 ἀδελφὴν
783 1586 953 1659 θυμω
1014 1583 1244 1658 κτείνῃ,
1304 1582 1370 1639 τὰ
1429 1606 1532 1656 μεν
1583 1606 1695 1640 των
1747 1606 1847 1639 κα-

231 1671 469 1740 θαρμῶν
507 1670 599 1724 καὶ
639 1665 1121 1740 ἀπενιαυτήσεων,
1176 1666 1432 1739 καθάπερ
1484 1675 1694 1739 εἴρηται
1734 1680 1847 1732 τοῖς

231 1755 455 1823 γονεῦσι
496 1754 587 1808 καὶ
627 1765 741 1818 τοῖς
783 1750 1055 1823 ἐκγόνοις,
1103 1750 1347 1824 εἰρήσθω
1389 1753 1540 1807 δεῖν
1552 1756 1847 1823 γίγνεσθαι

195 1887 198 1889 .
234 1838 326 1892 καὶ
385 1835 597 1901 τούτοις
660 1860 739 1891 ων
779 1834 1055 1908 ἀδελφούς
1106 1859 1165 1892 τε
1215 1833 1478 1907 ἀδελφων
1518 1836 1610 1891 καὶ
1649 1836 1843 1907 γονέας
1868 1857 1908 1889 20

236 1921 491 1992 ἐστέρηκε
523 1924 770 1990 παίδων,
816 1918 1027 1986 τούτοις
1061 1920 1120 1976 δε
1152 1921 1435 1985 συνέστιος
1467 1915 1655 1985 αὐτοῖς
1680 1913 1847 1985 αὐτὸς

234 2008 518 2111 μηδέποτε
528 2006 828 2076 γιγνέσθω,
851 2004 989 2076 μηδε
1013 2005 1276 2069 κοινωνὸς
1302 2007 1481 2077 ίερων.
1507 2036 1586 2043 --
1615 2009 1662 2060 9.
1687 2000 1847 2060 ἀδελ-

235 2088 338 2162 φὸς
372 2089 432 2145 δε
465 2088 560 2145 ἐὰν
592 2086 838 2160 ἀδελφὸν
869 2094 1056 2163 κτείνῃ
1091 2092 1149 2145 ἐν
1192 2086 1419 2144 στάσεσι
1474 2087 1647 2162 μάχης
1687 2112 1848 2160 γενο-

235 2174 432 2246 μένης,
487 2170 519 2245 ἦ
561 2197 670 2229 τινι
709 2171 940 2230 τοιούτω
987 2171 1192 2250 τρόπω,
1235 2170 1580 2246 ἀμυνόμενος
1609 2170 1848 2246 ἄρχοντα

235 2281 438 2330 χειρων
461 2256 747 2331 πρότερον,
781 2232 1037 2332 καθάπερ
1063 2263 1326 2331 πολέμιον
1349 2254 1675 2323 ἀποκτείνας
1706 2262 1845 2315 ἔστω
1869 2278 1910 2310 25

237 2340 498 2413 καθαρός.
554 2343 644 2398 καὶ
677 2339 773 2399 ε’ἀν
803 2347 1027 2414 πολίτης
1057 2347 1290 2414 πολίτην
1321 2336 1600 2412 ὡσαύτως,
1631 2338 1665 2414 ἢ
1697 2342 1848 2409 ξένος

237 2427 409 2492 ξένον.
474 2424 570 2482 ἐάν
604 2426 666 2482 δὲ
696 2424 866 2482 ἀστὸν
897 2428 1068 2496 ξένος,
1101 2421 1141 2497 ἢ
1165 2429 1325 2494 ξένον
1366 2422 1528 2493 ἀστὸς
1569 2422 1849 2499 ἀμυνόμε-

237 2533 332 2574 νος
373 2514 591 2582 κτείνῃ,
633 2507 769 2566 κατά
807 2512 872 2566 τὰ
912 2507 1052 2567 αὐτὰ
1092 2517 1229 2568 ἔστω
1260 2514 1357 2567 τοῦ
1396 2508 1640 2583 καθαρὸς
1672 2509 1846 2566 εἶναι·

239 2596 331 2649 καὶ
364 2590 459 2648 ἐάν
491 2597 687 2658 δοῦλος
721 2597 953 2666 δοῦλον,
988 2592 1264 2660 ὡσαύτως.
1329 2587 1425 2651 ε’ἀν
1456 2595 1516 2651 δὲ
1547 2586 1617 2651 αὖ
1651 2596 1846 2659 δοῦλος

240 2675 542 2750 ἐλεύθερον
571 2675 914 2749 ἀμυνόμενος
946 2675 1264 2751 ἀποκτείνῃ,
1297 2677 1551 2748 καθάπερ
1576 2673 1603 2734 ὁ
1629 2682 1846 2745 κτείνας
1869 2698 1910 2730 30

355 2871 379 2909 2
408 2861 520 2910 Ἐὰν
542 2864 595 2910 δὲ
627 2867 696 2924 -]
729 2870 845 2910 Ibid.
879 2884 922 2923 p.
955 2871 1051 2911 868.
1084 2871 1181 2912 869.
1214 2871 1310 2912 871.
