2014 3146
288 125 395 197 242
973 124 1218 166 Ensssssn

289 239 579 315 ὀρχεῖσθαι
613 238 825 312 δηλαδὴ
866 241 958 295 καὶ
998 238 1378 312 γυμνάζεσθαι
1416 237 1754 313 μανθάνειν·
1808 242 1900 296 καὶ

291 339 405 390 τοῖς
434 326 535 398 μὲν
558 325 750 394 παισὶν
771 322 1054 396 ὀρχησταὶ,
1086 337 1203 389 ταῖς
1230 324 1291 380 δὲ
1313 320 1668 396 ὀρχηστρίδες
1692 321 1761 381 ἂν
1787 325 1901 381 εἷεν

292 410 428 484 πρὸς
458 408 518 466 τὸ
552 413 841 465 διαπονεῖν
871 405 973 464 οὐκ
1003 401 1562 482 ἀνεπιτηδειότερον.”

428 499 631 566 Τίθησι
665 489 718 548 δ’
755 494 814 549 ἐν
844 489 993 549 αὐτῶ
1025 494 1118 549 καὶ
1147 490 1281 549 τάδε

412 573 523 635 “H
561 578 619 634 δε
661 569 731 634 αὗ
771 599 879 634 που
922 575 1043 650 παρ’
1097 574 1232 650 ἡμῖν
1283 574 1419 651 κόρη
1472 567 1563 633 καὶ
1619 579 1900 648 δέσποινα,
1947 595 1967 628 5
2009 635 2014 642 ,

297 660 680 734 εὐφρανθεῖσα
711 664 779 734 τῇ
809 667 906 734 τῆς
937 667 1156 734 χορείας
1179 666 1424 736 παιδεία,
1457 658 1561 718 ου’κ
1596 657 1757 738 ᾠήθη
1783 666 1903 718 δεῖν

252 769 270 791 ⁰
295 761 482 813 κεναῖς
513 747 704 820 χερσὶν
735 744 994 818 ἀθύρειν,
1027 753 1308 821 πανοπλία
1336 746 1397 802 δε
1421 753 1685 802 παντελεῖ
1705 765 1905 819 κοσμη-

294 842 462 889 θεῖσα
493 828 638 888 οὕτω
669 828 770 902 τὴν
801 828 1029 904 ὄρχησιν
1062 807 1469 904 διαπεραίνειν·
1523 855 1557 886 α
1590 828 1658 901 δὴ
1689 828 1906 896 πάντως

296 925 588 990 μιμεῖσθαι
629 916 841 989 πρέπον
883 910 953 971 ἀν
997 923 1081 987 εἴη
1112 913 1310 989 κόρους
1340 937 1398 971 τε
1428 911 1539 988 άμα
1569 917 1661 971 καὶ
1691 910 1890 987 κόραςῖ

423 1004 472 1056 4.
523 1001 632 1056 Καὶ
664 1007 927 1072 πολεμεῖν
970 999 1031 1055 δε
1061 1001 1316 1071 γυναιξὶν
1362 991 1475 1056 ῶδέ
1500 1022 1576 1071 πη
1614 1009 1910 1072 νομοθετεῖ
1929 1021 1971 1054 10

417 1082 550 1141 “’Ev
584 1084 643 1140 δε
687 1081 901 1148 τούτοις
945 1087 1080 1140 πᾶσι
1121 1088 1211 1141 δεῖ
1248 1081 1617 1150 διδασκάλους
1661 1082 1908 1140 ἑκάστων

298 1171 699 1241 πεπεισμένους
723 1178 965 1241 μισθοῖς,
992 1173 1282 1235 οἰκοῦντας
1306 1170 1516 1239 ξένους,
1544 1166 1828 1225 διδάσκειν
1851 1190 1909 1224 τε

298 1251 476 1310 πάντα
518 1250 618 1309 ὅσα
671 1250 806 1326 πρὸς
847 1251 943 1308 τὸν
985 1251 1227 1325 πόλεμόν
1270 1255 1382 1310 ε’στι
1432 1251 1732 1325 μαθήματα
1781 1250 1911 1319 τούς

298 1341 606 1411 φοιτῶντας
646 1334 749 1393 ὅσα
789 1359 848 1393 τε
892 1334 1027 1411 πρὸς
1068 1335 1367 1410 μουσικὴν,
1412 1334 1512 1411 οὐχ
1553 1333 1619 1394 ὃν
1648 1337 1751 1410 μὲν
1781 1332 1851 1394 ἂν
1880 1332 1947 1393 ὅ“

299 1422 478 1496 πατὴρ
509 1420 795 1494 βούληται,
827 1426 1132 1494 φοιτῶντα,
1177 1418 1243 1479 ὃν
1277 1420 1329 1478 δ’
1376 1416 1445 1478 ἂν
1475 1419 1569 1495 μὴ,
1602 1422 1777 1479 ἐῶντα
1814 1424 1910 1494 τῆς
1933 1446 1975 1478 15

300 1512 574 1576 παιδείας,
608 1504 750 1562 ἀλλά
779 1504 838 1562 τὸ
872 1505 1173 1579 λεγόμενον
1203 1504 1382 1564 πάντα
1405 1503 1584 1580 ἄνδρα
1615 1509 1707 1563 καὶ
1737 1511 1911 1563 παῖδα

301 1590 439 1648 κατὰ
469 1588 528 1647 τὸ
563 1588 822 1660 δυνατὸν,
871 1589 943 1658 ῶς
973 1594 1067 1662 τῆς
1098 1589 1312 1658 πόλεως
1342 1594 1552 1664 μᾶλλον
1581 1587 1615 1663 ἢ
1645 1594 1758 1649 τῶν
1787 1614 1911 1663 γεν-

302 1674 553 1750 νητόρων
567 1673 747 1746 ὄντας,
771 1677 1102 1732 παιδευτέον
1120 1678 1172 1743 ἐξ
1194 1673 1451 1748 ἀνάγκης.
1486 1680 1533 1732 5.
1557 1673 1729 1732 ταυτά
1754 1676 1815 1732 δὲ
1843 1673 1911 1747 δὴ

257 1774 280 1806 d
303 1762 396 1817 καὶ
427 1761 553 1833 περὶ
583 1765 830 1832 θηλειῶν
858 1757 887 1815 ὁ
917 1760 1020 1832 μὲν
1052 1758 1176 1832 έμὸς
1215 1758 1381 1833 νόμος
1420 1756 1491 1816 ἂν
1528 1753 1676 1816 ἐἴποι
1711 1758 1909 1831 πάντα,

301 1841 509 1916 ὅσαπερ
541 1845 634 1899 καὶ
664 1845 790 1917 περὶ
820 1846 931 1899 τῶν
972 1840 1251 1917 ἀρρένων,
1301 1853 1393 1901 ἴσα
1433 1845 1524 1900 καὶ
1555 1842 1649 1910 τας
1680 1849 1910 1916 θηλείας
1933 1868 1976 1902 20
2012 1845 2014 1847 ¹

304 1926 498 1985 ἀσκεῖν
529 1932 674 1984 δεῖν’
737 1928 828 1983 καὶ
860 1925 1028 1984 οὐδὲν
1057 1929 1332 2000 φοβηθεὶς
1365 1925 1560 2000 εἴποιμ’
1605 1924 1675 1984 ἂν
1714 1932 1912 1984 τοῦτον

302 2012 400 2069 τὸν
427 2010 592 2083 λόγον
612 2008 739 2069 οὔτε
761 2016 984 2084 ἱππικῆς
1008 2009 1135 2069 οὔτε
1152 2016 1545 2085 γυμναστικῆς,
1579 2010 1651 2078 ῶς
1675 2010 1914 2085 ἀνδράσι

304 2098 406 2170 μὲν
436 2098 647 2170 πρέπον
678 2093 747 2152 ἂν
780 2104 882 2168 εἰή,
916 2098 1134 2167 γυναιξὶ
1169 2097 1230 2152 δὲ
1261 2093 1362 2154 ούκ
1392 2093 1461 2152 ἂν
1492 2092 1748 2171 πρέπον.”

433 2185 480 2237 6.
528 2182 639 2237 Καὶ
672 2179 839 2237 πάλιν
871 2183 992 2252 ἑξῆς
1023 2177 1238 2253 ὑποβάς
1269 2200 1406 2254 φησι

424 2262 763 2338 “Γυμνάσια
807 2269 1054 2338 τιθῶμεν
1099 2267 1189 2322 καὶ
1229 2263 1294 2322 τοὶ
1346 2267 1472 2337 περὶ
1524 2262 1621 2322 τὸν
1673 2262 1914 2338 πόλεμον
1935 2288 1977 2321 25

306 2346 485 2405 πάντα
515 2364 629 2415 τοῖς
660 2347 875 2422 σώμασι
909 2348 1289 2423 διαπονήματα
1329 2351 1545 2421 τοξικῆς
1583 2373 1643 2406 τε
1686 2351 1778 2406 καὶ
1813 2347 1913 2406 πά-

307 2450 406 2504 σης
437 2437 643 2503 ῥίψεως
673 2436 764 2490 καὶ
794 2437 1152 2506 πελταστικῆς
1193 2436 1285 2491 καὶ
1325 2432 1540 2506 ἀπάσης
1579 2431 1916 2507 ὁπλομαχίας
1979 2494 1993 2497 „

197 2529 291 2572 [414]
307 2518 398 2572 καὶ
433 2515 698 2583 διεξόδων
737 2521 1007 2574 τακτικῶν
1048 2521 1140 2575 καὶ
1179 2514 1394 2591 ἀπάσης
1433 2523 1658 2591 πορείας
1689 2535 1912 2590 στρατο-

308 2602 496 2658 πέδων
526 2603 618 2656 καὶ
648 2600 1168 2672 στρατοπεδεύσεων
1199 2605 1290 2659 καὶ
1318 2601 1421 2659 ὅσα
1446 2608 1522 2668 εἰς
1554 2600 1785 2672 ἱππικὴν
1814 2623 1913 2673 μα-

199 2714 290 2753 (707)
310 2682 532 2757 θήματα
564 2687 849 2752 ξυντείνει.
912 2685 1136 2743 πάντων
1169 2711 1271 2759 γαρ
1302 2684 1515 2744 τούτων
1547 2682 1913 2751 διδασκάλους
1936 2708 1978 2740 3ο

309 2791 368 2825 τε
402 2767 544 2825 εἶναι
589 2773 679 2826 δεῖ
717 2769 965 2839 κοινοὺς,
1007 2768 1355 2871 ἀρνυμένους
1392 2767 1600 2843 μισθὸν
1640 2791 1788 2843 παρα
1818 2772 1911 2841 τῆς

310 2851 547 2925 πόλεως,
589 2855 679 2909 καὶ
708 2851 919 2910 τούτων
948 2853 1200 2926 μαθητας
1237 2853 1364 2920 τούς
1406 2857 1465 2909 ἐν
1503 2858 1570 2926 τῇ
1601 2851 1757 2910 πόλει
1787 2865 1912 2909 παῖ-
