2014 3146
269 93 367 146 128
935 95 1187 138 EUSEBII

265 235 377 269 των
404 212 464 268 δὲ
487 214 598 268 τῶν
622 209 948 284 ἀγρονόμων
967 207 1115 267 οἷσιν
1137 206 1208 268 ἂν
1231 212 1322 268 καὶ
1352 207 1573 277 ὁπόσοις
1597 209 1874 285 προστάξῃ

265 294 293 352 ὁ
325 293 649 370 προσήκων,
691 294 750 351 τὸ
797 294 858 350 δὲ
906 292 1081 366 ὅφλον
1112 297 1213 362 ἔξω
1253 299 1365 353 τῶν
1394 293 1542 368 ὅρων
1571 298 1665 368 τῆς
1696 293 1876 370 χώρας

267 377 699 444 ἀποκτείναντας
732 376 1024 453 διορίσαι.”

156 476 248 517 (613)
402 466 584 521 Ταῦτα
615 458 644 520 ὃ
676 461 930 521 Πλάτων.
985 458 1013 520 ὁ
1050 463 1110 519 δὲ
1141 466 1353 536 Μωσῆς
1378 463 1674 537 προλαβών
1705 481 1877 537 φησιν

259 546 397 605 “ε’ὀιν
441 548 501 604 δὲ
541 553 803 622 κερατίσῃ
835 550 1033 620 ταῦρος
1065 546 1242 621 ἄνδρα
1273 543 1307 620 ἢ
1342 561 1582 619 γυναῖκα
1613 550 1705 604 καὶ
1738 545 1876 605 άπο-
1898 570 1918 603 5

266 630 446 706 θάνῃ,
479 637 659 698 λίθοις
683 630 1189 704 λιθοβοληθήσεται
1212 631 1241 689 ὁ
1265 636 1492 704 ταῦρος,
1525 633 1615 688 καὶ
1638 630 1706 689 ὀὐ
1731 639 1880 705 βρω-

266 715 501 790 θήσεται
524 714 589 773 τὰ
614 718 747 791 κρέα
771 713 968 774 αὐτοῦ·
1001 715 1029 773 ὁ
1055 717 1114 773 δὲ
1135 714 1323 789 κύριος
1343 719 1444 774 τοῦ
1460 715 1668 791 ταύρου
1693 712 1880 793 ἀθῷος

270 797 478 859 ε”σται.”

395 896 558 945 XLIII.
602 891 709 957 Τῆς
734 888 1076 959 προφητικῆς
1102 889 1316 960 γραφῆς
1342 883 1607 958 λεγούσης
1623 881 1749 942 “viz
1779 883 1882 942 ἇν-

268 967 534 1043 θρώπου,
583 967 708 1026 ι’δοὺ
748 968 1010 1042 γεγόνασί
1045 993 1136 1042 μοι
1176 969 1204 1026 ὁ
1246 970 1392 1036 οἶκος
1425 968 1636 1043 Ἰσραὴλ
1678 966 1879 1042 άναμε·
1903 993 1944 1025 10

221 1071 242 1103 b
269 1057 522 1128 μιγμένοι
546 1052 745 1119 πάντες
771 1057 954 1131 χαλκῷ
979 1056 1071 1110 καὶ
1093 1058 1399 1131 κασσιτέρῳ
1420 1056 1512 1110 καὶ
1543 1052 1755 1131 σιδήρῳ
1785 1055 1879 1111 καὶ

270 1143 548 1214 μολίβδῳ,
598 1142 657 1196 ἐν
697 1140 845 1215 μέσῳ
878 1145 1115 1212 καμίνου
1146 1137 1418 1213 ἀργυρίου
1449 1136 1881 1211 ἀναμεμιγμένοι

273 1229 395 1280 εἰσί.
461 1222 551 1279 διὰ
591 1226 753 1280 τοῦτο
797 1221 952 1280 εἰπὸν
993 1221 1126 1280 τάδε
1166 1226 1312 1296 λέγει
1360 1221 1580 1296 κύριος,
1622 1219 1754 1280 ἄνθ’
1802 1213 1882 1280 οἷν

272 1310 534 1379 ἐγένεσθε
565 1305 764 1373 πάντες
796 1313 874 1374 είς
905 1307 1215 1382 σύγκρασιν
1257 1313 1418 1380 μίαν,
1462 1305 1553 1364 διὰ
1582 1311 1743 1364 τοῦτο
1777 1305 1882 1379 ἐγώ

272 1393 583 1464 εἰσδέξομαι
641 1390 811 1465 ὑμᾶς,
876 1390 1066 1459 καθώς
1129 1393 1431 1465 εἰσδέχεται
1489 1389 1728 1466 ἄργυρος
1790 1393 1882 1448 καὶ
1906 1414 1946 1446 15

271 1475 471 1550 χαλκὸς
521 1478 612 1532 καὶ
671 1481 898 1551 σίδηρος
949 1478 1041 1533 καὶ
1092 1475 1355 1548 μόλιβδος
1406 1478 1499 1533 καὶ
1561 1482 1882 1549 κασσίτερος

274 1567 352 1627 εἰς
391 1563 562 1633 μέσον
602 1567 869 1633 καμίνου,
910 1567 1010 1618 τοῦ
1045 1564 1355 1634 ἐκφυσῆσαι
1397 1566 1477 1626 είς
1517 1558 1717 1627 αὐτοὺς
1749 1563 1881 1633 πῦρ,

271 1649 370 1702 τοῦ
393 1642 786 1718 χωνευθῆναι”
822 1647 913 1702 καὶ
945 1642 973 1702 ὁ
1006 1645 1246 1703 Πλάτων
1278 1642 1539 1711 ὡσαύτως
1572 1643 1884 1702 ἐπάκουσον

272 1726 306 1783 ἅ
339 1748 512 1803 φησιν

399 1817 447 1868 2.
482 1811 511 1832 “
526 1810 748 1870 Οὐκοῦν
786 1810 1013 1871 ἀκούετε
1053 1813 1246 1871 λοιπὸν
1293 1816 1392 1869 τοῦ
1441 1811 1645 1885 μύθου.
1721 1812 1946 1885 ἐσμὲνῖο

273 1895 378 1970 γὰρ
411 1895 479 1968 δὴ
511 1895 712 1963 πάντες
755 1901 812 1954 οἱ
849 1901 909 1955 ἐν
938 1900 1006 1971 τῇ
1035 1897 1190 1954 πόλει
1222 1895 1483 1970 ἀδελφοὶ,
1529 1895 1602 1963 ὡς
1633 1895 1883 1970 φήσομεν

224 2013 240 2034 c
273 1979 408 2054 πρὸς
449 1979 649 2046 αὐτοῦς
692 1985 1168 2054 μυθολογοῦντες,
1211 1979 1329 2038 ἀλλ’
1367 1979 1395 2038 ὁ
1435 1979 1567 2047 θεὸς
1609 1979 1883 2052 πλάττων,

272 2062 391 2122 ὅσοι
430 2066 531 2137 μὲν
575 2061 734 2138 ὑμῶν
767 2068 947 2123 ἱκανοὶ
978 2064 1194 2140 ἄρχειν,
1237 2063 1443 2139 χρυσὸν
1484 2069 1544 2122 ἐν
1573 2069 1639 2139 τῇ
1669 2068 1884 2137 γενέσει

265 2152 602 2225 ,ξυνέμισγεν
644 2147 858 2222 αὐτοῖς,
913 2149 1052 2207 διότι
1094 2149 1412 2223 τιμιώτατοί
1450 2159 1617 2206 εἰσιν·
1666 2146 1785 2206 ὅσοι
1827 2146 1881 2206 δ’

277 2236 589 2307 ἐπίκουροι,
623 2231 893 2309 ἄργυρον·
943 2239 1176 2308 σίδηρον
1208 2235 1267 2291 δὲ
1299 2237 1389 2291 καὶ
1421 2233 1625 2307 χαλκὸν
1653 2246 1766 2300 τοῖς
1797 2256 1884 2305 γε-
1908 2255 1948 2288 25

276 2331 474 2390 ωργοῖς
505 2320 597 2374 καὶ
626 2332 739 2384 τοῖς
770 2316 954 2386 ἄλλοις
989 2324 1357 2394 δημιουργοῖς.
1419 2323 1466 2376 3.
1500 2317 1595 2375 ἅτε
1627 2310 1730 2375 οὖν
1760 2322 1884 2390 ξυγ-

274 2414 454 2472 γενεῖς
484 2401 638 2467 ὄντες
669 2399 934 2475 ἅπαντες,
976 2402 1035 2460 τὸ
1075 2404 1177 2477 μὲν
1215 2401 1357 2465 πολῦ
1398 2399 1621 2476 ὁμοίους
1652 2399 1723 2460 ἂν
1750 2397 1886 2475 ὑμῖν

277 2480 463 2549 αὐτοῖς
494 2491 761 2561 γεννῷτε,
795 2493 910 2543 ἔστι
943 2485 993 2543 δ’
1030 2485 1120 2543 ὅτε
1153 2491 1211 2544 ἐκ
1242 2491 1452 2561 χρυσοῦ
1482 2493 1785 2560 γεννηθείη
1816 2482 1886 2541 ἂν

277 2566 589 2642 ἀργυροῦν,
648 2572 739 2625 καὶ
795 2573 849 2636 ἐξ
901 2567 1149 2644 άργυροῦ
1197 2575 1443 2645 χρυσοῦν
1488 2577 1745 2642 ἔκγονον,
1791 2570 1882 2625 καὶ

275 2649 444 2708 τᾶλλα
475 2651 654 2709 πάντα
687 2657 739 2720 ἐξ
771 2650 1025 2726 ἀλλήλων
1056 2653 1243 2721 οὕτως.
1297 2659 1346 2713 4.
1379 2667 1491 2721 τοῖς
1523 2646 1624 2711 οῦν
1654 2651 1882 2726 ἄρχουσι
1906 2674 1946 2706 30

392 2846 442 2885 18
475 2840 691 2899 Πλάτων]
727 2847 838 2899 Rep.
864 2850 887 2887 3
910 2861 950 2899 p.
974 2847 1070 2887 415.
