2014 3146
39 3037 62 3146 'Ax-nn·-
53 3013 57 3018 .
46 2967 52 2971 ·

626 200 839 244 PRAEP.
871 201 1092 245 EVANG.
1125 202 1205 243 XI.
1231 203 1294 245 16.
1708 200 1777 252 35

292 327 412 377 XVI
454 314 606 375 “Kal
645 316 801 390 τιμὰς
842 315 1198 391 ἀποδιδῶμεν
1236 316 1310 391 μὴ
1349 323 1424 394 τῷ
1454 318 1555 390 μὲν
1588 320 1776 375 ἐνιαυ-

166 400 290 472 τὸν,
331 404 409 477 τῷ
440 402 501 457 δε
530 404 704 474 μῆνα,
746 415 859 468 τοῖς
892 403 953 459 δε
983 401 1057 475 μή
1087 427 1210 459 τινα
1241 416 1443 477 μοῖραν
1472 400 1771 476 τάττωμεν,

167 486 312 558 μηδέ
346 509 471 542 τινα
511 485 740 559 χρόνον,
783 489 842 545 ἐν
874 488 915 563 ᾧ
958 490 1285 560 διεξέρχεται
1325 486 1422 544 τὸν
1461 483 1634 544 αὐτοῦ
1672 485 1814 544 and—c

167 577 294 642 λον,
329 574 722 628 συναποτελων
754 570 989 644 κόσμον,
1021 569 1086 628 ὃν
1117 575 1270 639 ἔταξε
1300 570 1459 643 λόγος
1489 570 1518 627 5
1549 570 1774 629 πάντων

106 652 479 720 ·5θειότατος”
547 653 613 712 ὃν
654 654 681 711 5
723 657 824 727 μὲν
868 653 1152 728 εὐδαίμων
1194 658 1413 730 πρῶτον
1454 657 1554 728 μὲν
1598 654 1774 713 ἐθαύ-

163 759 368 811 μασεν,
414 745 599 796 ἔπειτα
643 740 704 795 δὲ
735 745 910 812 ἔρωτα
942 745 1065 812 ἔσχε
1095 743 1192 796 τοῦ
1223 750 1568 812 καταμαθεῖν
1597 739 1773 797 ὁπόσα

159 827 341 897 θνητῇ
373 822 542 895 φύσει
576 820 839 879 δυνατά.”

286 910 334 963 2.
370 909 481 964 Καὶ
514 909 573 964 ἐν
606 910 864 981 ἐπιστολῇ
899 908 958 963 δε
988 909 1056 980 τῇ
1079 906 1215 980 πρὸς
1233 903 1488 980 Ερμείαν
1501 905 1772 982 ’Ἑραστόν

158 1013 217 1047 τε
247 993 339 1047 καὶ
371 996 651 1064 Κορίσκον
697 993 756 1048 εὐ
789 990 934 1064 μάλα
964 992 1404 1064 πεφυλαγμένως
1435 994 1679 1049 τέθειται
1709 992 1770 1048 τὸ

95 1095 136 1126 10
162 1073 357 1148 δόγμα,
391 1067 501 1132 ὦδε
531 1074 666 1150 πρὸς
697 1078 845 1143 λέξιν
878 1079 1214 1133 ἐπιστέλλων

279 1155 547 1232 “Ταυ’την
576 1158 679 1232 τὴν
712 1159 1003 1232 ἐπιστολὴν
1033 1159 1242 1226 πάντας
1271 1158 1414 1233 ὑμας
1439 1175 1585 1234 τρεῖς
1608 1158 1771 1227 ὄντας

158 1239 478 1315 ἀναγνῶναι
528 1247 658 1317 χρὴ,
711 1243 947 1317 μάλιστα
995 1269 1098 1317 μεν
1139 1241 1412 1318 ἀθρόους,
1476 1251 1526 1302 εἰ
1576 1245 1638 1301 δε
1676 1244 1768 1318 μὴ,
1797 1270 1818 1301 d

159 1325 298 1384 κατὰ
340 1326 440 1384 δύο
482 1332 641 1402 κοινῇ
681 1352 818 1385 κατα
856 1328 1095 1401 δύναμιν
1127 1353 1199 1395 ως
1231 1327 1351 1386 οἱόν
1381 1331 1445 1385 τέ
1471 1332 1584 1385 ε’στι
1615 1337 1771 1387 πλει-

161 1411 376 1484 στάκις,
411 1414 503 1468 καὶ
526 1416 769 1486 χρῆσθαι
792 1412 1054 1486 συνθήκῃ
1080 1415 1170 1469 καὶ
1197 1411 1348 1487 νόμω
1370 1419 1547 1489 κυρίῳ
1570 1411 1768 1490 τούτῳ,

93 1514 133 1547 15
155 1491 184 1552 ὅ
211 1498 323 1553 ἐστι
349 1500 566 1553 δίκαιον
592 1495 935 1570 ἐπομνύντας
958 1501 1177 1570 σπουδῇ
1207 1522 1265 1554 τε
1297 1494 1406 1569 ἅμα
1437 1496 1510 1569 μὴ
1541 1494 1768 1574 ἀμούσῳ

157 1582 250 1637 καὶ
289 1584 356 1654 τῇ
397 1583 493 1652 τῆς
533 1587 782 1654 σπουδῆς
824 1578 1040 1656 ἀδελφῇ
1083 1587 1337 1657 παιδεία,
1389 1583 1481 1638 καὶ
1519 1580 1616 1638 τὸν
1656 1586 1768 1639 τῶν

157 1662 382 1722 πάντων
423 1665 562 1722 θεὸν
602 1661 844 1738 ἡγεμόνα
885 1669 998 1722 τῶν
1040 1688 1099 1722 τε
1138 1663 1317 1722 ὄντων
1356 1667 1448 1721 καὶ
1488 1669 1599 1722 τῶν
1638 1674 1768 1738 μελ-

155 1746 396 1821 λόντων,
438 1752 537 1806 τοῦ
577 1773 636 1807 τε
675 1748 943 1822 ἡγεμόνος
984 1751 1076 1806 καὶ
1118 1755 1299 1806 αἰτίου
1335 1751 1543 1824 πατέρα
1574 1749 1768 1823 κύριον

157 1832 527 1906 ἐπομνύντας
590 1831 675 1942 ὃν,
709 1832 805 1891 ἐὰν
835 1830 1020 1907 ὄρθως
1050 1836 1465 1907 φιλοσοφωμεν,
1504 1832 1768 1907 εἰσόμεθα

92 1937 133 1969 20
155 1915 357 1984 πάντες
401 1938 591 1990 σαφως
624 1924 702 1984 εἰς
735 1916 975 1991 δύναμιν
1005 1916 1328 1990 ἀνθρώπων
1361 1916 1763 1992 εὐδαιμόνωνΫ

281 2006 328 2058 3.
362 1994 499 2076 Ἀρά
541 2019 628 2059 σοι
672 2008 826 2060 δοκεῖ
861 2008 1032 2060 ταῦτα
1085 2005 1263 2075 λέγων
1305 2001 1333 2059 5
1374 2002 1614 2060 Πλάτων
1652 2017 1767 2070 τοῖς

97 2091 115 2106 ‘
145 2084 420 2160 Ἑβραίων
452 2090 962 2159 ἐπηκολουθηκέναι
996 2085 1284 2160 δόγμασιν,
1327 2083 1360 2159 ἢ
1392 2085 1572 2144 πόθεν
1602 2084 1767 2143 ἄλλο-

151 2180 259 2228 θεν
299 2173 545 2243 ἐπῆλθεν
586 2170 735 2247 αὖτῷ
776 2175 875 2228 τοῦ
906 2170 1133 2228 πάντων
1161 2174 1275 2228 τῶν
1303 2173 1553 2241 γενητῶν
1584 2176 1765 2227 αἰτίου

153 2261 440 2327 κρείττονα
470 2253 641 2312 ἄλλον
670 2255 827 2326 θεὸν,
865 2255 963 2311 τὸν
996 2254 1064 2326 δὴ
1095 2257 1187 2310 καὶ
1217 2256 1427 2327 πατέρα
1456 2257 1554 2311 τοῦ
1584 2276 1765 2327 πανη-

89 2359 130 2392 25
152 2337 409 2411 γεμόνος,
454 2353 804 2412 προσειπεῖνς
850 2337 1029 2394 πόθεν
1073 2337 1123 2393 δ’
1162 2335 1310 2414 αὐτῷ
1340 2336 1399 2394 τὸ
1430 2342 1529 2394 τοῦ
1561 2345 1762 2412 κυρίου
1785 2363 1877 2405 (535)

154 2423 243 2478 ἐπὶ
266 2425 366 2478 τοῦ
390 2420 593 2495 πατρὸς
619 2426 717 2479 τοῦ
750 2426 1089 2496 δημιουργοῦ
1117 2421 1272 2490 τάξαι
1301 2420 1493 2495 ὄνομα,
1525 2422 1763 2496 μηδενός

152 2527 237 2562 πω
269 2505 374 2580 πρὸ
407 2502 577 2562 αὐτοῦ
602 2502 880 2578 Ἑλλήνων
909 2503 1126 2579 ἀκοαῖς,
1169 2505 1306 2563 ἀλλὰ
1346 2509 1486 2580 μηδὲ
1517 2513 1594 2573 εἰς
1624 2511 1762 2565 νοῦν

150 2595 323 2646 ταῦτα
346 2593 860 2663 καταβεβλημένου;
893 2595 940 2648 4.
970 2597 1021 2647 εἰ
1053 2592 1114 2647 δὲ
1144 2593 1235 2647 καὶ
1269 2593 1473 2666 ἑτέρων
1503 2587 1637 2664 ἡμῖν
1660 2591 1761 2648 πά-

7 2745 18 2752 .,
152 2681 240 2731 λιν
270 2673 567 2748 μαρτύρων
600 2681 690 2732 δεῖ
718 2681 796 2741 εἰς
835 2673 1243 2749 ἀναμφίλεκτον
1282 2675 1628 2749 παράστασιν
1666 2678 1761 2747 τῆς

89 2780 129 2813 30
152 2781 211 2814 τε
249 2762 347 2815 τοῦ
387 2758 700 2831 φιλοσόφου
743 2765 990 2826 διανοίας
1021 2762 1113 2816 καὶ
1142 2764 1236 2832 τῆς
1266 2763 1365 2818 τοῦ
1394 2759 1562 2832 λόγου
1593 2783 1761 2817 κατα-

266 2955 290 2993 8
323 2945 373 2991 ἐν
396 2945 632 3006 ἐπιστολῇ]
668 2967 709 3004 p.
734 2955 828 2996 323.

1364 3021 1438 3071 3³3<
