2014 3146
238 117 344 170 300
912 117 1158 158 EUSEBII

241 232 544 291 δάσκουσιν
577 229 649 300 ὡς
682 238 758 298 εἰς
788 230 956 289 οὐδὲν
988 228 1173 289 αὐτῶν
1206 234 1433 290 δέοιντο.
1524 238 1571 291 6.
1623 235 1753 291 νυνὶ
1787 234 1850 291 δὲ

237 322 396 376 τοῦτο
427 319 519 373 καὶ
552 317 612 374 τὸ
642 314 997 374 ἀτοπώτατόν
1027 320 1165 373 ἐστι·
1212 313 1518 391 άχρήστους
1559 317 1663 391 γὰρ
1709 317 1848 375 ἀπο-

237 407 531 474 φαίνοντες
574 399 742 467 αὐτὰς
785 403 863 477 τῷ
898 399 1055 478 ,λόγῳ
1116 415 1230 467 τοῖς
1279 407 1458 473 ἔργοις
1498 399 1564 458 τά
1613 400 1846 474 μάλιστα

236 484 509 559 χρεόμενοι
541 489 892 543 διατελοῦσιν
922 483 1130 552 αὐταῖς.
1210 490 1255 542 7.
1303 482 1332 541 ὅ
1362 488 1429 558 γέ
1453 509 1537 542 τοι
1567 488 1848 555 Μέλισσος

238 572 451 627 ἐθέλων
492 568 871 628 ἐπιδεικνύναι
914 568 1055 626 διότι
1092 572 1206 627 τῶν
1245 571 1601 642 φαινομένων
1643 573 1735 627 καὶ
1787 574 1848 628 έν
1887 599 1915 632 5

131 678 217 720 [442]
236 653 361 722 ὄψει
391 653 605 712 τούτων
635 652 806 712 οὐδὲν
837 664 921 727 εἰή
951 658 1027 730 τῷ
1058 652 1197 725 ὄντι,
1232 653 1322 710 διὰ
1352 657 1464 711 τῶν
1495 656 1850 727 φαινομένων

236 736 638 797 ἀποδείκνυσιν
669 737 882 796 αὐτῶν·
937 741 1074 812 φησὶ
1103 742 1262 811 γοῦν,
1297 744 1347 795 εἰ
1374 736 1478 813 γάρ
1512 742 1626 796 ἐστι
1655 742 1727 812 γῆ
1757 741 1850 796 καὶ

236 820 391 897 ὕδωρ
422 825 515 880 καὶ
546 821 652 897 ἀὴρ
683 826 776 881 καὶ
801 829 914 895 πῦρ
949 825 1041 880 καὶ
1083 827 1309 897 σίδηρος
1351 825 1443 880 καὶ
1485 822 1716 896 χρυσὸς,
1758 825 1851 880 καὶ

235 907 296 964 τὸ
326 911 429 980 μὲν
461 911 594 980 ζῶν,
636 906 696 965 τό
740 909 800 965 δὲ
839 906 1138 980 τεθνηκὸς,
1182 910 1272 964 καὶ
1311 909 1485 980 μέλαν
1525 910 1618 964 καὶ
1649 906 1850 965 λευκὸν

194 1020 211 1042 c
236 994 328 1048 καὶ
357 990 423 1049 τὰ
453 990 591 1049 ἄλλα
616 991 814 1064 πάντα,
838 989 941 1050 ὅσα
965 994 1139 1065 φασὶν
1162 989 1452 1065 ἅνθρωποι
1478 991 1620 1049 εἶναι
1642 991 1847 1065 ἀληθῆ,
1872 1018 1919 1050 10·

236 1078 329 1133 καὶ
359 1074 517 1150 ἡμεῖς
558 1075 744 1148 ὀρθῶς
783 1075 1001 1150 ὁρῶμεν
1031 1079 1124 1133 καὶ
1155 1073 1458 1149 άκούομεν,
1502 1075 1645 1134 εἶναι
1686 1079 1851 1149 ἐχρῆν

236 1162 327 1217 καὶ
367 1159 427 1218 τὸ
467 1156 535 1218 ὂν
575 1165 828 1219 τοιοῦτον
866 1157 988 1218 οἷον
1028 1164 1249 1233 πρῶτον
1289 1163 1480 1228 ἔδοξεν
1521 1159 1656 1233 ἡμῖν
1688 1161 1848 1235 εἶναι,

235 1247 326 1301 καὶ
356 1243 430 1317 μὴ
461 1253 842 1318 μεταπίπτειν,
869 1246 1008 1318 μηδὲ
1031 1251 1292 1316 γίνεσθαι
1318 1247 1524 1319 ἕτερον,
1549 1243 1669 1302 ἀλλ’
1708 1245 1851 1302 εἶναι

231 1328 420 1402 ὅμοιον
460 1327 580 1388 οἷόν
619 1352 723 1405 περ
767 1332 919 1387 ἐστὶν
961 1332 1207 1387 ἕκαστον.
1283 1335 1392 1387 νῦν
1433 1331 1494 1387 δὲ
1533 1329 1716 1403 φαμὲν
1755 1327 1852 1403 ὀρ-

234 1417 353 1480 θῶς
393 1409 532 1488 ὁρᾶν
576 1417 668 1471 καὶ
711 1413 938 1471 ἀκούειν
981 1416 1074 1471 καὶ
1113 1415 1390 1471 συνιέναι·
1441 1420 1598 1471 δοκεῖ
1625 1414 1686 1471 δὲ
1716 1412 1851 1487 ἡμῖν
1873 1438 1921 1471 15

234 1497 295 1555 τὸ
326 1498 540 1572 θερμὸν
571 1501 660 1556 καὶ
696 1498 912 1573 ψυχρὸν
942 1505 1222 1571 γίνεσθαι,
1255 1500 1346 1555 καὶ
1377 1497 1436 1556 τὸ
1468 1496 1685 1600 ψυχρὸν
1713 1509 1851 1572 θερ-

233 1582 360 1655 μὸν,
393 1585 484 1640 καὶ
515 1581 575 1640 τὸ
607 1583 849 1657 σκληρὸν
878 1581 1156 1657 μαλακὸν,
1190 1586 1282 1640 καὶ
1311 1582 1370 1640 τὸ
1402 1581 1649 1656 μαλακὸν
1680 1590 1851 1655 σκλη-

236 1667 350 1738 ρόν.
441 1673 488 1725 8.
535 1672 707 1726 ταῦτα
741 1668 802 1725 δὲ
832 1669 924 1724 καὶ
965 1666 1103 1724 άλλα
1134 1666 1310 1724 πολλὰ
1340 1691 1564 1725 τοιαυτα
1595 1668 1850 1738 λέγοντος

188 1770 210 1802 <1
237 1748 411 1808 αὐτοῦ
439 1754 533 1808 καὶ
562 1751 710 1824 μάλα
743 1750 964 1818 εἰκότως
996 1749 1236 1809 ἐπύθετό
1265 1776 1346 1818 τις
1377 1776 1474 1824 αν,
1507 1743 1602 1824 ἆρ’
1634 1753 1737 1808 οὐν
1765 1747 1849 1808 ὅτι

239 1833 287 1908 [ο
317 1835 444 1908 νυν]
487 1835 704 1909 θερμόν
747 1839 863 1893 ἐστι
904 1834 1135 1892 κᾶπειτα
1174 1839 1336 1892 τοῦτο
1380 1841 1593 1907 γίνεται
1633 1832 1847 1908 ψυχρὸν
1870 1859 1919 1892 26

234 1918 337 1976 οὐκ
369 1918 702 1993 αἰσθόμενος
734 1926 938 1992 ἕγνως;
999 1915 1201 1993 ὁμοίως
1234 1920 1295 1976 δὲ
1326 1921 1418 1976 καὶ
1451 1922 1578 1990 περὶ
1608 1922 1719 1976 τῶν
1750 1917 1849 1975 ἅλ-

236 2011 363 2060 λων.
438 2002 574 2078 ὅπερ
605 2002 709 2079 γὰρ
741 2013 904 2077 ἔφην,
940 2002 1201 2076 εὑρεθείη
1231 1999 1302 2060 ἂν
1332 2002 1502 2061 οὐδὲν
1532 2000 1657 2060 ἀλλ’
1691 2000 1724 2076 ἢ
1753 2002 1849 2070 τὰς

237 2086 528 2160 αἰσθήσεις
559 2087 808 2164 ἀναιρῶν
839 2091 931 2146 καὶ
963 2090 1201 2162 ἐλέγχων
1246 2087 1337 2145 διὰ
1377 2088 1436 2145 τὸ
1477 2086 1712 2161 μάλιστα
1757 2110 1851 2144 πι-

236 2171 458 2230 στεύειν
497 2170 708 2240 αύταῖς.
801 2178 847 2231 9.
897 2171 1036 2230 ἀλλὰ
1077 2171 1181 2247 γὰρ
1213 2178 1270 2230 οἱ
1295 2173 1398 2246 μὲν
1429 2175 1666 2230 τοιοῦτοι
1697 2170 1849 2243 λόγοι

236 2256 436 2329 σχεδὸν
469 2256 661 2326 ἱκανάς
701 2256 808 2331 ἤδη
852 2257 1165 2315 δεδώκασιν
1196 2255 1470 2323 εὐθύνας·
1520 2260 1760 2328 ἐξίτηλοί
1785 2279 1848 2328 γε
1870 2279 1918 2312 25

233 2364 317 2397 τοι
368 2340 695 2414 γεγόνασιν,
750 2341 822 2409 ὡς
852 2344 920 2399 ἐἰ
947 2343 1087 2415 μηδὲ
1129 2344 1437 2414 ἐλέχθησαν
1476 2342 1536 2398 τὸ
1568 2338 1844 2414 παράπαν.

179 2475 181 2477 .
233 2422 343 2496 ἤδη
383 2427 570 2497 μέντοι
609 2430 957 2499 θαρροῦντες
996 2428 1243 2498 λέγωμεν
1289 2424 1474 2499 ὀρθῶς
1516 2433 1848 2498 φιλοσοφεῖν

233 2507 363 2574 τούς
394 2511 486 2565 καὶ
515 2507 609 2576 τὰς
641 2509 929 2583 αἰσθήσεις
953 2511 1045 2567 καὶ
1076 2509 1172 2567 τὸν
1195 2509 1361 2582 λόγον
1391 2512 1479 2566 ἐπὶ
1508 2507 1610 2582 τὴν
1639 2511 1847 2581 γνῶσιν

234 2592 338 2665 τὴν
368 2598 481 2650 τῶν
511 2592 850 2666 πραγμάτων
879 2591 1470 2668 παραλαμβάνοντας.”

364 2682 443 2734 10.
501 2682 718 2735 Τοιοίδε
749 2679 850 2750 μὲν
881 2671 984 2736 οὖν
1021 2683 1077 2735 οἱ
1104 2677 1246 2751 ἀμφὶ
1277 2676 1374 2735 τὸν
1404 2674 1753 2750 Ξενοφάνην,
1784 2672 1844 2741 ὃς
1865 2699 1912 2731 3ο

237 2761 305 2833 δὴ
344 2763 558 2833 λέγεται
597 2760 948 2835 συνακμάσαι
999 2776 1113 2829 τοῖς
1165 2761 1308 2835 ἀμφὶ
1351 2759 1702 2834 Πυθαγόραν
1753 2761 1846 2816 καὶ

124 2860 214 2901 (758)
230 2842 616 2918 Ἀναξαγόραν.
678 2845 1037 2918 Ξενοφάνους
1071 2847 1131 2903 δὲ
1161 2844 1434 2918 ἀκουστὴς
1463 2847 1656 2917 γέγονε
1687 2853 1846 2915 Παρ-
