2014 3146
247 122 351 173 266
926 122 1171 164 EUSEBH

248 237 519 313 φανερόν·
570 235 850 310 διαγαγών
883 238 943 294 δὲ
977 239 1178 295 ἕκαστα
1199 236 1307 312 ὅπη
1331 239 1592 312 ἐνόμιζεν,
1628 243 1857 314 ἐπικρυ-

248 324 491 397 ψάμενος
524 325 583 379 ἐν
613 326 761 398 μέσῳ
785 326 884 379 τοῦ
918 326 1057 393 δῆλα
1090 322 1231 379 εἶναι
1251 325 1344 379 καὶ
1372 323 1446 397 μὴ
1480 328 1638 397 δῆλα,
1670 324 1855 398 ἀσφα-

248 411 355 474 λῶς
385 415 488 480 μὲν
519 406 813 478 ἐγράψατο,
845 403 1009 472 αὐτὸς
1043 407 1102 463 δὲ
1124 413 1307 464 αἰτίαν
1336 409 1575 481 παρέσχε
1605 413 1700 481 τῆς
1730 406 1850 481 μετ’

248 490 419 549 αὐτὸν
451 489 693 557 στάσεώς
723 516 781 548 τε
803 489 913 564 ἅμα
944 495 1034 547 καὶ
1067 495 1287 564 διολκῆς
1309 495 1420 549 τῶν
1446 491 1752 566 δογμάτων,
1785 491 1853 550 οὕ

248 575 448 652 φθόνῳ
478 576 607 649 μὲν,
640 574 777 632 οὐδέ
811 599 874 648 γε
907 580 1164 652 δυσνοίᾳ·
1211 573 1334 632 ἀλλ’
1367 573 1434 633 οὐ
1464 576 1732 650 βούλομαι
1765 579 1853 635 ἐπὶ
1877 602 1897 635 5

248 659 484 735 ἀνδράσι
524 663 919 734 πρεσβυτέροις
965 666 1148 718 εἰπεῖν,
1183 659 1397 734 ῥήματα
1439 662 1541 718 οὐκ
1583 665 1852 734 ἐναίσιμα.

247 752 407 803 τοῦτο
442 746 502 802 δὲ
533 744 636 818 χρὴ
666 743 947 818 μαθόντας
979 740 1118 818 ἡμᾶς
1152 749 1469 817 ἐπενεγκεῖν
1510 749 1688 803 ἐκεῖσε
1716 749 1857 819 μᾶλ-

248 838 347 888 λον
386 829 487 902 τὴν
527 829 783 902 γνώμην,
825 831 917 886 καὶ
959 828 1142 902 ὥσπερ
1187 833 1238 898 ἐξ
1280 827 1449 903 ἀρχῆς
1491 832 1856 903 προυθέμεθα

247 921 498 989 χωρίζειν
529 913 700 971 αὐτὸν
718 911 1122 986 Ἀριστοτέλους
1161 916 1252 971 καὶ
1278 914 1555 988 Ζήνωνος,
1587 911 1732 972 οὕτω
1764 918 1856 972 καὶ

135 1023 230 1062 (729)
247 1002 354 1057 νῦν
382 1003 477 1071 τῆς
505 995 864 1072 Ἀκαδημίας,
910 997 1007 1055 ἐὰν
1037 997 1065 1055 ὁ
1096 999 1227 1065 θεὸς
1259 997 1644 1071 ἀντιλάβηται,
1688 1006 1856 1072 χωρί-
1879 1026 1919 1058 10

248 1092 428 1154 ζοντες
468 1082 700 1156 ἐάσομεν
741 1080 911 1140 αὐτὸν
955 1082 1041 1155 ἐφ’
1087 1086 1291 1141 ἑαυτοῦ
1329 1086 1437 1141 νῦν
1479 1084 1620 1141 εἶναι
1651 1093 1857 1141 Πυθα-

246 1167 489 1243 γόρειον·
531 1164 604 1235 ὥς
634 1171 741 1226 νῦν
769 1166 1146 1241 μανικώτερον
1175 1165 1207 1240 ἢ
1233 1177 1449 1225 Πενθεῖ
1479 1192 1592 1226 τινι
1614 1173 1858 1242 προσῆκε

250 1251 598 1324 διελκόμενος
640 1251 836 1326 πάσχει
874 1277 976 1325 μεν
1006 1251 1142 1309 κατά
1172 1255 1338 1326 μέλη,
1382 1249 1582 1319 ολοςδ
1590 1249 1692 1320 ’ἐξ
1723 1251 1856 1310 ὅλου

251 1341 453 1395 ἑαυτοῦ
482 1343 841 1410 μετατίθεταί
866 1361 925 1394 τε
949 1339 1039 1394 καὶ
1072 1334 1548 1410 άντιμετατίθεται
1579 1335 1852 1411 οὐδαμῶς.

247 1428 294 1480 9.
328 1421 476 1488 ὅπως
506 1424 609 1479 οὐν
647 1420 788 1494 ἀνὴρ
827 1420 1081 1494 μεσεύων
1110 1420 1456 1496 Πυθαγόρου
1496 1423 1590 1478 καὶ
1619 1421 1855 1496 Σωκρά-
1881 1446 1920 1480 15

245 1531 401 1579 τους,
433 1510 533 1564 τοῦ
561 1530 664 1581 μεν
692 1506 752 1564 τὸ
783 1506 989 1609 σεμνὸν
1017 1500 1325 1580 ὑπαγαγων
1346 1510 1504 1581 μέχρι
1535 1509 1632 1564 τοῦ
1661 1515 1856 1579 φιλαν-

246 1590 508 1666 θρώπου,
561 1596 658 1649 τοῦ
711 1592 772 1648 δε
811 1592 872 1649 τὸ
912 1606 1126 1665 κομψον
1178 1596 1337 1650 τοῦτο
1387 1593 1478 1648 καὶ
1520 1595 1857 1665 παιγνιῆμαν

246 1675 544 1785 ἀναγαγών
582 1675 690 1733 ἀπὸ
728 1681 824 1748 τῆς
865 1683 1153 1750 εἰρωνείας
1197 1682 1273 1742 εἰς
1303 1675 1540 1758 ἀξίωμα
1545 1678 1636 1732 καὶ
1667 1674 1855 1748 ὄγκον,

200 1780 223 1812 b
248 1764 339 1818 καὶ
371 1759 505 1817 αὐτὸ
544 1763 706 1818 τοῦτο
745 1760 981 1832 κεράσας
1026 1759 1309 1833 Σωκράτει
1340 1750 1717 1833 Πυθαγόραν,
1758 1763 1858 1817 τοῦ

247 1869 350 1919 μεν
381 1844 816 1918 δημοτικώτερος
835 1890 852 1917 ‚
880 1847 981 1902 τοῦ
1013 1846 1073 1901 δε
1103 1843 1427 1918 σεμνότερος
1459 1841 1665 1917 ω’φθηῖ
1877 1869 1918 1901 20

379 1929 495 1986 10.
499 1925 673 1986 ‘'’Am
707 1928 774 1986 οὐ
805 1927 909 2027 γάρ
941 1954 992 1986 τι
1016 1933 1189 1986 ταῦτα
1220 1927 1521 2001 διαιτήσων
1550 1920 1748 2000 ἦλθον,
1780 1927 1854 2001 μὴ

248 2016 373 2087 περὶ
398 2011 610 2070 τούτων
632 2012 800 2086 οὔσης
823 2038 935 2071 νυν
957 2038 1048 2086 μοι
1079 2017 1174 2086 τῆς
1199 2012 1492 2086 ζητήσεως·
1539 2009 1574 2068 ἃ
1598 2013 1659 2069 δε
1684 2036 1853 2086 πρου-

249 2101 476 2155 δέδοκτο
516 2100 607 2154 καὶ
649 2098 758 2171 εἶμι
800 2102 1005 2169 ἐκεῖσε,
1050 2095 1084 2171 ἢ
1127 2098 1195 2169 δὴ
1237 2101 1481 2172 φροῦδος
1511 2096 1855 2171 ἀναδραμεῖν

250 2188 394 2240 δοκῶ
425 2207 545 2255 μοι,
577 2182 651 2255 μὴ
684 2189 782 2239 καί
808 2206 917 2241 που
946 2182 1426 2256 ἄποκρουσθῶμεν
1464 2185 1561 2255 τῆς
1589 2181 1727 2239 ὁδοῦ
1757 2184 1853 2254 τῆς

246 2265 538 2340 φερούσης.
576 2271 654 2324 11.
671 2270 1003 2341 Πολέμωνος
1025 2269 1086 2325 δε
1103 2271 1356 2340 ἐγένοντο
1379 2265 1647 2341 γνώριμοι
1664 2263 1852 2339 Ἀρκε-
1874 2289 1915 2322 25

248 2357 436 2416 σίλαος
475 2353 567 2408 καὶ
599 2350 822 2424 Ζήνων
880 2351 1049 2410 πάλιν
1086 2376 1192 2424 γαρ
1234 2375 1422 2410 αυτων
1460 2349 1853 2425 μνησθήσομαι

250 2437 336 2491 ἐπὶ
367 2437 523 2492 τέλει.
598 2434 834 2507 Ζήνωνα
873 2460 976 2509 μεν
1016 2437 1120 2494 οὐν
1154 2438 1429 2510 μέμνημαι
1471 2433 1646 2493 εἰπων
1685 2440 1852 2501 Ξενο-

247 2517 462 2591 κράτει,
509 2519 623 2575 εἶτα
666 2521 726 2576 δε
758 2522 1051 2594 Πολέμωνι
1082 2524 1370 2594 φοιτῆσαι,
1413 2513 1580 2586 αὖθις
1613 2520 1674 2576 δε
1703 2517 1853 2590 παρὰ

203 2635 223 2657 c
247 2601 491 2676 Κράτητι
520 2610 769 2660 κυνίσαι·
824 2608 956 2662 νυνὶ
993 2606 1053 2662 δὲ
1092 2604 1244 2681 αὐτῷ
1282 2603 1591 2676 λελογίσθω
1635 2602 1718 2659 ὅτι
1758 2602 1850 2658 καὶ

248 2685 572 2754 Στίλπωνός
600 2711 658 2744 τε
687 2690 913 2761 μετέσχε
951 2691 1042 2746 καὶ
1073 2694 1185 2747 τῶν
1215 2687 1396 2762 λόγων
1433 2694 1545 2745 τῶν
1566 2686 1848 2759 “Ηρακλει-
1872 2710 1914 2742 30

246 2778 425 2829 τείων.
491 2775 570 2827 12.
615 2774 731 2828 ἐπεὶ
770 2771 874 2845 γὰρ
915 2777 1329 2846 συμφοιτῶντες
1367 2770 1516 2844 παρὰ
1556 2771 1851 2843 Πολέμωνι

247 2854 720 2929 ἐφιλοτιμήθησαν
738 2854 1012 2929 ἀλλήλοις,
1037 2859 1467 2933 συμπαρέλαβον
1491 2860 1567 2923 εἰς
1589 2854 1692 2928 τὴν
1715 2853 1852 2930 πρὸς
