2014 3146
622 117 835 158 PRAEP.
870 116 1093 159 EVANG.
1124 119 1223 159 XV.
1255 120 1322 160 22.
1669 115 1770 168 387

164 239 390 291 ἔσονταί
413 258 477 307 γε
507 236 599 292 καὶ
638 237 854 307 νοητῶν
889 238 1059 292 τινι-ὄν
1088 232 1306 306 νοήσεις
1346 236 1439 291 καὶ
1480 232 1775 307 ἀμεγέθων
1797 270 1813 291 „-

164 316 496 391 ἀντιλήψεις.
567 323 651 376 46
686 323 801 386 πῶς
840 311 942 376 οὖν
980 321 1215 393 μέγεθος
1245 315 1312 375 ὂν
1342 317 1403 375 τὸ
1432 318 1506 391 μὴ
1536 322 1773 392 μέγεθος

167 401 352 476 νοήσει
394 406 486 460 καὶ
535 407 611 459 τῶ
661 409 899 480 μεριστῷ
947 401 1008 460 τὸ
1050 401 1122 476 μὴ
1175 401 1436 478 μεριστὸν
1477 403 1697 475 νοήσει;
1737 400 1774 477 ἢ

164 489 316 559 μέρει
345 490 455 545 τινὶ
485 485 682 561 ἄμερεῖ
709 486 910 557 αὐτοῦ;
945 493 995 544 εἰ
1025 488 1087 544 δε
1117 486 1404 559 τοῦτο,οὐ
1435 492 1591 591 σῶμα
1622 495 1774 546 ἔσται

121 602 140 634 5
164 571 223 628 τὸ
258 575 473 644 νοῆσον.
534 571 600 630 οὐ
614 572 735 677 γὰρ
761 572 830 644 δὴ
853 596 952 629 του
974 570 1108 629 ὅλου
1131 577 1288 646 χρεία
1318 572 1452 647 πρὸς
1475 573 1535 630 τὸ
1558 583 1769 645 θιγεῖν

163 653 322 729 ἀρκεῖ
349 657 454 731 γὰρ
485 659 628 714 καὶ
607 681 669 714 εν
698 681 763 713 τι
836 661 920 714 47.
957 662 1007 712 εί
1042 656 1145 728 μὲν
1175 657 1279 714 οὐν
1319 655 1773 731 συγχωρήσονται

162 739 256 807 τὰς
296 740 517 814 πρώτας
555 739 802 814 νοήσεις,
854 739 990 812 ὅπερ
1031 738 1238 812 ἀληθές
1280 744 1421 813 ἐστι,
1477 741 1619 798 εἶναι
1660 745 1772 799 τῶν

163 823 342 898 πάντη
372 824 620 899 σώματος
644 823 1084 898 καθαρωτάτων,
1116 822 1250 880 αὐτὸ
1275 823 1526 896 ἑκάστου,
1558 825 1771 898 ἀνάγκη

163 911 253 966 καὶ
294 907 353 966 τὸ
391 913 563 967 νοοῦν
602 908 850 983 σώματος
890 909 1143 982 καθαρὸν
1189 905 1282 980 ὃν,
1336 905 1371 980 ἢ
1421 908 1772 983 γιγνόμενον,

101 1027 140 1057 10
163 992 476 1066 γινώσκειν.
539 999 590 1050 εἰ
620 994 681 1051 δὲ
711 997 822 1051 τῶν
854 997 913 1050 ἐν
943 990 1052 1067 ὕλῃ
1086 996 1254 1050 εἰδῶν
1282 992 1378 1060 τὰς
1409 992 1629 1066 νοήσεις
1661 994 1772 1066 φή-

163 1097 359 1136 σουσιν
404 1077 574 1151 εἶναι,
619 1077 759 1135 ἀλλὰ
811 1079 1191 1152 χωριζομένων
1243 1102 1306 1150 γε
1344 1081 1455 1135 των
1501 1076 1772 1151 σωμάτων

160 1170 473 1235 γίγνονται,
503 1166 603 1221 τοῦ
631 1167 735 1221 νοῦ
766 1170 1102 1236 χωρίζοντος.
1173 1167 1260 1219 48.
1293 1159 1360 1219 ού
1398 1161 1504 1235 γὰρ
1537 1162 1606 1235 δὴ
1637 1161 1771 1236 μετὰ
1796 1183 1818 1214 <1

163 1250 386 1319 σαρκῶν
399 1293 412 1320 ,
456 1245 490 1320 ἢ
520 1244 661 1315 ὅλως
699 1245 836 1320 ὕλης
875 1243 903 1304 ὁ
936 1245 1237 1320 χωρισμὸς,
1281 1245 1490 1304 κύκλου
1531 1251 1623 1304 καὶ
1653 1271 1770 1322 τρι-

160 1331 346 1402 γώνου
381 1335 491 1389 ·καὶ
531 1335 782 1406 γραμμῆς
832 1334 924 1388 καὶ
966 1337 1211 1406 σημείου.
1276 1337 1366 1389 δεῖ
1400 1329 1506 1404 ἄρα
1548 1333 1639 1388 καὶ
1670 1331 1771 1404 τὴν

99 1447 137 1478 15
161 1414 345 1490 ψυχὴν
385 1415 633 1490 σώματος
676 1414 851 1489 αὐτὴν
893 1419 952 1473 ἐν
992 1420 1067 1493 τῷ
1105 1414 1334 1492 τοιούτω
1374 1422 1618 1490 χωρίσαι.
1684 1421 1774 1474 δεῖ

160 1498 267 1603 ἄρα
296 1502 437 1574 μηδὲ
468 1494 642 1574 αὐτὴν
673 1505 830 1574 σῶμα
863 1501 1019 1559 εἶναι.
1096 1499 1364 1574 ἀμέγεθες
1405 1502 1466 1558 δὲ
1495 1501 1646 1574 οἶμαι
1677 1503 1770 1558 καὶ

162 1585 220 1642 τὸ
252 1583 422 1642 καλὸν
462 1588 554 1642 καὶ
591 1584 651 1642 τὸ
693 1591 939 1687 δίκαιον,
980 1588 1071 1643 καὶ
1106 1610 1140 1656 η
1179 1584 1395 1643 τούτων
1425 1610 1532 1657 αρα
1562 1584 1766 1657 νόησις.

162 1667 302 1726 ω’στε
332 1672 425 1726 καὶ
459 1668 759 1742 προσιόντα
789 1694 864 1726 τω
899 1668 1096 1743 ἀμερεῖ
1127 1667 1294 1743 αυτῆς
1326 1669 1650 1737 ὑποδέξεται
1676 1671 1768 1727 καὶ

163 1757 221 1810 ἐν
253 1750 393 1828 αὐτῇ
422 1751 598 1827 αμερῆ
628 1752 900 1811 κείσεται.’

97 1867 136 1897 20
287 1842 370 1895 49.
406 1834 576 1906 ((Πως
619 1837 669 1895 δ’
716 1834 787 1895 ἂν
826 1841 919 1896 καὶ
958 1838 1205 1911 σώματος
1243 1836 1401 1905 ὄντος
1441 1842 1536 1912 τῆς
1570 1842 1767 1912 ψυχης,

159 1919 349 1996 ἀρεταὶ
392 1920 561 1995 αὐτῆς
607 1922 945 1997 σωφροσύνη
990 1926 1083 1980 καὶ
1126 1922 1488 1996 δικαιοσύνη,
1535 1921 1768 1997 ἀνδρεία

158 2030 217 2063 τε
260 2008 351 2063 καὶ
381 2005 570 2077 ἅλλαι;
610 2006 830 2080 πνεῦμά
859 2032 912 2064 τι
942 2008 1047 2080 γὰρ
1066 2052 1081 2079 ,
1122 2003 1157 2080 ἢ
1188 2004 1322 2080 αἷμά
1345 2031 1396 2064 τι
1415 2052 1429 2078 ,
1460 2006 1520 2064 τὸ
1552 2026 1767 2081 σωφρο-

162 2104 279 2147 νεῖν
304 2099 388 2161 εἰή
411 2087 446 2162 ἢ
472 2090 767 2163 δικαιότης,
797 2088 831 2163 ἢ
854 2090 1117 2165 ἀνδρεία,
1166 2098 1218 2148 εἰ
1239 2090 1314 2163 μὴ
1339 2090 1446 2164 ἄρα
1475 2088 1510 2162 ἡ
1534 2090 1768 2164 ἀνδρεία
1793 2115 1880 2155 (832)

159 2174 218 2231 τὸ
251 2175 538 2240 δυσπαθὲς
577 2178 676 2232 τοῦ
714 2174 1022 2247 πνεύματος
1065 2184 1179 2247 εἰή,
1221 2177 1313 2232 καὶ
1344 2171 1377 2247 ἡ
1410 2174 1766 2249 σωφροσύνη,

95 2255 192 2331 25ἡ
235 2257 531 2331 εὐκρασία,
584 2257 644 2315 τὸ
686 2259 747 2315 δὲ
786 2258 984 2325 κάλλος
1026 2258 1300 2334 εὐμορφία
1337 2283 1418 2326 τις
1459 2263 1519 2316 ἐν
1556 2259 1765 2332 τύποις,

159 2339 293 2400 καθ’
325 2340 396 2414 ἣν
426 2345 657 2416 λέγομεν
690 2341 900 2410 ἰδόντες
932 2342 1170 2416 ὡραίους
1204 2346 1296 2401 καὶ
1327 2343 1530 2410 καλοὺς
1559 2342 1625 2400 τὰ
1656 2344 1765 2401 σω’-

158 2451 317 2499 ματα.
371 2430 454 2483 50.
491 2433 700 2504 ἰσχυρω
731 2452 833 2500 μεν
864 2452 966 2485 ουν
989 2431 1082 2485 καὶ
1105 2433 1255 2485 καλω
1291 2431 1350 2486 ἐν
1381 2427 1574 2495 τύποις
1597 2429 1766 2486 vnvm}-

158 2534 285 2583 ματι
317 2509 458 2567 εἶναι
500 2511 767 2615 προσήκοι
797 2509 895 2583 ἂν,
940 2526 1256 2586 σωφρονεῖν
1300 2514 1360 2570 δε
1389 2519 1448 2570 τί
1476 2519 1565 2570 δεῖ
1591 2512 1765 2571 πνεύ-

157 2620 314 2667 ματι;
346 2591 466 2651 αλλ’
495 2597 600 2653 οὐν
622 2595 970 2669 τούναντίον,
1003 2601 1064 2654 ἐν
1094 2597 1449 2671 περιπτύξεσι
1474 2600 1565 2654 καὶ
1594 2594 1765 2668 ἁφαῖς

93 2703 134 2736 30
159 2671 223 2737 εὖ
274 2689 511 2752 παθεῖν,
564 2677 705 2737 ὅπου
746 2705 778 2752 η
820 2679 1304 2755 θερμανθήσεται,
1356 2706 1390 2754 η
1441 2684 1763 2754 συμμέτρως

159 2762 360 2836 ψύχεος
394 2768 597 2838 ίμερεῖ,
629 2760 663 2836 ἢ
693 2772 958 2837 μαλακοῖς
985 2782 1094 2822 τισι
1126 2767 1217 2822 καὶ
1248 2761 1442 2831 ἁπλοῖς
1473 2766 1564 2822 καὶ
1595 2772 1763 2831 λείοις

160 2846 415 2917 πελασει;
446 2847 506 2906 τὸ
539 2849 600 2905 δὲ
632 2847 750 2906 κατ’
788 2847 949 2916 ἀξίαν
988 2862 1175 2922 νεῖμαι
1213 2856 1271 2907 τί
1304 2845 1375 2907 ἂν
1405 2848 1555 2924 αὐτῷ
1579 2851 1761 2922 με’λοι;
1786 2879 1807 2907 b

1395 2943 1505 2995 25*
