<?xml version="1.0" encoding="UTF-8"?>
<!DOCTYPE html PUBLIC "-//W3C//DTD XHTML 1.0 Transitional//EN"
    "http://www.w3.org/TR/xhtml1/DTD/xhtml1-transitional.dtd">
<html xmlns="http://www.w3.org/1999/xhtml" xml:lang="en" lang="en">
 <head>
  <title>
</title>
<meta http-equiv="Content-Type" content="text/html;charset=utf-8" />
  <meta name='ocr-system' content='tesseract 3.04.00' />
  <meta name='ocr-capabilities' content='ocr_page ocr_carea ocr_par ocr_line ocrx_word'/>
</head>
<body>
  <div class='ocr_page' id='page_1' title='image "./operaeusebius02euseuoft_0383.png"; bbox 0 0 2014 3146; ppageno 0'>
   <div class='ocr_carea' id='block_1_1' title="bbox 590 107 1775 159">
    <p class='ocr_par' dir='ltr' id='par_1_1' title="bbox 590 107 1775 159">
     <span class='ocr_line' id='line_1_1' title="bbox 590 107 1775 159; baseline 0.003 -9"><span class='ocrx_word' id='word_1_1' title='bbox 590 110 802 152; x_wconf 74' lang='lat' dir='ltr'>PRAEP.</span> <span class='ocrx_word' id='word_1_2' title='bbox 835 110 1054 151; x_wconf 77' lang='lat' dir='ltr'>EVANG.</span> <span class='ocrx_word' id='word_1_3' title='bbox 1085 111 1182 150; x_wconf 80' lang='lat' dir='ltr'><em>XV.</em></span> <span class='ocrx_word' id='word_1_4' title='bbox 1204 112 1270 150; x_wconf 76' lang='lat'><em>20.</em></span> <span class='ocrx_word' id='word_1_5' title='bbox 1295 112 1361 151; x_wconf 72' lang='lat'><em>21.</em></span> <span class='ocrx_word' id='word_1_6' title='bbox 1674 107 1739 159; x_wconf 81' lang='lat'><em>37</em></span> <span class='ocrx_word' id='word_1_7' title='bbox 1747 109 1775 159; x_wconf 85' lang='lat'><strong>7</strong></span> 
     </span>
    </p>
   </div>
   <div class='ocr_carea' id='block_1_2' title="bbox 109 221 1898 2916">
    <p class='ocr_par' dir='ltr' id='par_1_2' title="bbox 109 221 1898 2916">
     <span class='ocr_line' id='line_1_2' title="bbox 171 221 1779 300; baseline -0.002 -13"><span class='ocrx_word' id='word_1_8' title='bbox 171 242 284 295; x_wconf 89' lang='grc' dir='ltr'><em>τοῖς</em></span> <span class='ocrx_word' id='word_1_9' title='bbox 315 225 567 300; x_wconf 67' lang='grc' dir='ltr'><em>στόμασιν</em></span> <span class='ocrx_word' id='word_1_10' title='bbox 598 222 937 300; x_wconf 79' lang='grc' dir='ltr'><em>εὑρίσκεται,</em></span> <span class='ocrx_word' id='word_1_11' title='bbox 983 223 1087 283; x_wconf 71' lang='grc' dir='ltr'><em>κᾶν</em></span> <span class='ocrx_word' id='word_1_12' title='bbox 1120 231 1170 282; x_wconf 83' lang='grc' dir='ltr'><em>εἰ</em></span> <span class='ocrx_word' id='word_1_13' title='bbox 1197 223 1536 298; x_wconf 86' lang='grc' dir='ltr'><em>φιλοτιμοῖτό</em></span> <span class='ocrx_word' id='word_1_14' title='bbox 1565 249 1674 298; x_wconf 91' lang='grc' dir='ltr'><em>τις,</em></span> <span class='ocrx_word' id='word_1_15' title='bbox 1708 221 1779 292; x_wconf 75' lang='grc' dir='ltr'><em>ὦς</em></span> 
     </span>
     <span class='ocr_line' id='line_1_3' title="bbox 168 309 1778 384; baseline -0.003 -12.962"><span class='ocrx_word' id='word_1_16' title='bbox 168 311 488 384; x_wconf 83' lang='grc' dir='ltr'><em>Ἐπίκουρος</em></span> <span class='ocrx_word' id='word_1_17' title='bbox 520 313 610 367; x_wconf 87' lang='grc' dir='ltr'><em>καὶ</em></span> <span class='ocrx_word' id='word_1_18' title='bbox 643 309 997 382; x_wconf 86' lang='grc' dir='ltr'><em>Χρύσιππος,</em></span> <span class='ocrx_word' id='word_1_19' title='bbox 1034 309 1250 373; x_wconf 76' lang='grc' dir='ltr'><em>ἅπαντα</em></span> <span class='ocrx_word' id='word_1_20' title='bbox 1281 316 1448 367; x_wconf 80' lang='grc' dir='ltr'><em>λίθον</em></span> <span class='ocrx_word' id='word_1_21' title='bbox 1477 325 1656 368; x_wconf 78' lang='grc' dir='ltr'><em>κινεῖν</em></span> <span class='ocrx_word' id='word_1_22' title='bbox 1686 312 1778 366; x_wconf 83' lang='grc' dir='ltr'><em>καὶ</em></span> 
     </span>
     <span class='ocr_line' id='line_1_4' title="bbox 143 393 1780 470; baseline -0.001 -16.981"><span class='ocrx_word' id='word_1_23' title='bbox 143 401 356 454; x_wconf 79' lang='grc' dir='ltr'><em>πᾶσαν</em></span> <span class='ocrx_word' id='word_1_24' title='bbox 411 398 646 470; x_wconf 78' lang='grc' dir='ltr'><em>ε’ρευνοῖν</em></span> <span class='ocrx_word' id='word_1_25' title='bbox 698 394 938 468; x_wconf 82' lang='grc' dir='ltr'><em>δύναμιν</em></span> <span class='ocrx_word' id='word_1_26' title='bbox 992 393 1241 467; x_wconf 75' lang='grc' dir='ltr'><em>σώματος</em></span> <span class='ocrx_word' id='word_1_27' title='bbox 1292 401 1368 460; x_wconf 84' lang='grc' dir='ltr'><em>εἰς</em></span> <span class='ocrx_word' id='word_1_28' title='bbox 1410 397 1630 467; x_wconf 86' lang='grc' dir='ltr'><em>γένεσιν</em></span> <span class='ocrx_word' id='word_1_29' title='bbox 1668 399 1780 452; x_wconf 77' lang='grc' dir='ltr'><em>τῶν</em></span> 
     </span>
     <span class='ocr_line' id='line_1_5' title="bbox 173 477 1779 553; baseline -0.002 -14"><span class='ocrx_word' id='word_1_30' title='bbox 173 484 300 553; x_wconf 85' lang='grc' dir='ltr'><em>περὶ</em></span> <span class='ocrx_word' id='word_1_31' title='bbox 355 484 528 553; x_wconf 80' lang='grc' dir='ltr'><em>ψυχῆς</em></span> <span class='ocrx_word' id='word_1_32' title='bbox 582 478 849 552; x_wconf 82' lang='grc' dir='ltr'><em>πράξεων.</em></span> <span class='ocrx_word' id='word_1_33' title='bbox 925 483 973 536; x_wconf 99' lang='grc'><em>2</em></span> <span class='ocrx_word' id='word_1_34' title='bbox 1021 485 1079 536; x_wconf 90' lang='grc' dir='ltr'><em>τί</em></span> <span class='ocrx_word' id='word_1_35' title='bbox 1112 479 1215 553; x_wconf 78' lang='grc' dir='ltr'><em>γὰρ</em></span> <span class='ocrx_word' id='word_1_36' title='bbox 1255 477 1290 551; x_wconf 80' lang='grc' dir='ltr'>ἡ</span> <span class='ocrx_word' id='word_1_37' title='bbox 1330 482 1431 537; x_wconf 82' lang='grc' dir='ltr'><em>τοῦ</em></span> <span class='ocrx_word' id='word_1_38' title='bbox 1468 478 1779 552; x_wconf 79' lang='grc' dir='ltr'><em>πνεύματος</em></span> 
     </span>
     <span class='ocr_line' id='line_1_6' title="bbox 130 562 1830 640; baseline -0.003 -17"><span class='ocrx_word' id='word_1_39' title='bbox 130 586 149 618; x_wconf 88' lang='lat'>5</span> <span class='ocrx_word' id='word_1_40' title='bbox 173 563 305 640; x_wconf 79' lang='grc' dir='ltr'><em>ἡμῖν</em></span> <span class='ocrx_word' id='word_1_41' title='bbox 347 564 607 635; x_wconf 80' lang='grc' dir='ltr'><em>λεπτότης</em></span> <span class='ocrx_word' id='word_1_42' title='bbox 648 563 752 637; x_wconf 84' lang='grc' dir='ltr'><em>πρὸ</em></span> <span class='ocrx_word' id='word_1_43' title='bbox 795 571 959 637; x_wconf 81' lang='grc' dir='ltr'><em>ἔργου</em></span> <span class='ocrx_word' id='word_1_44' title='bbox 999 562 1198 636; x_wconf 85' lang='grc' dir='ltr'><em>γένοιτ’</em></span> <span class='ocrx_word' id='word_1_45' title='bbox 1245 589 1314 620; x_wconf 90' lang='grc' dir='ltr'><em>αν</em></span> <span class='ocrx_word' id='word_1_46' title='bbox 1356 570 1432 631; x_wconf 82' lang='grc' dir='ltr'><em>εἰς</em></span> <span class='ocrx_word' id='word_1_47' title='bbox 1471 571 1779 636; x_wconf 80' lang='grc' dir='ltr'><em>φαντασίας</em></span> <span class='ocrx_word' id='word_1_48' title='bbox 1807 586 1830 618; x_wconf 87' lang='lat' dir='ltr'>b</span> 
     </span>
     <span class='ocr_line' id='line_1_7' title="bbox 174 646 1779 722; baseline -0.001 -15"><span class='ocrx_word' id='word_1_49' title='bbox 174 653 265 707; x_wconf 87' lang='grc' dir='ltr'><em>καὶ</em></span> <span class='ocrx_word' id='word_1_50' title='bbox 297 647 619 722; x_wconf 67' lang='grc' dir='ltr'><em>λογισμούς,</em></span> <span class='ocrx_word' id='word_1_51' title='bbox 673 655 731 705; x_wconf 93' lang='grc' dir='ltr'><em>τί</em></span> <span class='ocrx_word' id='word_1_52' title='bbox 759 650 846 718; x_wconf 71' lang='grc' dir='ltr'><em>δέ,</em></span> <span class='ocrx_word' id='word_1_53' title='bbox 899 654 1014 705; x_wconf 74' lang='grc' dir='ltr'><em>τῶν</em></span> <span class='ocrx_word' id='word_1_54' title='bbox 1045 647 1263 721; x_wconf 79' lang='grc' dir='ltr'><em>ἀτόμων</em></span> <span class='ocrx_word' id='word_1_55' title='bbox 1295 652 1475 721; x_wconf 84' lang='grc' dir='ltr'><em>σχῆμα</em></span> <span class='ocrx_word' id='word_1_56' title='bbox 1505 646 1779 721; x_wconf 82' lang='grc' dir='ltr'><em>τοσαύτην</em></span> 
     </span>
     <span class='ocr_line' id='line_1_8' title="bbox 173 730 1778 809; baseline -0.002 -17"><span class='ocrx_word' id='word_1_57' title='bbox 173 733 319 807; x_wconf 74' lang='grc' dir='ltr'><em>παρὰ</em></span> <span class='ocrx_word' id='word_1_58' title='bbox 350 735 414 791; x_wconf 76' lang='grc' dir='ltr'><em>τα</em></span> <span class='ocrx_word' id='word_1_59' title='bbox 445 732 582 789; x_wconf 76' lang='grc' dir='ltr'><em>ἄλλα</em></span> <span class='ocrx_word' id='word_1_60' title='bbox 613 740 722 805; x_wconf 80' lang='grc' dir='ltr'><em>ἔχει</em></span> <span class='ocrx_word' id='word_1_61' title='bbox 756 731 995 805; x_wconf 85' lang='grc' dir='ltr'><em>δύναμιν</em></span> <span class='ocrx_word' id='word_1_62' title='bbox 1026 735 1117 809; x_wconf 85' lang='grc' dir='ltr'><em>καὶ</em></span> <span class='ocrx_word' id='word_1_63' title='bbox 1147 730 1375 805; x_wconf 87' lang='grc' dir='ltr'><em>τροπὴν,</em></span> <span class='ocrx_word' id='word_1_64' title='bbox 1409 730 1549 789; x_wconf 74' lang='grc' dir='ltr'><em>ὥστε</em></span> <span class='ocrx_word' id='word_1_65' title='bbox 1572 732 1778 807; x_wconf 84' lang='grc' dir='ltr'><em>φρόνη-</em></span> 
     </span>
     <span class='ocr_line' id='line_1_9' title="bbox 174 815 1781 891; baseline -0.002 -15"><span class='ocrx_word' id='word_1_66' title='bbox 174 841 264 876; x_wconf 89' lang='grc' dir='ltr'><em>σιν</em></span> <span class='ocrx_word' id='word_1_67' title='bbox 316 822 549 891; x_wconf 80' lang='grc' dir='ltr'><em>γεννᾶν,</em></span> <span class='ocrx_word' id='word_1_68' title='bbox 602 815 735 874; x_wconf 80' lang='grc' dir='ltr'><em>ὅταν</em></span> <span class='ocrx_word' id='word_1_69' title='bbox 788 823 865 882; x_wconf 82' lang='grc' dir='ltr'><em>εἰς</em></span> <span class='ocrx_word' id='word_1_70' title='bbox 919 819 1107 889; x_wconf 80' lang='grc' dir='ltr'><em>ἑτέρου</em></span> <span class='ocrx_word' id='word_1_71' title='bbox 1156 815 1360 873; x_wconf 89' lang='grc' dir='ltr'><em>πλάσιν</em></span> <span class='ocrx_word' id='word_1_72' title='bbox 1404 819 1781 891; x_wconf 83' lang='grc' dir='ltr'><em>ἐγκαταμιχθῇ</em></span> 
     </span>
     <span class='ocr_line' id='line_1_10' title="bbox 173 897 1780 977; baseline -0.002 -17"><span class='ocrx_word' id='word_1_73' title='bbox 173 902 451 977; x_wconf 70' lang='grc' dir='ltr'><em>σώματος,</em></span> <span class='ocrx_word' id='word_1_74' title='bbox 505 901 655 975; x_wconf 82' lang='grc' dir='ltr'><em>οἶμαι</em></span> <span class='ocrx_word' id='word_1_75' title='bbox 693 902 795 974; x_wconf 72' lang='grc' dir='ltr'><em>μὲν</em></span> <span class='ocrx_word' id='word_1_76' title='bbox 836 898 907 966; x_wconf 74' lang='grc' dir='ltr'><em>ὡς</em></span> <span class='ocrx_word' id='word_1_77' title='bbox 946 897 1074 956; x_wconf 80' lang='grc' dir='ltr'><em>οὐδ’</em></span> <span class='ocrx_word' id='word_1_78' title='bbox 1120 906 1170 956; x_wconf 84' lang='grc' dir='ltr'><em>εἰ</em></span> <span class='ocrx_word' id='word_1_79' title='bbox 1207 906 1319 957; x_wconf 77' lang='grc' dir='ltr'><em>τῶν</em></span> <span class='ocrx_word' id='word_1_80' title='bbox 1351 899 1659 974; x_wconf 59' lang='grc' dir='ltr'><em>“Ηφαίστου</em></span> <span class='ocrx_word' id='word_1_81' title='bbox 1699 925 1780 967; x_wconf 90' lang='grc' dir='ltr'><em>τις</em></span> 
     </span>
     <span class='ocr_line' id='line_1_11' title="bbox 112 978 1780 1061; baseline -0.002 -16"><span class='ocrx_word' id='word_1_82' title='bbox 112 1008 151 1039; x_wconf 82' lang='lat'><em>10</em></span> <span class='ocrx_word' id='word_1_83' title='bbox 175 986 253 1045; x_wconf 71' lang='grc' dir='ltr'><em>ὧν</em></span> <span class='ocrx_word' id='word_1_84' title='bbox 284 985 436 1061; x_wconf 77' lang='grc' dir='ltr'><em>τύχοι</em></span> <span class='ocrx_word' id='word_1_85' title='bbox 466 984 746 1057; x_wconf 77' lang='grc' dir='ltr'><em>τριπόδων</em></span> <span class='ocrx_word' id='word_1_86' title='bbox 777 986 867 1041; x_wconf 87' lang='grc' dir='ltr'><em>καὶ</em></span> <span class='ocrx_word' id='word_1_87' title='bbox 892 988 1273 1057; x_wconf 77' lang='grc' dir='ltr'><em>θεραπαινῶν,</em></span> <span class='ocrx_word' id='word_1_88' title='bbox 1299 978 1404 1058; x_wconf 66' lang='grc' dir='ltr'><em>(ὧν</em></span> <span class='ocrx_word' id='word_1_89' title='bbox 1427 1003 1598 1059; x_wconf 89' lang='grc' dir='ltr'><em>φησιν</em></span> <span class='ocrx_word' id='word_1_90' title='bbox 1615 982 1780 1058; x_wconf 83' lang='grc' dir='ltr'><em>Ὅμη-</em></span> 
     </span>
     <span class='ocr_line' id='line_1_12' title="bbox 175 1066 1781 1144; baseline -0.002 -14"><span class='ocrx_word' id='word_1_91' title='bbox 175 1098 267 1144; x_wconf 90' lang='grc' dir='ltr'><em>ρος</em></span> <span class='ocrx_word' id='word_1_92' title='bbox 306 1072 432 1138; x_wconf 79' lang='grc' dir='ltr'><em>τοὺς</em></span> <span class='ocrx_word' id='word_1_93' title='bbox 473 1071 574 1143; x_wconf 72' lang='grc' dir='ltr'><em>μὲν</em></span> <span class='ocrx_word' id='word_1_94' title='bbox 616 1067 956 1143; x_wconf 74' lang='grc' dir='ltr'><em>αὐτομάτους</em></span> <span class='ocrx_word' id='word_1_95' title='bbox 999 1075 1075 1135; x_wconf 84' lang='grc' dir='ltr'><em>εἰς</em></span> <span class='ocrx_word' id='word_1_96' title='bbox 1116 1068 1212 1127; x_wconf 86' lang='grc' dir='ltr'><em>τὸν</em></span> <span class='ocrx_word' id='word_1_97' title='bbox 1252 1067 1442 1141; x_wconf 76' lang='grc' dir='ltr'><em>άγῶνα</em></span> <span class='ocrx_word' id='word_1_98' title='bbox 1487 1066 1561 1126; x_wconf 86' lang='grc' dir='ltr'><em>δι’</em></span> <span class='ocrx_word' id='word_1_99' title='bbox 1596 1066 1781 1127; x_wconf 73' lang='grc' dir='ltr'><em>αὐτῶν</em></span> 
     </span>
     <span class='ocr_line' id='line_1_13' title="bbox 175 1153 1779 1231; baseline -0.002 -17"><span class='ocrx_word' id='word_1_100' title='bbox 175 1171 403 1230; x_wconf 86' lang='grc' dir='ltr'><em>χωρεῖν,</em></span> <span class='ocrx_word' id='word_1_101' title='bbox 445 1154 540 1222; x_wconf 71' lang='grc' dir='ltr'><em>τὰς</em></span> <span class='ocrx_word' id='word_1_102' title='bbox 574 1156 633 1212; x_wconf 71' lang='grc' dir='ltr'><em>δὲ</em></span> <span class='ocrx_word' id='word_1_103' title='bbox 665 1153 1104 1226; x_wconf 77' lang='grc' dir='ltr'><em>συνεργάζεσθαι</em></span> <span class='ocrx_word' id='word_1_104' title='bbox 1135 1157 1213 1231; x_wconf 72' lang='grc' dir='ltr'><em>τῷ</em></span> <span class='ocrx_word' id='word_1_105' title='bbox 1244 1153 1516 1229; x_wconf 81' lang='grc' dir='ltr'><em>δεσπότῃ,</em></span> <span class='ocrx_word' id='word_1_106' title='bbox 1559 1157 1651 1211; x_wconf 83' lang='grc' dir='ltr'><em>καὶ</em></span> <span class='ocrx_word' id='word_1_107' title='bbox 1680 1179 1779 1227; x_wconf 91' lang='grc' dir='ltr'><em>μη-</em></span> 
     </span>
     <span class='ocr_line' id='line_1_14' title="bbox 175 1237 1780 1312; baseline -0.002 -13"><span class='ocrx_word' id='word_1_108' title='bbox 175 1239 331 1307; x_wconf 85' lang='grc' dir='ltr'><em>δενὸς</em></span> <span class='ocrx_word' id='word_1_109' title='bbox 364 1245 498 1297; x_wconf 81' lang='grc' dir='ltr'><em>οἵων</em></span> <span class='ocrx_word' id='word_1_110' title='bbox 528 1245 586 1296; x_wconf 91' lang='grc' dir='ltr'><em>οι</em></span> <span class='ocrx_word' id='word_1_111' title='bbox 612 1243 805 1308; x_wconf 81' lang='grc' dir='ltr'><em>ζωντες</em></span> <span class='ocrx_word' id='word_1_112' title='bbox 838 1245 1022 1312; x_wconf 84' lang='grc' dir='ltr'><em>ἔχουσι</em></span> <span class='ocrx_word' id='word_1_113' title='bbox 1046 1238 1538 1312; x_wconf 82' lang='grc' dir='ltr'><em>πλεονεκτημάτων</em></span> <span class='ocrx_word' id='word_1_114' title='bbox 1561 1237 1780 1296; x_wconf 78' lang='grc' dir='ltr'><em>ἀπολεί-</em></span> 
     </span>
     <span class='ocr_line' id='line_1_15' title="bbox 173 1321 1779 1433; baseline -0.002 -50"><span class='ocrx_word' id='word_1_115' title='bbox 173 1324 414 1398; x_wconf 86' lang='grc' dir='ltr'><em>πεσθαι)</em></span> <span class='ocrx_word' id='word_1_116' title='bbox 446 1322 520 1398; x_wconf 83' lang='grc' dir='ltr'><em>μή</em></span> <span class='ocrx_word' id='word_1_117' title='bbox 551 1329 607 1381; x_wconf 93' lang='grc' dir='ltr'><em>τί</em></span> <span class='ocrx_word' id='word_1_118' title='bbox 644 1347 707 1433; x_wconf 79' lang='grc' dir='ltr'><em>γε</em></span> <span class='ocrx_word' id='word_1_119' title='bbox 750 1321 818 1395; x_wconf 83' lang='grc' dir='ltr'><em>δὴ</em></span> <span class='ocrx_word' id='word_1_120' title='bbox 849 1348 962 1380; x_wconf 87' lang='grc' dir='ltr'><em>των</em></span> <span class='ocrx_word' id='word_1_121' title='bbox 995 1326 1053 1380; x_wconf 82' lang='grc' dir='ltr'><em>ἐκ</em></span> <span class='ocrx_word' id='word_1_122' title='bbox 1082 1321 1427 1396; x_wconf 89' lang='grc' dir='ltr'><em>ταυτομάτου</em></span> <span class='ocrx_word' id='word_1_123' title='bbox 1457 1322 1779 1396; x_wconf 80' lang='grc' dir='ltr'><em>ψηγμάτων,</em></span> 
     </span>
     <span class='ocr_line' id='line_1_16' title="bbox 109 1402 1886 1508; baseline -0.001 -41"><span class='ocrx_word' id='word_1_124' title='bbox 109 1429 149 1461; x_wconf 80' lang='lat'><em>15</em></span> <span class='ocrx_word' id='word_1_125' title='bbox 174 1413 264 1467; x_wconf 83' lang='grc' dir='ltr'><em>καὶ</em></span> <span class='ocrx_word' id='word_1_126' title='bbox 306 1402 379 1466; x_wconf 78' lang='grc' dir='ltr'><em>αὖ</em></span> <span class='ocrx_word' id='word_1_127' title='bbox 416 1423 530 1475; x_wconf 88' lang='grc' dir='ltr'><em>τοῖς</em></span> <span class='ocrx_word' id='word_1_128' title='bbox 574 1411 661 1466; x_wconf 87' lang='grc' dir='ltr'><em>ἐπὶ</em></span> <span class='ocrx_word' id='word_1_129' title='bbox 692 1432 803 1465; x_wconf 83' lang='grc' dir='ltr'><em>των</em></span> <span class='ocrx_word' id='word_1_130' title='bbox 834 1413 1103 1508; x_wconf 85' lang='grc' dir='ltr'><em>αἰγιαλων</em></span> <span class='ocrx_word' id='word_1_131' title='bbox 1133 1410 1420 1482; x_wconf 80' lang='grc' dir='ltr'><em>προσέοικε</em></span> <span class='ocrx_word' id='word_1_132' title='bbox 1452 1413 1658 1479; x_wconf 82' lang='grc' dir='ltr'><em>λίθοις,</em></span> <span class='ocrx_word' id='word_1_133' title='bbox 1705 1414 1780 1474; x_wconf 84' lang='grc' dir='ltr'><em>εἰς</em></span> <span class='ocrx_word' id='word_1_134' title='bbox 1799 1423 1886 1466; x_wconf 84' lang='lat'>[481]</span> 
     </span>
     <span class='ocr_line' id='line_1_17' title="bbox 173 1491 1822 1566; baseline -0.002 -14"><span class='ocrx_word' id='word_1_135' title='bbox 173 1495 232 1552; x_wconf 85' lang='grc' dir='ltr'>τό</span> <span class='ocrx_word' id='word_1_136' title='bbox 276 1493 565 1552; x_wconf 86' lang='grc' dir='ltr'><em>δύνασθαί</em></span> <span class='ocrx_word' id='word_1_137' title='bbox 598 1519 648 1550; x_wconf 91' lang='grc' dir='ltr'><em>τι</em></span> <span class='ocrx_word' id='word_1_138' title='bbox 686 1491 1067 1564; x_wconf 89' lang='grc' dir='ltr'><em>περιττότερον</em></span> <span class='ocrx_word' id='word_1_139' title='bbox 1107 1507 1290 1550; x_wconf 89' lang='grc' dir='ltr'><em>ποιεῖν</em></span> <span class='ocrx_word' id='word_1_140' title='bbox 1329 1491 1466 1566; x_wconf 82' lang='grc' dir='ltr'><em>πρὸς</em></span> <span class='ocrx_word' id='word_1_141' title='bbox 1497 1501 1777 1565; x_wconf 81' lang='grc' dir='ltr'><em>αἴσθησιν.</em></span> <span class='ocrx_word' id='word_1_142' title='bbox 1805 1521 1822 1544; x_wconf 87' lang='lat' dir='ltr'><strong>e</strong></span> 
     </span>
     <span class='ocr_line' id='line_1_18' title="bbox 174 1574 1782 1651; baseline -0.001 -15"><span class='ocrx_word' id='word_1_143' title='bbox 174 1584 221 1636; x_wconf 79' lang='lat'><em>3.</em></span> <span class='ocrx_word' id='word_1_144' title='bbox 259 1577 478 1651; x_wconf 80' lang='grc' dir='ltr'><em>Ζήνωνι</em></span> <span class='ocrx_word' id='word_1_145' title='bbox 508 1579 610 1650; x_wconf 73' lang='grc' dir='ltr'><em>μὲν</em></span> <span class='ocrx_word' id='word_1_146' title='bbox 648 1577 752 1649; x_wconf 85' lang='grc' dir='ltr'><em>γὰρ</em></span> <span class='ocrx_word' id='word_1_147' title='bbox 795 1579 886 1633; x_wconf 86' lang='grc' dir='ltr'><em>καὶ</em></span> <span class='ocrx_word' id='word_1_148' title='bbox 927 1575 1207 1636; x_wconf 86' lang='grc' dir='ltr'><em>Κλεάνθει</em></span> <span class='ocrx_word' id='word_1_149' title='bbox 1250 1575 1575 1651; x_wconf 81' lang='grc' dir='ltr'><em>νεμεσήσειέ</em></span> <span class='ocrx_word' id='word_1_150' title='bbox 1601 1601 1680 1644; x_wconf 90' lang='grc' dir='ltr'><em>τις</em></span> <span class='ocrx_word' id='word_1_151' title='bbox 1712 1574 1782 1634; x_wconf 68' lang='grc' dir='ltr'><em>ἂν</em></span> 
     </span>
     <span class='ocr_line' id='line_1_19' title="bbox 180 1657 1779 1735; baseline -0.001 -16"><span class='ocrx_word' id='word_1_152' title='bbox 180 1669 404 1729; x_wconf 82' lang='grc' dir='ltr'><em>δικαίως</em></span> <span class='ocrx_word' id='word_1_153' title='bbox 446 1658 590 1719; x_wconf 75' lang='grc' dir='ltr'><em>οὕτω</em></span> <span class='ocrx_word' id='word_1_154' title='bbox 633 1660 851 1735; x_wconf 89' lang='grc' dir='ltr'><em>σφόδρα</em></span> <span class='ocrx_word' id='word_1_155' title='bbox 884 1657 1221 1735; x_wconf 75' lang='grc' dir='ltr'><em>ὖβριστικως</em></span> <span class='ocrx_word' id='word_1_156' title='bbox 1262 1665 1387 1735; x_wconf 86' lang='grc' dir='ltr'><em>περὶ</em></span> <span class='ocrx_word' id='word_1_157' title='bbox 1431 1660 1602 1734; x_wconf 80' lang='grc' dir='ltr'><em>αὐτῆς</em></span> <span class='ocrx_word' id='word_1_158' title='bbox 1656 1667 1779 1718; x_wconf 78' lang='grc' dir='ltr'><em>δια-</em></span> 
     </span>
     <span class='ocr_line' id='line_1_20' title="bbox 175 1743 1782 1847; baseline -0.001 -43"><span class='ocrx_word' id='word_1_159' title='bbox 175 1757 422 1820; x_wconf 73' lang='grc' dir='ltr'><em>λεχθεῖσι</em></span> <span class='ocrx_word' id='word_1_160' title='bbox 446 1748 537 1803; x_wconf 87' lang='grc' dir='ltr'><em>καὶ</em></span> <span class='ocrx_word' id='word_1_161' title='bbox 561 1743 829 1803; x_wconf 77' lang='grc' dir='ltr'><em>ταυτὸν”</em></span> <span class='ocrx_word' id='word_1_162' title='bbox 795 1771 959 1819; x_wconf 90' lang='grc' dir='ltr'><em>αμφω</em></span> <span class='ocrx_word' id='word_1_163' title='bbox 994 1749 1092 1803; x_wconf 83' lang='grc' dir='ltr'><em>τοῦ</em></span> <span class='ocrx_word' id='word_1_164' title='bbox 1118 1749 1345 1819; x_wconf 82' lang='grc' dir='ltr'><em>στερεοῦ</em></span> <span class='ocrx_word' id='word_1_165' title='bbox 1369 1744 1617 1847; x_wconf 64' lang='grc' dir='ltr'><em>στόματος</em></span> <span class='ocrx_word' id='word_1_166' title='bbox 1639 1746 1782 1803; x_wconf 83' lang='grc' dir='ltr'><em>εἶναι</em></span> 
     </span>
     <span class='ocr_line' id='line_1_21' title="bbox 112 1828 1782 1905; baseline 0.001 -19"><span class='ocrx_word' id='word_1_167' title='bbox 112 1856 151 1886; x_wconf 81' lang='lat'><em>20</em></span> <span class='ocrx_word' id='word_1_168' title='bbox 175 1856 275 1904; x_wconf 92' lang='grc' dir='ltr'><em>την</em></span> <span class='ocrx_word' id='word_1_169' title='bbox 328 1845 512 1905; x_wconf 79' lang='grc' dir='ltr'><em>ψυχην</em></span> <span class='ocrx_word' id='word_1_170' title='bbox 564 1828 946 1904; x_wconf 79' lang='grc' dir='ltr'><em>άναθυμιάσιν</em></span> <span class='ocrx_word' id='word_1_171' title='bbox 998 1829 1222 1904; x_wconf 86' lang='grc' dir='ltr'><em>φήσασι.</em></span> <span class='ocrx_word' id='word_1_172' title='bbox 1283 1838 1340 1887; x_wconf 92' lang='grc' dir='ltr'><em>τί</em></span> <span class='ocrx_word' id='word_1_173' title='bbox 1374 1856 1508 1903; x_wconf 88' lang='grc' dir='ltr'><em>γαρ,</em></span> <span class='ocrx_word' id='word_1_174' title='bbox 1565 1856 1606 1887; x_wconf 92' lang='grc' dir='ltr'><em>ω</em></span> <span class='ocrx_word' id='word_1_175' title='bbox 1647 1829 1782 1902; x_wconf 84' lang='grc' dir='ltr'><em>πρὸς</em></span> 
     </span>
     <span class='ocr_line' id='line_1_22' title="bbox 177 1912 1782 1989; baseline -0.001 -16"><span class='ocrx_word' id='word_1_176' title='bbox 177 1919 362 1989; x_wconf 85' lang='grc' dir='ltr'><em>θεων,</em></span> <span class='ocrx_word' id='word_1_177' title='bbox 408 1915 596 1972; x_wconf 83' lang='grc' dir='ltr'><em>κοινὸν</em></span> <span class='ocrx_word' id='word_1_178' title='bbox 637 1914 777 1983; x_wconf 84' lang='grc' dir='ltr'><em>ὅλως</em></span> <span class='ocrx_word' id='word_1_179' title='bbox 811 1912 1184 1988; x_wconf 76' lang='grc' dir='ltr'><em>ἀναθυμιάσει</em></span> <span class='ocrx_word' id='word_1_180' title='bbox 1227 1918 1318 1972; x_wconf 86' lang='grc' dir='ltr'><em>καὶ</em></span> <span class='ocrx_word' id='word_1_181' title='bbox 1351 1919 1528 1989; x_wconf 78' lang='grc' dir='ltr'><em>ψυχῇ;</em></span> <span class='ocrx_word' id='word_1_182' title='bbox 1581 1918 1690 1972; x_wconf 80' lang='grc' dir='ltr'><em>πού</em></span> <span class='ocrx_word' id='word_1_183' title='bbox 1721 1916 1782 1972; x_wconf 90' lang='grc' dir='ltr'><em>δε</em></span> 
     </span>
     <span class='ocr_line' id='line_1_23' title="bbox 177 1996 1782 2074; baseline 0.001 -18"><span class='ocrx_word' id='word_1_184' title='bbox 177 2004 410 2073; x_wconf 84' lang='grc' dir='ltr'><em>ἐγχωρεῖ</em></span> <span class='ocrx_word' id='word_1_185' title='bbox 443 2007 779 2073; x_wconf 88' lang='grc' dir='ltr'><em>νομίσαντας</em></span> <span class='ocrx_word' id='word_1_186' title='bbox 808 2000 987 2074; x_wconf 78' lang='grc' dir='ltr'><em>τούτῳ</em></span> <span class='ocrx_word' id='word_1_187' title='bbox 1013 2002 1395 2071; x_wconf 80' lang='grc' dir='ltr'><em>προσεοικέναι</em></span> <span class='ocrx_word' id='word_1_188' title='bbox 1430 1998 1531 2072; x_wconf 85' lang='grc' dir='ltr'><em>τήν</em></span> <span class='ocrx_word' id='word_1_189' title='bbox 1563 1997 1626 2057; x_wconf 86' lang='grc' dir='ltr'><em>θ’</em></span> <span class='ocrx_word' id='word_1_190' title='bbox 1652 1996 1782 2072; x_wconf 79' lang='grc' dir='ltr'><em>ἡμε-</em></span> 
     </span>
     <span class='ocr_line' id='line_1_24' title="bbox 177 2082 1783 2160; baseline 0 -20"><span class='ocrx_word' id='word_1_191' title='bbox 177 2088 342 2157; x_wconf 78' lang='grc' dir='ltr'><em>τέραν</em></span> <span class='ocrx_word' id='word_1_192' title='bbox 384 2087 475 2141; x_wconf 84' lang='grc' dir='ltr'><em>καὶ</em></span> <span class='ocrx_word' id='word_1_193' title='bbox 514 2082 613 2156; x_wconf 84' lang='grc' dir='ltr'><em>τὴν</em></span> <span class='ocrx_word' id='word_1_194' title='bbox 652 2087 765 2141; x_wconf 71' lang='grc' dir='ltr'><em>τῶν</em></span> <span class='ocrx_word' id='word_1_195' title='bbox 802 2082 987 2141; x_wconf 74' lang='grc' dir='ltr'><em>ἄλλων</em></span> <span class='ocrx_word' id='word_1_196' title='bbox 1028 2083 1178 2160; x_wconf 79' lang='grc' dir='ltr'><em>ζςόων</em></span> <span class='ocrx_word' id='word_1_197' title='bbox 1218 2082 1448 2155; x_wconf 78' lang='grc' dir='ltr'><em>οὐσίαν,</em></span> <span class='ocrx_word' id='word_1_198' title='bbox 1490 2088 1649 2140; x_wconf 80' lang='grc' dir='ltr'><em>τοῦτο</em></span> <span class='ocrx_word' id='word_1_199' title='bbox 1680 2086 1783 2155; x_wconf 73' lang='grc' dir='ltr'><em>μὲν</em></span> 
     </span>
     <span class='ocr_line' id='line_1_25' title="bbox 177 2166 1780 2242; baseline 0.001 -18"><span class='ocrx_word' id='word_1_200' title='bbox 177 2174 484 2242; x_wconf 83' lang='grc' dir='ltr'><em>φαντασίας</em></span> <span class='ocrx_word' id='word_1_201' title='bbox 516 2169 603 2224; x_wconf 76' lang='grc' dir='ltr'><em>καὶ</em></span> <span class='ocrx_word' id='word_1_202' title='bbox 637 2166 853 2240; x_wconf 83' lang='grc' dir='ltr'><em>μνήμας</em></span> <span class='ocrx_word' id='word_1_203' title='bbox 878 2173 1028 2233; x_wconf 90' lang='grc' dir='ltr'><em>οιόυς</em></span> <span class='ocrx_word' id='word_1_204' title='bbox 1047 2192 1104 2225; x_wconf 89' lang='grc' dir='ltr'><em>τε</em></span> <span class='ocrx_word' id='word_1_205' title='bbox 1131 2169 1271 2225; x_wconf 77' lang='grc' dir='ltr'><em>εἶναι</em></span> <span class='ocrx_word' id='word_1_206' title='bbox 1297 2166 1491 2236; x_wconf 83' lang='grc' dir='ltr'><em>σωζειν</em></span> <span class='ocrx_word' id='word_1_207' title='bbox 1517 2173 1780 2241; x_wconf 77' lang='grc' dir='ltr'><em>διαρκεῖς,</em></span> 
     </span>
     <span class='ocr_line' id='line_1_26' title="bbox 114 2249 1783 2325; baseline 0.002 -19"><span class='ocrx_word' id='word_1_208' title='bbox 114 2275 154 2308; x_wconf 85' lang='lat'><em>25</em></span> <span class='ocrx_word' id='word_1_209' title='bbox 178 2257 336 2311; x_wconf 80' lang='grc' dir='ltr'><em>τοῦτο</em></span> <span class='ocrx_word' id='word_1_210' title='bbox 382 2253 443 2309; x_wconf 91' lang='grc' dir='ltr'><em>δε</em></span> <span class='ocrx_word' id='word_1_211' title='bbox 483 2249 655 2325; x_wconf 83' lang='grc' dir='ltr'><em>ὁρμας</em></span> <span class='ocrx_word' id='word_1_212' title='bbox 695 2277 787 2308; x_wconf 91' lang='grc' dir='ltr'><em>και</em></span> <span class='ocrx_word' id='word_1_213' title='bbox 835 2250 1128 2324; x_wconf 85' lang='grc' dir='ltr'><em>βουλήσεις</em></span> <span class='ocrx_word' id='word_1_214' title='bbox 1180 2257 1293 2310; x_wconf 78' lang='grc' dir='ltr'><em>τῶν</em></span> <span class='ocrx_word' id='word_1_215' title='bbox 1344 2251 1783 2310; x_wconf 82' lang='grc' dir='ltr'><em>λυσιτελούντων</em></span> 
     </span>
     <span class='ocr_line' id='line_1_27' title="bbox 179 2327 1898 2409; baseline -0.002 -14"><span class='ocrx_word' id='word_1_216' title='bbox 179 2343 255 2404; x_wconf 93' lang='grc' dir='ltr'><em>εις</em></span> <span class='ocrx_word' id='word_1_217' title='bbox 289 2336 516 2394; x_wconf 81' lang='grc' dir='ltr'><em>σύνεσιν</em></span> <span class='ocrx_word' id='word_1_218' title='bbox 547 2334 911 2409; x_wconf 76' lang='grc' dir='ltr'><em>πραγμάτων;</em></span> <span class='ocrx_word' id='word_1_219' title='bbox 944 2327 979 2408; x_wconf 79' lang='grc' dir='ltr'><strong><em>ἦ</em></strong></span> <span class='ocrx_word' id='word_1_220' title='bbox 1008 2334 1146 2408; x_wconf 89' lang='grc' dir='ltr'><em>τάρα</em></span> <span class='ocrx_word' id='word_1_221' title='bbox 1178 2339 1267 2394; x_wconf 86' lang='grc' dir='ltr'><em>καὶ</em></span> <span class='ocrx_word' id='word_1_222' title='bbox 1307 2361 1436 2404; x_wconf 88' lang='grc' dir='ltr'><em>τους</em></span> <span class='ocrx_word' id='word_1_223' title='bbox 1472 2336 1643 2403; x_wconf 90' lang='grc' dir='ltr'><em>θεους</em></span> <span class='ocrx_word' id='word_1_224' title='bbox 1686 2340 1778 2394; x_wconf 84' lang='grc' dir='ltr'><em>καὶ</em></span> <span class='ocrx_word' id='word_1_225' title='bbox 1802 2360 1825 2392; x_wconf 84' lang='lat' dir='ltr'><strong>d</strong></span> <span class='ocrx_word' id='word_1_226' title='bbox 1887 2366 1898 2400; x_wconf 60' lang='lat'><em>2</em></span> 
     </span>
     <span class='ocr_line' id='line_1_28' title="bbox 177 2419 1782 2494; baseline 0.001 -17"><span class='ocrx_word' id='word_1_227' title='bbox 177 2421 274 2478; x_wconf 86' lang='grc' dir='ltr'><em>τὸν</em></span> <span class='ocrx_word' id='word_1_228' title='bbox 319 2421 410 2477; x_wconf 83' lang='grc' dir='ltr'><em>διὰ</em></span> <span class='ocrx_word' id='word_1_229' title='bbox 450 2419 675 2477; x_wconf 89' lang='grc' dir='ltr'><em>πάντων</em></span> <span class='ocrx_word' id='word_1_230' title='bbox 714 2443 1032 2493; x_wconf 90' lang='grc' dir='ltr'><em>παρηκοντα</em></span> <span class='ocrx_word' id='word_1_231' title='bbox 1072 2419 1271 2493; x_wconf 84' lang='grc' dir='ltr'><em>ὁμοίως</em></span> <span class='ocrx_word' id='word_1_232' title='bbox 1313 2425 1572 2494; x_wconf 83' lang='grc' dir='ltr'><em>ἐπιγείων</em></span> <span class='ocrx_word' id='word_1_233' title='bbox 1602 2445 1659 2478; x_wconf 90' lang='grc' dir='ltr'><em>τε</em></span> <span class='ocrx_word' id='word_1_234' title='bbox 1691 2424 1782 2478; x_wconf 82' lang='grc' dir='ltr'><em>καὶ</em></span> 
     </span>
     <span class='ocr_line' id='line_1_29' title="bbox 178 2502 1784 2579; baseline 0 -17"><span class='ocrx_word' id='word_1_235' title='bbox 178 2503 458 2576; x_wconf 80' lang='grc' dir='ltr'><em>οὐρανίων</em></span> <span class='ocrx_word' id='word_1_236' title='bbox 502 2511 577 2571; x_wconf 85' lang='grc' dir='ltr'><em>εἰς</em></span> <span class='ocrx_word' id='word_1_237' title='bbox 621 2502 1004 2578; x_wconf 77' lang='grc' dir='ltr'><em>ἀναθυμίασιν</em></span> <span class='ocrx_word' id='word_1_238' title='bbox 1045 2507 1135 2562; x_wconf 85' lang='grc' dir='ltr'><em>καὶ</em></span> <span class='ocrx_word' id='word_1_239' title='bbox 1167 2503 1380 2563; x_wconf 78' lang='grc' dir='ltr'><em>καπνὸν</em></span> <span class='ocrx_word' id='word_1_240' title='bbox 1407 2509 1499 2562; x_wconf 88' lang='grc' dir='ltr'><em>καὶ</em></span> <span class='ocrx_word' id='word_1_241' title='bbox 1522 2506 1784 2579; x_wconf 81' lang='grc' dir='ltr'><em>τοιαύτην</em></span> 
     </span>
     <span class='ocr_line' id='line_1_30' title="bbox 179 2586 1784 2664; baseline 0.001 -19"><span class='ocrx_word' id='word_1_242' title='bbox 179 2595 462 2662; x_wconf 83' lang='grc' dir='ltr'><em>φλυαρίαν</em></span> <span class='ocrx_word' id='word_1_243' title='bbox 485 2587 893 2662; x_wconf 77' lang='grc' dir='ltr'><em>καταθήσομεν,</em></span> <span class='ocrx_word' id='word_1_244' title='bbox 919 2592 1010 2646; x_wconf 86' lang='grc' dir='ltr'><em>καὶ</em></span> <span class='ocrx_word' id='word_1_245' title='bbox 1034 2586 1164 2647; x_wconf 70' lang='grc' dir='ltr'><em>οὐδὲ</em></span> <span class='ocrx_word' id='word_1_246' title='bbox 1187 2590 1313 2658; x_wconf 78' lang='grc' dir='ltr'><em>τοὺς</em></span> <span class='ocrx_word' id='word_1_247' title='bbox 1337 2589 1563 2663; x_wconf 79' lang='grc' dir='ltr'><em>ποιητὰς</em></span> <span class='ocrx_word' id='word_1_248' title='bbox 1588 2596 1784 2664; x_wconf 85' lang='grc' dir='ltr'><em>αἰσχυ-</em></span> 
     </span>
     <span class='ocr_line' id='line_1_31' title="bbox 115 2671 1784 2747; baseline 0.002 -20"><span class='ocrx_word' id='word_1_249' title='bbox 115 2695 156 2726; x_wconf 79' lang='grc'><em>30</em></span> <span class='ocrx_word' id='word_1_250' title='bbox 183 2673 463 2747; x_wconf 78' lang='grc' dir='ltr'><em>νούμεθα,</em></span> <span class='ocrx_word' id='word_1_251' title='bbox 505 2681 561 2730; x_wconf 81' lang='grc' dir='ltr'><em>οἳ</em></span> <span class='ocrx_word' id='word_1_252' title='bbox 597 2679 794 2743; x_wconf 90' lang='grc' dir='ltr'><em>καίπερ</em></span> <span class='ocrx_word' id='word_1_253' title='bbox 836 2672 1039 2747; x_wconf 81' lang='grc' dir='ltr'><em>ἀκριβῆ</em></span> <span class='ocrx_word' id='word_1_254' title='bbox 1078 2674 1306 2733; x_wconf 84' lang='grc' dir='ltr'><em>σύνεσιν</em></span> <span class='ocrx_word' id='word_1_255' title='bbox 1345 2677 1457 2733; x_wconf 70' lang='grc' dir='ltr'><em>τῶν</em></span> <span class='ocrx_word' id='word_1_256' title='bbox 1497 2680 1650 2732; x_wconf 78' lang='grc' dir='ltr'><em>θεῶν</em></span> <span class='ocrx_word' id='word_1_257' title='bbox 1680 2671 1784 2730; x_wconf 75' lang='grc' dir='ltr'><em>οὐκ</em></span> 
     </span>
     <span class='ocr_line' id='line_1_32' title="bbox 183 2755 1783 2832; baseline 0 -18"><span class='ocrx_word' id='word_1_258' title='bbox 183 2765 426 2830; x_wconf 79' lang='grc' dir='ltr'><em>ἔχοντες,</em></span> <span class='ocrx_word' id='word_1_259' title='bbox 459 2755 604 2831; x_wconf 73' lang='grc' dir='ltr'><em>ὅμως</em></span> <span class='ocrx_word' id='word_1_260' title='bbox 635 2756 700 2814; x_wconf 72' lang='grc' dir='ltr'><em>τὰ</em></span> <span class='ocrx_word' id='word_1_261' title='bbox 730 2758 833 2830; x_wconf 74' lang='grc' dir='ltr'><em>μὲν</em></span> <span class='ocrx_word' id='word_1_262' title='bbox 859 2762 916 2815; x_wconf 84' lang='grc' dir='ltr'><em>ἐκ</em></span> <span class='ocrx_word' id='word_1_263' title='bbox 946 2762 1041 2832; x_wconf 84' lang='grc' dir='ltr'><em>τῆς</em></span> <span class='ocrx_word' id='word_1_264' title='bbox 1073 2762 1259 2832; x_wconf 85' lang='grc' dir='ltr'><em>κοινῆς</em></span> <span class='ocrx_word' id='word_1_265' title='bbox 1287 2762 1529 2824; x_wconf 80' lang='grc' dir='ltr'><em>ἐπινοίας</em></span> <span class='ocrx_word' id='word_1_266' title='bbox 1553 2759 1665 2815; x_wconf 70' lang='grc' dir='ltr'><em>τῶν</em></span> <span class='ocrx_word' id='word_1_267' title='bbox 1688 2757 1783 2815; x_wconf 76' lang='grc' dir='ltr'><em>άν-</em></span> 
     </span>
     <span class='ocr_line' id='line_1_33' title="bbox 181 2839 1784 2916; baseline 0.001 -18"><span class='ocrx_word' id='word_1_268' title='bbox 181 2839 460 2915; x_wconf 77' lang='grc' dir='ltr'><em>θρώπων,</em></span> <span class='ocrx_word' id='word_1_269' title='bbox 492 2842 556 2899; x_wconf 68' lang='grc' dir='ltr'><em>τά</em></span> <span class='ocrx_word' id='word_1_270' title='bbox 594 2843 655 2899; x_wconf 76' lang='grc' dir='ltr'><em>δὲ</em></span> <span class='ocrx_word' id='word_1_271' title='bbox 688 2845 741 2909; x_wconf 81' lang='grc' dir='ltr'><em>ἐξ</em></span> <span class='ocrx_word' id='word_1_272' title='bbox 773 2845 1062 2909; x_wconf 81' lang='grc' dir='ltr'><em>ἐπιπνοίας</em></span> <span class='ocrx_word' id='word_1_273' title='bbox 1092 2846 1203 2901; x_wconf 75' lang='grc' dir='ltr'><em>τῶν</em></span> <span class='ocrx_word' id='word_1_274' title='bbox 1235 2847 1506 2916; x_wconf 34' lang='grc' dir='ltr'><em>τΜουσῶν,</em></span> <span class='ocrx_word' id='word_1_275' title='bbox 1540 2839 1575 2914; x_wconf 80' lang='grc' dir='ltr'><em>ἢ</em></span> <span class='ocrx_word' id='word_1_276' title='bbox 1608 2856 1784 2900; x_wconf 90' lang='grc' dir='ltr'><em>κινεῖν</em></span> 
     </span>
    </p>
   </div>
  </div>
 </body>
</html>
