2014 3146
219 121 283 173 10
890 121 1139 163 EUSEBII

213 261 398 313 μενοι,
439 235 557 294 ἀλλ’
594 235 868 311 ὀρθότητά
898 261 1022 294 τινα
1051 239 1163 294 τῶν
1192 235 1480 310 ὀνομάτων
1511 238 1820 308 πεφυκέναι

214 324 306 380 καὶ
329 320 555 395 ’Ἐλλησι
585 324 677 379 καὶ
708 318 1008 395 βαρβάροις
1038 320 1140 393 τὴν
1172 318 1346 394 αὐτὴν
1376 318 1604 378 ἅπασι.”

341 411 389 463 3.
424 409 534 464 Καὶ
565 405 777 480 προϊών
809 408 930 478 ἑξῆς
960 423 1134 478 φησιν
1173 478 1185 485 ι

166 514 191 547 b
335 488 365 510 “
380 489 602 549 Οὐκοῦν
632 489 806 557 οὕτως
837 486 1088 558 ἀξιώσεις
1129 491 1220 547 καὶ
1258 488 1694 563 τὸν“νομοθέτην
1724 487 1821 547 τόν

213 599 271 633 τε
304 573 510 632 ἐνθάδε
541 576 633 631 καὶ
663 572 761 632 τὸν
792 577 852 632 ἐν
881 588 994 640 τοῖς
1031 573 1362 648 βαρβάροις,
1406 578 1508 640 ἕως
1538 571 1609 631 ἂν
1639 577 1730 631 καὶ
1759 573 1820 631 τὸ
1844 599 1863 631 5

212 663 310 717 τοῦ
349 657 615 732 ὀνόματος
656 659 802 725 εἶδος
831 658 1086 735 ἀποδιδῷ
1113 658 1174 716 τὸ
1205 662 1486 732 προσῆκον
1518 657 1729 735 ἑκάστῳ
1763 661 1823 715 ἐν

213 742 540 801 ὁποιαισοῦν
569 750 906 816 συλλαβαῖς,
941 740 1110 801 οὐδὲν
1139 749 1306 817 χείρω
1337 745 1647 817 νομοθέτην
1679 742 1822 800 εἶναι

103 849 196 893 [303]
213 827 309 886 τὸν
341 826 548 885 ἐνθάδε
577 823 612 900 ἢ
641 827 738 885 τὸν
767 823 1014 885 ὁπουοῦν
1044 824 1300 886 ἅλλοθι.”

339 916 388 969 4.
434 909 569 970 Εἶθ’
615 914 738 984 ἑξῆς
790 910 959 969 πάλιν
1001 911 1098 969 τὸν
1138 911 1473 986 ἐπιστήμονα
1513 917 1609 984 τῆς
1651 909 1824 984 ὀρθό-

211 1019 370 1069 τητος
420 999 532 1054 τῶν
583 992 872 1070 ὀνομάτων
925 996 1270 1054 διαλεκτικὸν
1315 996 1459 1054 εἶναι
1502 994 1685 1069 φήσας
1729 996 1819 1052 καὶ
1846 1019 1887 1051 10

212 1081 524 1154 νομοθέτην
554 1077 699 1138 οὕτω
731 1083 877 1153 λέγει

333 1162 641 1231 “Τέκτονος
679 1166 783 1238 μὲν
821 1162 929 1238 ἄρα
969 1169 1132 1237 ἔργον
1172 1167 1322 1222 ἐστὶν
1361 1164 1419 1222 τὸ
1460 1170 1686 1237 ποιῆσαι
1716 1186 1825 1236 πη-

215 1247 408 1306 δάλιον
450 1253 869 1314 ἐπιστατοῦντος
909 1249 1283 1322 κυβερνήτου,
1337 1255 1387 1307 εἰ
1427 1253 1613 1322 μέλλει
1652 1247 1824 1306 καλὸν

214 1332 356 1390 εἶναι
386 1332 446 1389 τὸ
478 1333 763 1406 πηδάλιον.

342 1423 620 1475 Φαίνεται.
1845 1439 1885 1472 15

340 1507 387 1558 ὦ.
422 1503 754 1574 Νομοθέτου
786 1503 852 1558 δέ
877 1525 967 1574 γε,
1009 1499 1083 1567 ὡς
1114 1507 1320 1573 ἔοικεν,
1362 1498 1563 1574 ὄνομα,
1597 1499 1823 1559 ἐπιστά-

173 1614 190 1637 c
212 1608 313 1657 την
367 1590 582 1658 ἔχοντος
638 1583 982 1643 διαλεκτικὸν
1033 1584 1243 1659 ἄνδρα,
1305 1591 1355 1643 εἰ
1403 1588 1590 1658 μέλλοι
1643 1590 1821 1653 καλῶς

211 1667 386 1741 ὄνομα
414 1667 771 1742 τεθήσεσθαι.

322 1751 476 1811 ’Ἐστι
505 1758 691 1811 ταῦτα.

341 1837 679 1896 Κινδυνεύει
709 1835 834 1909 ἄρα,
868 1830 910 1895 ὦ
935 1835 1274 1911 Ἑρμόγενες,
1309 1838 1450 1895 εἶναι
1483 1835 1550 1896 οὐ
1580 1841 1819 1911 φαῦλον,
1844 1860 1885 1893 20

215 1919 287 1987 ὦς
318 1920 387 1979 σύ
418 1930 549 1993 οἰέι,
583 1918 615 1994 ἡ
646 1926 744 1979 τοῦ
777 1919 1043 1995 ὀνόματος
1073 1925 1258 1995 θέσις,
1291 1921 1425 1981 οὐδὲ
1457 1921 1690 1995 φαύλων
1721 1919 1822 1979 άν-

215 2008 392 2078 δρῶν,
435 2002 567 2063 οὐδὲ
603 2012 717 2062 τῶν
749 2005 1134 2080 ἐπιτυχόντων.
1198 2009 1290 2064 καὶ
1320 2005 1607 2080 Κρατύλος
1638 2003 1820 2080 άληθῆ

213 2091 385 2162 λέγει,
426 2091 604 2162 λέγων
634 2088 802 2163 φύσει
832 2091 896 2147 τὰ
926 2088 1167 2163 ὀνόματα
1201 2090 1343 2148 εἶναι
1374 2106 1487 2158 τοῖς
1518 2090 1820 2164 πράγμασι,

211 2176 303 2231 καὶ
334 2172 399 2232 οὐ
425 2172 603 2231 πάντα
627 2172 967 2248 δημιουργὸν
989 2173 1276 2246 ὀνομάτων
1301 2173 1463 2246 εἶναι,
1488 2172 1626 2232 άλλά
1649 2174 1822 2247 μόνον

215 2261 430 2314 ἐκεῖνον
469 2256 565 2315 τὸν
603 2257 990 2330 ἀποβλέποντα
1031 2265 1107 2326 εἰς
1147 2257 1206 2316 τὸ
1247 2262 1313 2333 τῇ
1354 2257 1521 2330 φύσει
1552 2256 1726 2331 ὄνομα
1755 2255 1820 2315 ὂν
1843 2279 1883 2311 25

217 2340 456 2416 ἑκάστω,
502 2344 594 2397 καὶ
637 2341 955 2414 δυνάμενον
994 2342 1168 2400 αὐτοῦ
1207 2341 1266 2400 τὸ
1307 2343 1452 2408 εἶδος
1491 2345 1710 2400 τιθέναι
1743 2348 1820 2408 εἰς

213 2423 279 2481 τά
309 2449 366 2481 τε
396 2423 685 2497 γράμματα
716 2427 808 2481 καὶ
838 2450 932 2491 τας
963 2423 1303 2499 συλλαβάς.”

171 2528 194 2561 d
344 2513 391 2564 6.
435 2513 691 2566 Τοσαῦτα
731 2508 904 2565 είπων
941 2533 1075 2581 μετα
1117 2517 1345 2566 πλεῖστα
1385 2508 1686 2582 βαρβάρων
1717 2500 1820 2566 αῦ-

213 2602 306 2658 θις
358 2589 623 2664 ἀναφέρει
673 2589 775 2663 τὴν
825 2591 1075 2665 μνήμην,
1135 2615 1366 2649 καπειτα
1427 2599 1504 2658 εἰς
1549 2590 1818 2665 Ελληνας

213 2675 361 2747 παρὰ
391 2674 692 2749 βαρβάρων
721 2673 878 2748 η’κειν
906 2676 972 2733 τὰ
1002 2675 1176 2732 πολλα
1207 2701 1317 2733 των
1347 2675 1633 2749 ὀνομάτων
1661 2682 1819 2749 διαρ-
1840 2698 1880 2730 30

214 2757 394 2833 ρήδην
423 2757 695 2831 ὁμολογεῖ,
727 2758 959 2832 φάσκων
990 2759 1175 2826 αὐτοῖς
1207 2759 1446 2832 ῥήμασιν

344 2848 371 2898 7
416 2840 662 2900 “Ἐννοῶ
690 2842 773 2900 ὅτι
797 2842 971 2901 πολλοὶ
995 2842 1322 2916 οῖ”Ἐλληνες
1348 2841 1607 2917 ὀνόματα,
1639 2841 1816 2910 ἄλλως
