2014 3146
555 143 770 187 PRAEP.
806 143 1026 186 EVANG.
1058 144 1178 185 XIV.
1213 146 1251 186 9.
1286 144 1351 185 10.
1653 143 1755 195 281

270 255 399 326 “Ὡς
449 257 516 316 τοὶ
566 259 668 332 μὲν
706 262 819 316 τῶν
861 262 1091 317 ἐννοιῶν
1131 261 1223 316 καὶ
1274 258 1475 332 τάτῆς
1517 264 1759 333 ἱστορίας

149 342 567 417 ἀναμφιλέκτως
600 349 893 416 συνίστησι
923 342 1025 415 τὴν
1056 343 1240 417 ψυχὴν
1273 344 1415 401 εἶναι
1446 342 1756 402 ἀθάνατον·

58 499 61 502 ψ
150 434 208 486 oc
234 429 296 486 δὲ
327 434 405 494 εἰς
436 425 720 495 ἀπόδειξιν
743 427 892 502 παρὰ
914 431 1026 485 τῶν
1048 427 1372 502 φιλοσόφων
1403 431 1759 502 κομισθέντες
1779 451 1873 494 [4331

152 511 303 586 λόγοι
336 515 596 570 δοκοῦσιν
628 513 770 570 εἶναι
802 510 1225 585 εύανοὲτρεπτοι,
1258 510 1349 570 διὰ
1373 512 1475 586 τὴν
1500 518 1558 571 ἐν
1590 518 1761 571 πᾶσιν

108 621 128 653 5
154 593 536 668 εὑρεσιλογίαν
574 601 687 654 τῶν
735 599 1039 668 ἐριστικῶν.
1102 604 1184 663 τίς
1223 595 1326 670 γὰρ
1368 597 1526 670 λόγος
1556 601 1668 654 τῶν
1700 602 1760 655 ἐν

152 690 455 757 φιλοσοφίᾳ
480 678 581 738 ούκ
604 679 1082 754 ἀμφισβητήσιμος
1098 695 1211 748 τοῖς
1239 681 1634 753 ἕτεροδόξοις,
1616 681 1758 739 όπου
1788 705 1810 736 <1

153 768 243 822 καὶ
267 767 392 839 περὶ
416 769 527 823 τῶν
552 765 868 822 δοκούντων
894 769 1145 836 ἐναργῶν
1170 768 1383 838 ἐπέχειν
1401 765 1587 823 αὐτῶν
1615 786 1761 823 τισιν

157 847 402 920 ἐδόκει;”

278 938 326 991 4.
362 935 472 990 Καὶ
516 936 576 991 ἐν
606 929 687 998 οἷς
722 933 781 989 δε
814 934 1090 1006 ἐπέγραψε
1113 929 1296 1005 “Περὶ
1338 936 1432 1006 τῆς
1467 936 1525 990 ἐκ
1557 940 1764 1006 λογίων

90 1042 128 1073 10
154 1014 522 1092 φιλοσοφίας”
573 1015 882 1091 διαρρήδην
912 1013 1167 1090 ὁμολογεῖ
1208 1016 1336 1085 τούς
1361 1017 1631 1090 Έλληνας
1662 1041 1763 1075 πε-

153 1107 504 1174 πλανῆσθαι,
549 1100 1050 1175 ἐπιμαρτυρόμενος
1090 1100 1187 1158 τὸν
1231 1105 1430 1160 ἑαυτοῦ
1469 1102 1636 1174 θεὸν,
1691 1102 1764 1169 ὡς

152 1189 312 1243 ’τοῦτο
352 1187 444 1243 καὶ
484 1189 582 1243 τοῦ
617 1183 958 1252 ’Λπόλλωνος
1003 1183 1094 1242 διὰ
1134 1193 1395 1287 χρησμῶν
1436 1186 1764 1257 ἐξειπόντος,

154 1270 244 1328 καὶ
277 1269 577 1377 βαρβαροις
601 1273 810 1371 μᾶλλον
834 1295 866 1342 η
877 1269 1103 1343 Ἐλλησι
1133 1270 1233 1343 τὴν
1266 1268 1485 1343 εύρεσιν
1508 1295 1602 1344 της
1633 1270 1816 1343 ἀληθ·

153 1362 314 1421 θείας
347 1353 919 1429 ἐπιμαρτυρήσαντος,
961 1357 1051 1411 καὶ
1096 1353 1164 1427 δὴ
1206 1358 1296 1412 καὶ
1321 1352 1593 1428 Εβραίων
1623 1380 1763 1454 μνη-

91 1462 131 1495 15
154 1437 552 1513 μονεύσαντος
560 1444 620 1497 ἐν
648 1454 761 1506 τοῖς
792 1449 1213 1512 μαρτυρηθεισι.
1259 1445 1306 1498 5
1340 1463 1475 1512 μετα
1499 1444 1639 1512 γοῦν
1662 1438 1766 1512 τὴν

154 1527 252 1581 τοῦ
291 1526 556 1624 χρησμοῦ
582 1522 896 1599 παράθεσιν
940 1526 1061 1596 ἑξῆς
1101 1523 1314 1591 τούτοις
1354 1526 1610 1597 κέχρηται
1650 1538 1763 1592 τοῖς

157 1606 430 1680 ἐπιλόγοις
911 1661 914 1665 ,

275 1689 578 1764 “Ἀκήκοας
610 1689 777 1759 πόσος
808 1689 1006 1764 πόνος,
1042 1689 1114 1748 ι”ν
1150 1691 1290 1766 ὑπερ
1316 1691 1564 1765 στόματός
1587 1717 1668 1759 τις
1698 1691 1765 1751 τὰ

156 1774 436 1858 καθάρσια
479 1775 662 1850 θύσῃ,
716 1774 816 1850 οὐχ
858 1773 941 1833 ὅτι
981 1779 1078 1846 τῆς
1119 1780 1298 1850 ψυχης
1342 1775 1444 1848 τὴν
1484 1782 1913 1850 σωτηρίαν(τ42)’

91 1884 132 1916 20
158 1859 379 1935 ἐξεύρῃ;
422 1855 748 1934 χαλκόδετος
787 1884 892 1933 γαρ
932 1859 966 1932 ἡ
1006 1859 1141 1930 πρὸς
1172 1861 1340 1928 θεοὺς
1381 1858 1509 1929 ὁδὸς
1541 1860 1764 1934 αἰπεινή

154 1968 213 2002 τε
254 1947 347 2002 καὶ
390 1958 643 2018 τραχεια,
686 1968 750 2017 ης
786 1944 990 2011 πολλας
1030 1943 1308 2019 ἀτραποὺς
1349 1944 1623 2021 βαρβαροι
1662 1971 1764 2019 μεν

158 2032 409 2102 ἐξεῦρον,
426 2026 688 2101 Έλληνες
722 2029 783 2087 δε
815 2027 1328 2102 ἐπλανήθησαν,οί
1351 2031 1412 2087 δε
1435 2034 1779 2129 κρατοῦντες

155 2110 263 2186 ἤδη
282 2115 372 2170 καὶ
390 2116 743 2186 διέφθειραν·
775 2111 876 2186 τὴν
901 2114 962 2170 δε
987 2110 1206 2187 εὕρεσιν
1231 2111 1605 2186 Αἰγυπτίοις
1584 2139 1608 2171 ο
1633 2114 1766 2180 θεὸς

160 2195 504 2270 ἐμαρτύρησε
537 2200 759 2264 Φοίνιξί
782 2220 841 2253 τε
871 2199 964 2254 καὶ
994 2203 1294 2264 Χαλδαίοις
1325 2196 1628 2271 (Ἀσσύριοι
1657 2222 1765 2270 γαρ

93 2303 134 2335 25
158 2273 334 2353 ουτοι)
367 2285 576 2346 Λυδοῖς
606 2303 666 2336 τε
695 2282 788 2338 καὶ
813 2277 1140 2353 Εβραίοις.”

286 2370 332 2422 6.
375 2367 558 2423 Ταυτα
588 2363 616 2420 ὁ
648 2362 978 2437 φιλόσοφος,
1020 2368 1229 2438 μᾶλλον
1260 2365 1322 2422 δε
1352 2361 1380 2422 6
1412 2362 1604 2423 αὐτοῦ·
1613 2364 1762 2432 θεός.
1810 2412 1813 2416 .

158 2442 247 2520 ἆρ’
294 2472 398 2506 ουν
437 2446 589 2516 ἄξιον
630 2447 764 2521 μετὰ
803 2446 975 2506 ταῦθ’
1022 2445 1157 2523 ἡμῖν
1197 2442 1651 2523 ἐπιμέμψασθαι,ι
1682 2446 1766 2506 ὅτι

161 2531 229 2604 δὴ
271 2532 397 2598 τοὺς
438 2535 892 2605 πεπλανημένους
918 2529 1187 2606 ’Έλληνας
1231 2540 1658 2601 καταλείψαντες
1699 2531 1766 2590 τὰ

152 2613 424 2691 Ἑβραίων
458 2614 740 2689 εἱλόμεθα,
771 2623 883 2674 τῶν
916 2616 998 2675 ἐπ’
1035 2615 1302 2691 ἀληθείας
1332 2617 1635 2690 καταλήψει
1666 2641 1765 2691 με-

95 2723 137 2756 30
160 2704 625 2774 μαρτυρημένων;
661 2706 704 2758 7.
738 2709 792 2758 τί
823 2702 884 2758 δὲ
914 2699 1016 2776 χρὴ
1047 2700 1195 2776 παρὰ
1224 2700 1549 2775 φιλοσόφων
1579 2700 1760 2775 μαθή-
1790 2724 1815 2756 b

162 2795 362 2842 σεσθαι
393 2787 737 2859 προσδοκᾶν;
778 2781 811 2857 ἢ
842 2793 973 2843 ποία
1005 2789 1156 2854 ἐλπὶς
1186 2790 1280 2859 τῆς
1314 2789 1366 2854 ἐξ
1398 2783 1583 2843 αὐτῶν
1613 2785 1764 2857 ὠφε-

161 2875 338 2943 λείας,
373 2875 423 2926 εί
452 2869 520 2942 δὴ
551 2868 614 2926 τὰ
646 2867 914 2942 λεγόμενα
953 2867 1085 2945 παρ’
1120 2872 1308 2937 αὐτοῖς
1350 2874 1410 2927 ἐκ
1440 2871 1766 2943 στοχασμῶν
