2014 3146
612 102 824 144 PRAEP.
855 101 1075 144 EVANG.
1107 102 1210 145 ΧΠ.
1245 104 1312 145 52.
1659 100 1760 153 159

152 219 256 293 μὲν
285 216 515 292 ἄμεινον
545 216 840 291 γινόμενον
868 209 1009 290 ἦθος
1035 223 1112 283 είς
1136 223 1334 289 βελτίω
1358 216 1546 290 τόπον,
1571 230 1762 292 χεῖρον

155 304 216 360 δὲ
249 309 328 369 εἰς
357 303 453 360 τὸν
483 308 736 375 χείρονα,
781 307 874 359 ἵνα
917 300 978 359 τὸ
1010 303 1221 374 πρέπον
1252 305 1481 359 ἕκαστον
1510 305 1605 375 τῆς
1635 308 1760 376 μοί-

151 411 250 460 ρας
281 384 544 460 λανχάνῃ

275 475 359 529 24
407 475 499 543 Πῆ
531 471 733 543 λέγεις;

107 583 128 615 5
269 557 463 626 Ηιπερ
505 552 574 612 ἂν
615 561 724 628 ἔχοι
766 552 932 627 λόγον
977 553 1231 630 ῥᾳστώνη
1265 557 1572 627 ἐπιμελείας
1603 565 1757 622 θεοῖς

148 643 261 697 τῶν
302 638 558 711 πάντων,
599 636 770 712 ταύτῃ
812 662 904 712 μοι
946 642 1093 696 δοκῶ
1123 637 1364 711 φράζειν.
1443 644 1493 694 εἰ
1519 639 1622 711 μὲν
1652 664 1756 713 γαρ

149 725 284 797 πρὸς
307 721 366 781 τὸ
391 721 523 780 ὅλον
545 722 630 780 ἀεὶ
655 726 877 794 βλέπων
910 721 1135 779 πλάττοι
1167 746 1247 788 τις
1277 729 1757 795 μετασχηματίζων
1788 755 1807 776 e

147 806 214 864 τά
244 807 443 879 πάντα,
474 803 594 864 οἷον
625 811 685 864 ἐκ
715 807 888 880 πυρὸς
917 805 1072 879 ὕδωρ
1105 812 1370 879 ἔμψυχον,
1402 809 1495 862 καὶ
1525 808 1596 880 μὴ
1628 806 1756 881 ξύμ-

148 900 324 950 πολλα
356 895 409 959 ἐξ
440 890 591 963 ἑνὸς,
635 887 669 963 ἢ
703 893 760 947 ἐκ
791 893 1012 948 πολλῶν
1053 895 1140 962 ἓν,
1182 888 1400 964 πρώτης
1430 887 1463 962 ἢ
1497 893 1759 965 δευτέρας

85 973 182 1049 1οῆ
213 979 303 1033 καὶ
335 981 521 1050 τρίτης
551 977 817 1048 γενέσεως
847 974 1232 1048 μετειληφότα,
1264 974 1542 1047 πλήθεσιν
1565 973 1752 1050 ἄπειρ’

148 1055 219 1118 ἂν
261 1070 344 1133 εἴη
384 1062 478 1132 τῆς
519 1062 949 1134 μετατιθεμένης
990 1058 1324 1166 κοσμήσεως.
1400 1062 1508 1116 νῦν
1556 1057 1608 1117 δ’
1645 1063 1759 1118 ἐστὶ

148 1144 443 1218 θαυμαστὴ
476 1142 730 1220 ραστεόνη
761 1168 836 1200 τω
867 1148 964 1201 τοῦ
995 1143 1199 1212 παντὸς
1233 1147 1660 1222 ἐπιμελουμένῳ.

274 1234 358 1286 25.
405 1231 537 1294 Παῖς
570 1230 641 1285 αὐ
673 1230 878 1300 λέγεις;

266 1305 414 1410 ἴξῼδε
465 1310 653 1385 ἐπειδὴ
685 1311 990 1370 κατεῖδεν
962 1336 1118 1384 ημων
1142 1310 1170 1368 6
1196 1313 1454 1384 βασιλεὺς
1481 1311 1757 1386 ἐμψύχους

85 1422 125 1454 15
147 1395 316 1464 οὔσας
356 1421 451 1464 τας
491 1396 713 1470 πράξεις
752 1395 967 1463 ἁπάσας
1020 1398 1112 1453 καὶ
1163 1396 1374 1469 πολλὴν
1414 1421 1516 1469 μεν
1555 1396 1757 1471 ἀρετὴν

149 1484 208 1538 έν
240 1479 432 1549 αὐταῖς
463 1482 664 1553 οὖσαν,
705 1479 917 1553 πολλὴν
961 1481 1019 1538 δε
1059 1487 1286 1553 κακίαν,
1328 1477 1655 1555 ἀνώλεθρον
1697 1483 1756 1539 δε

146 1562 212 1623 ὂν
242 1565 569 1639 γενόμενον,
611 1562 735 1622 ἀλλ’
784 1562 887 1622 οὐκ
917 1563 1175 1638 αἰώνιον,
1219 1563 1405 1638 ψυχὴν
1445 1569 1536 1622 καὶ
1578 1570 1752 1639 σῶμα,
1781 1585 1803 1618 d

147 1649 403 1724 καθάπερ
435 1655 492 1706 οι
518 1674 654 1706 κατα
683 1647 855 1722 νόμον
885 1647 1039 1716 ὄντες
1069 1655 1220 1706 θεοί·
1254 1645 1493 1728 (γένεσις
1523 1651 1627 1723 γὰρ
1652 1649 1756 1708 οὐκ

146 1732 216 1791 ἄν
246 1756 378 1791 ποτε
416 1727 486 1807 ἦν
531 1732 684 1811 ζςόων
714 1730 1059 1806 ἀπολομένου
1088 1731 1307 1791 τούτοιν
1335 1735 1578 1808 θατέρου
1594 1735 1630 1808 )
1664 1737 1753 1791 καὶ

82 1844 124 1876 20
146 1815 207 1875 τὸ
248 1842 351 1891 μεν
390 1815 628 1891 ωφελεῖν
669 1815 755 1874 άεὶ
795 1815 1042 1891 πεφυκὸς
1072 1814 1138 1875 ὃν
1176 1816 1394 1890 ἀγαθὸν
1434 1822 1614 1892 ψυχῆς
1646 1825 1755 1876 διε-

147 1900 357 1975 νοήθη,
399 1901 457 1959 τὸ
500 1903 562 1960 δὲ
603 1901 773 1959 κακὸν
830 1901 1120 1974 βλάπτειν·
1177 1901 1568 1960 ταῦτα’πάντα
1608 1906 1755 1971 ξυνι-

149 1986 264 2043 δών
306 1986 686 2060 ἐμηχανήσατο
739 1990 847 2044 ποῦ
878 1992 1135 2059 κείμενον
1166 1989 1398 2044 ἕκαστον
1427 1990 1538 2044 τῶν
1569 1991 1755 2061 μερῶν

146 2089 391 2128 νικωσαν
421 2068 653 2144 ἀρετὴν,
693 2066 1013 2144 ἡττωμένην
1056 2071 1118 2127 δε
1161 2078 1361 2128 κακίαν
1394 2074 1454 2127 ἐν
1483 2075 1560 2147 τῷ
1589 2073 1755 2128 παντὶ

147 2157 375 2228 παρέχοι
404 2151 623 2228 μάλιστ’
647 2151 717 2212 ἂν
742 2157 833 2211 καὶ
864 2159 1037 2230 ρᾷστα
1067 2157 1158 2211 καὶ
1190 2153 1398 2226 άριστα
1468 2159 1553 2211 26.
1580 2178 1754 2228 μεμη-

83 2262 124 2294 25
148 2237 378 2311 χάνηται
419 2237 487 2309 δὴ
528 2238 663 2310 πρὸς
703 2261 815 2295 παν
853 2242 1013 2295 τοῦτο
1051 2237 1112 2295 τὸ
1154 2237 1315 2295 ποῖόν
1344 2262 1396 2295 τι
1425 2237 1754 2311 γιγνόμενον

147 2320 235 2378 ἀεὶ
288 2328 453 2378 ποίαν
495 2325 666 2394 ἕδραν
709 2327 798 2378 δεῖ
840 2320 1264 2427 μεταλαμβάνον
1306 2328 1609 2391 οἰκίζεσθαι
1661 2325 1754 2379 καὶ

146 2411 299 2471 τίνας
329 2406 458 2462 ποτε
488 2404 711 2472 τόπους
757 2408 852 2477 τῆς
885 2406 946 2462 δε
976 2407 1243 2478 γενέσεως
1282 2430 1380 2463 του
1413 2413 1577 2465 ποίου
1606 2407 1753 2472 τινὸς

146 2488 328 2561 ἀφῆκε
368 2504 485 2589 ταῖς
529 2487 865 2560 βουλήσεσιν
916 2488 1160 2547 ἑκάστων
1201 2487 1359 2564 ἡμων
1411 2516 1506 2558 τας
1559 2497 1750 2556 αἰτίας.

145 2570 252 2673 όπη
293 2572 396 2647 γὰρ
438 2569 508 2629 ἂν
552 2576 798 2647 ἐπιθυμῇ
838 2576 929 2630 καὶ
969 2573 1155 2641 ὁποιός
1197 2599 1276 2641 τις
1309 2600 1387 2633 ων
1415 2573 1517 2647 τὴν
1546 2573 1750 2675 ψυχὴν,

80 2682 122 2715 30
145 2657 319 2731 ταύτῃ
362 2655 560 2730 σχεδὸν
599 2655 855 2714 ἑκάστοτε
899 2660 991 2714 καὶ
1030 2663 1274 2727 τοιοῦτος
1325 2665 1572 2732 γίγνεται
1610 2657 1865 2730 ἅπας(635)

145 2736 302 2814 ἡμῶν
331 2737 403 2808 ὥς
433 2742 492 2799 τὸ
522 2740 681 2799 πολύ.

281 2825 353 2883 Τὸ
383 2830 521 2898 γοῦν
547 2824 706 2892 εἰκός.
