2014 3146
266 119 373 171 404
943 118 1194 161 EUSEBII

388 240 436 292 2.
488 238 560 292 Οἱ
590 236 650 291 δὲ
682 236 952 307 Στωϊκοὶ,
1003 240 1081 301 εἰς
1121 230 1152 291 ὃ
1181 235 1272 291 καὶ
1303 237 1372 308 τῇ
1404 232 1710 309 ἐκπυρώσει
1740 231 1871 292 άνα-

262 319 479 391 λύεται,
511 317 757 393 ἄπειρον.

387 407 435 460 3.
485 402 864 470 Ποσειδώνιος
899 399 1005 461 οὐκ
1043 401 1302 477 ἄπειρον,
1343 401 1465 460 ἀλλ’
1501 400 1635 460 ὅσον
1665 400 1868 475 αὔταρ-

264 511 354 554 κες
387 494 464 554 εἰς
494 486 596 560 τὴν
630 487 914 560 διάλυσιν,
951 487 1032 561 [ἐν
1061 491 1136 563 τῷ
1168 487 1368 564 πρώτῳ
1399 488 1527 562 περὶ
1559 486 1761 560 κενοῦ]

389 576 438 629 4.
488 571 747 646 Πλάτων,
774 569 1167 645 Ἀριστοτέλης,
1199 570 1321 645 μήτ’
1362 571 1512 638 ἐκτὸς
1542 573 1642 629 τοῦ
1665 570 1873 645 κόσμου
1918 588 1937 619 5

268 655 526 715 διάκενον
558 657 700 714 εἶναι
740 653 870 730 μήτ’
906 653 1113 724 έντός.”

160 791 246 832 (815)
265 780 384 829 XLI.
457 767 644 827 “Tc'voc
676 768 826 837 δεξιὰ
856 772 958 826 τοῦ
987 767 1196 842 κόσμου
1228 770 1318 825 καὶ
1349 773 1474 825 τίνα
1505 765 1780 842 ἀριστερά.

394 880 758 955 Πυθαγόρας,
791 880 1050 953 Πλάτων,
1075 880 1451 955 Ἀριστοτέλης
1479 879 1628 949 δεξιὰ
1653 883 1752 937 τοῦ
1783 879 1879 937 κό-

268 984 410 1039 σμου
449 963 515 1022 τοὶ
556 964 854 1023 ἀνατολικα
883 969 1050 1039 μέρη,
1092 964 1190 1038 ἀφ’
1239 989 1319 1023 ων
1348 961 1382 1038 ἡ
1423 963 1562 1038 ἀρχὴ
1592 967 1688 1037 τῆς
1719 963 1878 1036 κινή-

267 1068 435 1120 σεως,
482 1047 744 1125 ἆριστερα
778 1051 839 1107 δε
881 1048 947 1106 τὰ
979 1047 1190 1107 δυτικά.
1901 1066 1939 1096 10

395 1139 443 1190 2.
485 1132 886 1208 Ἐμπεδοκλῆς,
930 1132 1080 1202 δεξιά
1121 1158 1225 1207 μεν
1254 1132 1320 1190 τὰ
1351 1132 1488 1190 κατὰ
1517 1132 1614 1190 τὸν
1630 1131 1875 1235 θερινὸν

267 1217 559 1290 τροπικὸν,
592 1217 853 1292 ἀριστερὰ
885 1218 946 1275 δὲ
974 1217 1041 1275 τὰ
1071 1217 1210 1275 κατά
1239 1215 1336 1275 τὸν
1365 1215 1693 1291 χειμερινόν.

226 1348 244 1377 ”
270 1341 410 1391 XLII.
513 1326 694 1405 “Περὶ
725 1327 1000 1405 ούρανοῦ,
1033 1337 1115 1398 τίς
1144 1326 1178 1402 ἡ
1210 1328 1410 1387 τούτου
1441 1328 1622 1387 οὐσία

390 1440 741 1516 Ἀναξιμένης
791 1443 894 1515 τὴν
947 1440 1259 1517 περιφορὰν
1309 1445 1403 1515 τῆς
1455 1445 1666 1510 ἔξωθεν
1708 1440 1879 1514 ζώνης

275 1528 431 1586 εἶναι.
1902 1543 1941 1573 15

391 1616 439 1668 2.
483 1608 852 1685 Ἐμπεδοκλῆς
884 1613 1206 1684 στερέμνιον
1238 1611 1380 1668 εἶναι
1410 1610 1506 1667 τὸν
1529 1607 1791 1683 οὐρανὸν,
1825 1613 1878 1677 ἐξ

271 1695 430 1770 ἀέρος
472 1699 856 1770 συμπαγέντος
895 1693 1007 1752 ὑπὸ
1037 1701 1134 1752 τοῦ
1175 1692 1350 1770 πυρὸς
1382 1698 1876 1768 κρυσταλλοειδῶς,

269 1779 329 1837 τὸ
371 1785 628 1853 πυρῶδες
670 1782 762 1836 καὶ
803 1778 1047 1853 ἀερῶδες
1087 1782 1147 1836 ἐν
1188 1782 1428 1855 ἑκατέρῳ
1469 1781 1582 1835 τών
1611 1775 1879 1851 ἡμισφαι-

271 1872 409 1936 ρίων
439 1866 778 1937 περιέχοντα.

397 1953 445 2006 3.
487 1945 859 2021 Ἀριστοτέλης
901 1950 959 2004 ἐκ
989 1949 1238 2020 πέμπτου
1269 1946 1546 2020 σώματος,
1587 1942 1621 2018 ’ἢ
1655 1948 1713 2002 ἐκ
1742 1956 1880 2019 θερ-
1903 1964 1941 1994 ‘20

269 2035 377 2106 μοῦ
406 2035 498 2090 καὶ
528 2035 747 2106 ψυχροῦ
773 2028 1095 2106 μίγματος.”

229 2176 244 2196 e
270 2157 435 2206 XLIII.
633 2143 818 2218 “Περὶ
862 2142 1143 2218 δαιμόνων
1176 2146 1268 2201 καὶ
1297 2142 1512 2216 ἡρώων.

399 2260 828 2331 Παρακειμένως
869 2258 930 2314 δὲ
970 2259 1047 2333 τῷ
1085 2258 1211 2330 περὶ
1250 2259 1402 2313 θεῶν
1441 2253 1587 2333 λόγῳ
1617 2254 1715 2312 τὸν
1755 2256 1881 2328 περὶ

275 2340 557 2414 δαιμόνων
588 2344 679 2398 καὶ
709 2337 909 2415 ἡρώων
943 2342 1274 2415 ἱστορητέον.

401 2430 450 2481 2.
502 2429 711 2498 Θαλῆς,
765 2423 1136 2500 Πυθαγόρας,
1192 2423 1459 2497 Πλάτων,
1514 2428 1571 2482 οἱ
1619 2425 1944 2495 Στωϊκοὶ,25

276 2515 542 2582 δαίμονας
594 2508 864 2583 ὑπάρχειν
914 2508 1110 2576 οὐσίας
1165 2507 1427 2583 ψυχικάς·
1484 2507 1626 2567 εἶναι
1679 2508 1740 2564 δὲ
1788 2508 1879 2563 καὶ

275 2591 458 2667 ἥρωας
497 2591 593 2658 τὰς
632 2597 1035 2668 κεχωρισμένας
1075 2591 1252 2667 ψυχὰς
1292 2596 1405 2650 τών
1443 2591 1734 2666 σωμάτων’
1790 2593 1881 2647 καὶ

276 2675 525 2749 ἀγαθούς
554 2677 656 2749 μὲν
694 2677 788 2744 τὰς
820 2675 1065 2751 ἀγαθὰς,
1097 2676 1300 2744 κακοὺς
1334 2677 1395 2733 δὲ
1424 2675 1518 2743 τὰς
1548 2674 1781 2750 φαύλας.

392 2872 444 2910 22
478 2867 596 2924 Περὶ
622 2863 887 2923 δαιμόνων]
920 2870 1154 2912 Plutarch.
1187 2885 1231 2922 p.
1254 2870 1399 2910 8821).
