2014 3146
666 123 878 166 PRAEP.
909 123 1131 166 EVANG.
1162 125 1292 166 xm.
1324 128 1391 170 18.
1731 122 1834 176 237

346 235 559 306 “&sofig
593 240 652 296 δὲ
687 237 754 312 δὴ
784 237 910 307 τούς
932 237 1182 314 ὁρατούς,
1213 248 1506 313 μεγίστους
1529 243 1621 298 καὶ
1644 265 1837 314 τιμιω-

223 323 420 391 τάτους
462 325 554 381 καὶ
593 322 857 392 ὀξύτατον
895 320 1141 398 ὁρῶντας
1180 323 1385 398 πάντη,
1426 323 1553 392 τούς
1583 324 1835 399 πρώτους

224 407 326 483 τὴν
355 411 466 465 τῶν
495 406 715 484 ἄστρων
745 407 920 481 φύσιν
945 411 1183 483 λεκτέον,
1215 412 1307 466 καὶ
1336 408 1439 467 ὅσα
1460 410 1595 484 μετὰ
1623 409 1836 469 τούτων

226 491 618 567 αἰσθανόμεθα
673 492 966 566 γεγονότα,
1021 493 1155 567 μετὰ
1204 495 1266 551 δὲ
1317 495 1543 561 τούτους
1595 498 1685 551 καὶ
1723 493 1834 552 ὑπὸ

176 601 204 633 5
226 576 437 644 τούτοις
469 581 589 651 ἑξῆς
624 583 917 651 δαίμονας,
957 576 1146 653 ἀέριον
1178 580 1237 635 δὲ
1278 582 1464 651 γένος,
1508 586 1633 653 ἔχον
1665 582 1835 653 ἕδραν

223 669 416 738 τρίτην
446 665 538 719 καὶ
567 665 760 737 μέσην,
791 667 888 735 τῆς
911 665 1203 735 ἑρμηνείας
1227 673 1422 736 αἴτιον,
1456 660 1643 738 εὐχαῖς
1671 667 1836 737 τιμᾶν

224 747 371 822 μάλα
401 747 580 822 χρεών
610 746 772 821 χάριν
801 751 898 818 τῆς
930 744 1184 820 εὐφήμου
1216 746 1588 822 ὃιαπορείας.”
1858 769 1881 801 d

351 836 399 889 4.
434 830 547 890 Διά
576 829 786 887 τούτων
816 828 987 898 θεοὺς
1020 831 1193 888 εἰπε-ὸν
1225 831 1512 899 εἶναιτοὺς
1547 834 1837 904 δηλωθέν-

223 941 318 983 τας
360 919 488 989 περὶ
525 919 620 988 τῆς
660 914 879 988 πρώτης
910 913 1095 973 αὐτῶν
1126 915 1442 983 συστάσεως
1479 923 1835 990 φυσιολογῶν

156 1023 202 1055 10
228 1004 287 1060 ἐν
325 1008 535 1105 Τιμαίῳ
566 999 698 1057 τάδε
730 1003 1062 1073 διεξέρχεται

360 1081 441 1155 ’Ὅ
471 1110 522 1142 τι
553 1088 664 1158 πῦρ
695 1084 830 1158 πρὸς
861 1084 957 1143 τὸν
987 1082 1150 1159 ἀέρα,
1181 1088 1343 1142 τοῦτο
1367 1083 1472 1160 αὴρ
1493 1084 1628 1160 πρὸς
1658 1083 1832 1159 ὕδωρ,

224 1174 316 1229 καὶ
346 1169 376 1227 6
404 1195 456 1227 τι
486 1168 591 1244 ἀὴρ
634 1169 770 1243 πρὸς
799 1169 984 1242 ὕδωρ,
1024 1174 1185 1227 τοῦτο
1215 1166 1368 1243 ὕδωρ
1409 1168 1544 1242 πρὸς
1575 1194 1676 1242 την
1707 1173 1831 1243 γῆν,

223 1259 490 1328 ξυνέδησε
520 1257 613 1311 καὶ
636 1254 1006 1327 ξυνεστήσατο
1027 1253 1269 1329 οὐρανὸν
1288 1253 1492 1328 ὁρατὸν
1521 1258 1612 1311 καὶ
1642 1253 1831 1313 ἁπτόν.

223 1343 315 1398 καὶ
348 1339 440 1398 δια
469 1363 641 1396 ταυτα
673 1345 733 1396 ἔκ
763 1364 821 1396 τε
854 1339 920 1411 δὴ
951 1337 1161 1396 τούτων
1178 1363 1444 1397 τοιουτων
1464 1341 1557 1396 καὶ
1585 1339 1683 1397 τὸν
1711 1364 1836 1411 αρι-

157 1446 200 1477 15
223 1423 374 1499 θμόν
403 1422 678 1497 τεττάρων
708 1422 768 1480 τὸ
798 1427 896 1480 τοῦ
921 1423 1130 1497 κόσμου
1151 1428 1307 1497 σῶμα
1334 1423 1573 1498 ἐγενήθη
1599 1420 1675 1480 δι’
1702 1421 1833 1481 ἄνα·

223 1517 413 1583 λογίας
443 1505 808 1582 ὁμολογῆσαν,
840 1514 1035 1581 φιλίαν
1063 1533 1122 1566 τε
1154 1515 1312 1582 ἔσχεν
1347 1511 1405 1565 ἐκ
1433 1506 1663 1579 τούτων,
1698 1506 1829 1565 ὥστ’

226 1601 303 1662 εἰς
342 1592 544 1651 ταύτὸν
585 1591 737 1668 αὐτῷ
775 1593 1051 1660 ξυνελθὸν
1088 1591 1293 1650 ἄλυτον
1331 1591 1444 1650 ὑπὸ
1495 1597 1607 1650 τῶν
1648 1590 1834 1650 ἄλλων

222 1678 370 1752 πλὴν
398 1675 507 1736 ὑπὸ
538 1681 635 1736 τοῦ
664 1676 1038 1750 ξυνὸήσαντος
1067 1675 1385 1751 γενέσθαι.”

350 1768 399 1821 5.
434 1761 553 1823 Εἶτ’
594 1765 832 1835 ἐπιλέγει
1038 1836 1043 1840 .
1855 1777 1943 1819 (703)

156 1869 201 1900 20
343 1844 374 1868 “
389 1845 588 1922 Ψυχὴν
628 1845 680 1903 δ’
730 1853 806 1914 εἰς
847 1846 906 1904 τὸ
937 1848 1108 1920 μέσον
1138 1845 1309 1904 αὐτοῦ
1340 1849 1464 1914 θεὶς
1507 1846 1599 1904 διὰ
1630 1844 1834 1912 παντός

222 1953 281 1991 τε
313 1940 487 1991 ἔτεινε
528 1935 619 1989 καὶ
653 1937 733 1988 ἔτι
764 1935 978 2000 ἔξωθεν
1007 1930 1066 1989 τὸ
1100 1935 1255 2005 σῶμα
1277 1930 1419 2007 αὐτῇ
1438 1929 1828 2005 περιεκάλυψε,

224 2020 316 2075 καὶ
347 2016 532 2093 κύκλῳ
558 2014 626 2088 δὴ
647 2014 856 2074 κύκλον
876 2015 1253 2092 στρεφόμενον
1277 2014 1520 2090 οὐρανὸν
1543 2019 1641 2074 ἕνα
1661 2014 1835 2089 μόνον

225 2110 429 2178 ἔρημον
459 2099 810 2173 κατέστησε.”

352 2193 400 2244 6.
434 2187 544 2244 Καὶ
577 2184 745 2241 παλιν
774 2183 988 2256 υποβας
1022 2187 1270 2257 ἐπιφέρει
1300 2185 1478 2255 λέγων

161 2289 203 2322 25
347 2267 470 2339 “Ἐξ
501 2260 602 2327 οὖν
634 2267 800 2340 λόγου
831 2271 923 2324 καὶ
955 2273 1204 2334 διανοίας
1242 2271 1384 2326 θεοῦ
1413 2265 1668 2340 τοιαύτης
1698 2266 1834 2341 πρὸς

217 2354 428 2430 ,χρόνου
469 2356 717 2427 γένεσιν,
761 2357 853 2410 ίνα
891 2356 1107 2427 γενηθῇ
1147 2351 1369 2427 χρόνος,
1416 2349 1567 2425 ἥλιος
1610 2354 1702 2409 καὶ
1741 2369 1833 2409 σε-

226 2440 386 2514 λήνη,
419 2441 511 2497 καὶ
542 2438 707 2512 πέντε
737 2434 876 2493 ἄλλα
907 2437 1099 2511 ἄστρα,
1135 2440 1364 2510 ἐπίκλην
1396 2444 1591 2510 ἔχοντα
1621 2435 1834 2509 πλάνη-

224 2548 343 2597 τες,
377 2530 453 2591 είς
486 2519 772 2595 διορισμὸν
802 2523 893 2577 καὶ
924 2520 1183 2595 φυλακὴν
1222 2519 1480 2596 αριθμων
1510 2520 1711 2595 χρόνου
1742 2522 1835 2593 γέ-

226 2625 381 2682 γονε·
427 2607 651 2710 σώματα
677 2606 738 2662 δε
760 2602 945 2662 αὐτῶν
970 2607 1217 2664 εκαστων
1238 2605 1469 2679 ποιήσας
1490 2605 1518 2662 ὁ
1540 2603 1672 2671 θεὸς
1698 2612 1837 2706 εθηυ-

160 2710 204 2743 30
228 2718 325 2752 κεν
357 2700 433 2761 είς
463 2693 559 2760 τὰς
591 2712 922 2764 περιφορας,
964 2687 1027 2757 ἂς
1058 2687 1091 2764 ἡ
1131 2692 1373 2765 θατέρου
1403 2696 1659 2765 περίοδος
1689 2687 1790 2763 ᾔει.
1819 2685 1881 2733 'b

342 2883 394 2922 10
426 2874 476 2922 έν
503 2881 707 2935 Τιμαίῳ]
738 2896 782 2935 p.
806 2885 874 2924 32.
897 2885 964 2927 34.
989 2886 1056 2927 38.
