2020 3152
642 91 858 132 PRAEP.
887 90 1109 133 EVANG.
1139 92 1264 135 xm.
1299 93 1365 136 13.
1685 90 1790 143 205

181 212 266 264 28.
310 209 500 263 σιωπῶ
543 203 648 280 γάρ
690 204 998 279 Πλάτωνα,
1042 203 1077 263 ἃ
1116 205 1378 282 ἀντικρυς
1422 198 1581 274 οὗτος
1625 210 1684 265 ἐν
1721 210 1792 282 τῇ

183 287 584 365 πρὸςΈραστὸν
613 292 997 363 καὶΚορίσκον
1021 294 1278 366 ἐπιστολῇ
1302 297 1559 365 φαίνεται
1582 293 1790 366 πατέρα

185 377 276 433 καὶ
317 374 442 432 υἱὸν
483 373 586 432 οὐκ
626 373 738 431 οἶδ’
785 372 933 442 ὅπως
977 379 1036 432 ἐκ
1076 379 1187 433 τῶν
1208 375 1517 451 Ἑβραϊκῶν
1555 379 1790 451 γραφῶν

184 463 500 534 ἐμφαίνων,
532 457 1042 533 παρακελευόμενος
1073 460 1210 518 κατὰ
1240 462 1414 532 λέξιν,
1448 459 1792 534 ἐπομνύντας

138 569 161 601 5
183 548 404 618 σπουδῇ
416 567 476 600 τε
499 540 611 617 ἅμα
633 541 705 617 μὴ
729 542 954 620 ἀμούσῳ
973 546 1064 601 καὶ
1087 548 1155 619 τῇ
1183 547 1276 617 τῆς
1301 549 1548 618 σπουδῆς
1572 543 1790 619 ἀδελφῇ
1821 578 1839 601 e

183 634 408 704 παιδεία
450 626 547 686 τὸν
585 626 812 686 πάντων
851 628 990 685 θεὸν
1020 637 1227 701 αἴτιον,
1274 632 1366 686 καὶ
1395 634 1494 687 τοῦ
1525 628 1792 703 ἡγεμόνος

183 716 275 771 καὶ
306 719 487 770 αἰτίου
517 714 725 786 πατέρα
756 710 951 786 κύριον
977 709 1448 786 έπομνύντας,ὁ“ν
1481 711 1576 771 ἐὰν
1606 712 1792 788 ὀρθῶς

183 800 549 870 φιλοσοφῆτε,
597 806 832 854 εἴσ.εσθε
915 794 950 869 ἧ
998 820 1057 855 τε
1109 801 1169 855 ἐν
1230 803 1440 872 Τιμαίῳ
1486 802 1793 871 δημηγορία

183 882 391 956 πατέρα
414 883 564 954 λέγει
586 881 682 938 τὸν
707 879 1066 955 δημιουργὸν,
1098 883 1336 954 λέγουσα
1367 874 1480 939 ὦδέ
1507 904 1623 949 πως
1646 880 1793 939 θεοὶ

122 991 162 1022 ιο
184 970 357 1038 θεῶν,
390 966 470 1024 ὠν
496 965 600 1038 ἐγω
625 963 805 1040 πατὴρ
833 965 1167 1040 δημιουργός
1189 989 1249 1023 τε
1273 963 1489 1039 ἔργων’
1537 970 1619 1023 29.
1655 964 1795 1023 ὥστε

184 1052 276 1108 καὶ
311 1049 446 1108 ἐπὰν
479 1060 606 1124 εἴπῃ
631 1046 781 1125 περὶ
811 1047 908 1108 τὸν
938 1049 1165 1108 πάντων
1188 1054 1419 1123 βασιλέα
1451 1048 1629 1108 πάντα
1662 1053 1795 1123 ε’στὶ,

185 1134 446 1193 κάκείνου
478 1138 641 1193 ἕνεκα
671 1134 738 1191 τὰ
768 1132 968 1208 πάντα,
1002 1133 1225 1193 κάκεῖνο
1250 1145 1428 1193 αἴτιον
1450 1138 1564 1192 τῶν
1587 1138 1791 1208 καλῶν,

187 1219 451 1294 δεύτερον
505 1220 567 1276 δὲ
615 1221 742 1294 περὶ
791 1218 858 1276 τὰ
909 1218 1140 1294 δεύτερα
1189 1222 1280 1277 καὶ
1327 1227 1514 1295 τρίτον
1562 1221 1690 1294 περὶ
1731 1218 1797 1276 τὰ

185 1301 390 1379 τρίτα,’
425 1301 526 1361 οὐκ
556 1301 735 1371 άλλως
777 1309 950 1376 ἔγωγε
995 1302 1237 1372 ἐξακούω
1279 1300 1313 1376 ἢ
1354 1302 1460 1405 τῇν
1483 1300 1655 1377 ἆγίαν
1684 1327 1795 1378 τρι-

123 1413 164 1446 15
187 1388 295 1447 άδα
316 1386 648 1463 μηνύεσθαι.
692 1395 878 1463 τρίτον
898 1413 1001 1461 μεν
1012 1413 1141 1491 γαρ
1146 1388 1288 1447 εἶναι
1310 1387 1370 1445 τὸ
1385 1386 1545 1495 ἅγιον
1558 1391 1797 1487 πνεῦμα,
1823 1410 1846 1443 d

185 1472 283 1531 τὸν
322 1472 448 1531 υἱὸν
492 1474 552 1530 δε
593 1471 891 1547 δεύτερον,
948 1469 1029 1530 δι’
1072 1497 1138 1529 ου
1178 1471 1358 1530 πάντα
1408 1475 1622 1545 ἐγένετο
1662 1497 1799 1529 κατα

190 1557 460 1631 βούλησιν
489 1563 587 1614 τοῦ
618 1556 837 1632 πατρός,
911 1562 995 1614 30.
1030 1553 1059 1613 6
1102 1557 1164 1614 δε
1195 1555 1358 1624 αὐτὸς
1391 1560 1451 1615 ἐν
1480 1561 1555 1635 τῷ
1589 1555 1798 1634 δεκάτῳ

187 1646 282 1715 τῆς
313 1648 610 1708 Πολιτείας
635 1639 794 1743 Ἠρὸς
824 1645 923 1699 τοῦ
945 1634 1259 1716 Ἀρμενίου,
1291 1641 1351 1699 τὸ
1381 1643 1540 1713 γένος
1561 1639 1799 1715 Παμφύ·

189 1735 321 1800 λου,
366 1730 662 1800 μέμνηται,
702 1725 760 1793 ὅς
803 1730 915 1784 ἐστι
946 1724 1310 1801 Ζωρόαστρις.
1390 1724 1553 1793 αὐτὸς
1591 1730 1732 1799 γοῦν
1770 1724 1798 1782 6

125 1835 166 1867 20
190 1810 538 1886 Ζωρόαστρις
581 1809 782 1886 γράφει
814 1809 970 1867 ’τάδε
1023 1813 1341 1886 συνέγραψε
1382 1810 1731 1884 Ζωρόαστρις
1770 1806 1798 1866 6

185 1893 503 1971 Ἀρμενίου,
534 1895 595 1953 τὸ
625 1897 783 1968 γένος
815 1893 1157 1969 Πάμφυλος,
1204 1899 1264 1953 ἐν
1293 1897 1512 1972 πολέμῳ
1543 1892 1803 1966 τελευτή-

192 1998 321 2052 σας,
352 1979 455 2037 ὅσα
488 1977 726 2055 ἐν”Αιδῃ
757 1978 1054 2053 γενόμενος
1088 1978 1258 2052 ἐδάην
1288 1978 1437 2053 παρὰ
1459 1977 1641 2037 θεῶν’
1706 1978 1802 2035 τὸν

193 2064 262 2137 δὴ
303 2063 658 2139 Ζωρόαστριν
696 2068 894 2122 τοῦτον
931 2060 959 2121 6
1000 2063 1239 2121 Πλάτων
1288 2070 1663 2121 δωδεκαταϊον
1715 2064 1803 2119 ἐπὶ

193 2153 259 2222 τῇ
292 2152 443 2224 πυρᾷ
472 2154 729 2222 κείμενον
759 2147 1070 2219 ἀναβιῶναι
1101 2149 1263 2220 λέγει.
1308 2146 1445 2220 τάχα
1474 2147 1576 2220 μὲν
1606 2144 1672 2203 οὐ
1703 2144 1804 2218 τὴν
1823 2170 1915 2210 (676)

130 2254 173 2288 25
195 2230 529 2304 ἀνάστασιν,
560 2230 680 2289 ἀλλ’
720 2235 905 2289 ἐκεῖνα
936 2238 1275 2304 αἰνίσσεται,
1319 2227 1391 2298 ὣς
1434 2230 1526 2288 διὰ
1555 2234 1668 2287 τῶν
1699 2228 1804 2287 δώ-

198 2322 333 2374 δεκα
363 2320 577 2392 ζῳδίων
607 2314 640 2388 ἡ
671 2311 798 2383 ὁδὸς
822 2330 940 2382 ταῖς
959 2329 1161 2389 ψυχαῖς
1192 2322 1402 2388 γίνεται
1435 2321 1512 2381 εἰς
1535 2313 1638 2387 τὴν
1667 2311 1806 2372 ἀνά-

199 2408 397 2473 ληψιν,
430 2397 592 2466 αὐτὸς
625 2401 686 2456 δὲ
711 2402 802 2456 καὶ
834 2405 911 2466 εἰς
942 2398 1044 2473 τὴν
1075 2402 1295 2473 γένεσίν
1335 2418 1471 2474 φησι
1501 2397 1603 2472 τὴν
1633 2396 1806 2472 αὐτὴν

198 2491 460 2557 γίνεσθαι
503 2482 766 2541 κάθοδον.
837 2487 1009 2541 ταῦτα
1060 2481 1409 2557 ὑποληπτέον
1461 2486 1554 2541 καὶ
1604 2483 1670 2540 τὰ
1709 2487 1807 2540 τοῦ

194 2566 488 2643 εΗρακλέος
519 2560 667 2625 ἆθλα
698 2569 961 2641 λέγεσθαι
991 2574 1049 2641 ιβ
1061 2567 1092 2642 ’,
1134 2566 1263 2643 μεθ’
1298 2565 1333 2625 α’
1363 2571 1458 2642 τῆς
1489 2564 1806 2640 ἀπαλλαγῆς

317 2737 338 2775 1
375 2728 425 2776 ἔν
448 2733 503 2787 τῇ
525 2757 579 2762 -
602 2727 838 2788 ἐπιστολῇ]
873 2734 1021 2788 Epist,
1043 2737 1083 2778 2.
1117 2748 1159 2788 p.
1184 2737 1279 2776 323.

317 2793 342 2832 8
376 2784 425 2831 έν
452 2786 723 2856 Τιμαίῳ]ρ

291 2849 340 2888 17
375 2842 424 2888 ἐν
446 2860 506 2888 τω
531 2846 711 2902 δεκατῳ
733 2845 814 2900 τῆς
838 2845 1108 2900 Πολιτείας]
1143 2861 1188 2901 p.
1214 2847 1310 2889 614.
