2014 3146
599 91 813 144 PRAEP.
845 104 1066 147 EVANG.
1097 106 1194 147 xv.
1230 107 1409 148 11—13‚
1439 125 1443 127 -
1691 104 1794 156 367

187 215 457 293 ὁμολογεῖ.
519 223 567 276 2.
602 217 669 276 οὐ
701 218 805 294 γὰρ
838 219 980 277 εἶναι
1009 219 1113 292 τὴν
1154 219 1329 293 φύσιν
1360 220 1573 295 ψυχὴν,
1606 224 1697 278 καὶ
1731 219 1795 278 τά

186 306 314 376 περὶ
343 307 450 376 γῆν
478 299 588 361 ’ὑπὸ
618 305 721 377 μὲν
750 302 971 378 φύσεως
1003 310 1351 363 διοικεῖσθαι.
1407 305 1550 363 εἶναι
1572 304 1678 379 γάρ
1703 304 1792 379 ἐφ’

189 388 400 464 ἑκάστῳ
442 393 556 445 τῶν
595 388 932 462 πραγμάτων
971 387 1139 457 ἄλλας
1180 393 1271 447 καὶ
1302 390 1397 458 τὰς
1428 397 1621 458 αἰτίας.
1682 395 1795 448 τῶν

185 474 287 546 μὲν
315 473 420 547 γάρ
467 471 747 545 οὐρανίων
793 471 878 530 άεὶ
925 474 1061 531 κατὰ
1104 473 1170 531 τά
1215 473 1373 532 αὐτὰ
1401 478 1491 533 καὶ
1534 472 1838 542 &eaba-0912

142 580 163 613 5
188 556 428 630 ἐχόντων
459 563 642 615 αἰτίαν
681 557 784 630 τὴν
828 561 1166 634 εἱμαρμένην
1210 559 1538 632 ὑποτίθησι,
1581 563 1692 617 τῶν
1733 561 1794 618 δὲ

183 637 291 699 ὑπὸ
335 641 576 715 σελήνην
618 639 719 714 τὴν
748 640 952 715 φύσιν,
994 647 1107 700 τῶν
1151 644 1212 700 δὲ
1243 640 1622 719 ἀνθρωπίνων
1654 643 1794 718 φρό-

183 745 348 797 νησιν
377 728 470 784 καὶ
500 726 768 801 πρόνοιαν
799 729 890 783 καὶ
922 727 1130 800 ψυχήν·
1188 732 1247 784 τὸ
1278 727 1381 801 μὲν
1410 729 1701 802 γλαφυρὸν
1733 733 1794 786 ἐν

183 824 303 878 ταῖς
341 809 619 878 τοιαύταις
653 813 953 883 διαιρέσεσι
983 810 1384 885 παρεχόμενος,
1425 811 1484 869 τὸ
1528 814 1588 869 δὲ
1619 812 1794 885 ἀναγ-

183 909 343 952 καῖον
373 895 440 952 οὐ
471 898 742 968 συνορῶν.
803 899 850 952 3.
880 901 930 952 εἰ
958 893 1063 969 γάρ
1094 894 1167 968 μὴ
1198 902 1298 969 μία
1328 920 1408 962 τις
1443 907 1527 968 εἴη
1560 895 1793 969 δύναμις

118 1003 158 1034 10
184 985 424 1052 ἔμψυχος
471 978 739 1052 διήκουσα
786 978 877 1036 διὰ
918 973 1018 1037 τοῦ
1063 979 1267 1047 παντὸς
1307 983 1394 1037 καὶ
1443 979 1624 1038 πάντα
1655 999 1793 1038 συν-

183 1068 360 1121 δοῦσα
397 1066 489 1121 καὶ
520 1066 860 1137 συνέχουσα,
903 1062 1020 1134 οὔτ’
1058 1061 1128 1122 ἂν
1160 1063 1403 1138 εὐλόγως
1432 1063 1492 1122 τὸ
1523 1071 1635 1122 πᾶν
1665 1066 1793 1123 οὔτε

181 1151 361 1214 καλῶς
393 1146 776 1222 διοικούμενον
808 1147 952 1206 εἶναι
984 1147 1227 1207 δυ’ναιτο.
1299 1153 1394 1223 τῆς
1436 1147 1490 1206 δ’
1523 1147 1693 1222 αὐτῆς
1722 1143 1793 1222 ἦν

179 1230 268 1303 ἄρ’
319 1229 590 1304 άβλεψίας
630 1235 722 1290 καὶ
763 1232 927 1290 πόλιν
969 1237 1186 1291 ἐλπίσαι
1230 1235 1360 1292 ποτὲ
1399 1237 1580 1300 καλῶς
1625 1237 1792 1308 χωρὶς
1824 1270 1842 1292 e

181 1315 430 1384 ἑνώσεως
473 1320 858 1389 διαγενέσθαι,
910 1321 1002 1375 καὶ
1046 1311 1105 1375 τὸ
1151 1323 1263 1375 πᾶν
1306 1318 1434 1376 τόδε
1470 1317 1793 1392 ἡγήσασθαι

115 1425 156 1457 15
180 1399 467 1473 πάγκαλον
510 1405 588 1478 τῷ
627 1401 772 1478 λόγῳ
806 1402 1198 1476 διαφυλάξειν,
1231 1400 1350 1461 οἷόν
1380 1427 1482 1478 περ
1515 1409 1791 1476 φαίνεται,

178 1483 252 1559 μὴ
284 1485 642 1559 συνδήσαντα
674 1489 765 1543 καὶ
796 1486 1224 1561 συναρμόσαντα
1266 1487 1388 1554 ἑνός
1419 1512 1566 1554 τινος
1597 1487 1790 1561 ὁμοίου

179 1577 459 1646 κοινωνίᾳ.
514 1576 563 1628 4.
599 1573 690 1628 καὶ
720 1577 974 1628 τοιοῦτον
1003 1574 1105 1645 μέν
1134 1597 1184 1629 τι
1209 1577 1432 1647 πρᾶγμα
1455 1572 1515 1629 τὸ
1542 1575 1791 1630 διοικοῦν

177 1657 379 1712 ἕκαστα
413 1655 561 1712 εἷναί
577 1674 766 1728 φησιν,
797 1652 918 1713 οἷον
942 1655 1118 1729 ἀρχὴν
1146 1658 1288 1714 εἶναι
1312 1656 1600 1730 κινήσεως,
1631 1660 1791 1714 τοῦτο

179 1739 239 1796 δὲ
271 1739 412 1796 εἶναι
443 1739 629 1813 ψυχὴν
661 1739 727 1797 οὐ
759 1738 1039 1811 βούλεται·
1097 1748 1274 1798 καίτοι
1305 1744 1396 1798 καὶ
1428 1745 1526 1798 τοῦ
1556 1740 1792 1798 Πλάτω-

114 1846 154 1878 20
178 1847 271 1890 νος
313 1822 486 1882 αὐτοῦ
539 1823 858 1891 δεικνύντος
909 1825 992 1882 ὅτι
1043 1840 1156 1893 τοῖς
1199 1828 1544 1899 κινουμένοις
1583 1824 1792 1882 ἅπασιν

177 1905 316 1982 άρχὴ
355 1910 448 1966 καὶ
490 1908 639 1983 πηγὴ
669 1911 764 1981 τῆς
795 1909 1063 1982 κινήσεως
1095 1909 1127 1983 ἡ
1161 1909 1326 1984 ψυχή.
1404 1912 1495 1968 καὶ
1526 1907 1555 1966 ὃ
1586 1911 1689 1983 μὲν
1719 1905 1790 1967 ἂν

177 1999 340 2064 ἔργον
371 2003 456 2066 εἴη
487 2000 665 2067 ’ψυχῆς
695 1998 916 2066 λογικῆς
947 1998 1039 2052 καὶ
1069 2002 1347 2069 φρονίμου
1388 1993 1447 2052 τὸ
1478 1996 1654 2067 μηδὲν
1683 1993 1788 2067 μά-

177 2100 278 2148 την
309 2093 518 2150 ποιεῖν,
561 2081 722 2135 τοῦτο
762 2077 1062 2150 ἀνατίθησι
1101 2085 1168 2152 τῇ
1199 2079 1395 2152 φύσει,
1437 2081 1540 2135 τοῦ
1571 2080 1632 2135 δὲ
1661 2075 1788 2135 ὀνό-
1813 2101 1832 2131 d

177 2185 343 2232 ματος
389 2158 531 2234 αὐτῇ
567 2164 662 2233 τῆς
711 2168 889 2234 ψυχῆς
941 2160 1008 2218 οὐ
1047 2168 1448 2236 μεταδίδωσιν,
1505 2158 1689 2235 ὥσπερ
1731 2165 1791 2219 ἐκ
1831 2211 1835 2214 .

113 2267 154 2300 25
176 2248 287 2302 τῶν
317 2243 624 2318 ὀνομάτων,
655 2242 779 2302 ἀλλ’
813 2242 914 2302 οὐκ
947 2249 1004 2303 ἐκ
1026 2249 1138 2304 τῶν
1163 2245 1476 2320 δυνάμεων,
1507 2252 1619 2304 τῶν
1649 2270 1790 2321 πρα-

176 2328 400 2402 γμάτων
434 2327 928 2403 λαμβανομένων.”

305 2425 428 2474 ΧΙΙΙ.
459 2412 579 2472 “Τὸ
623 2415 684 2470 δὲ
725 2412 1028 2486 κεφάλαιον
1067 2416 1159 2472 καὶ
1198 2415 1258 2472 τὸ
1298 2419 1463 2487 κῦρος
1507 2418 1603 2488 τῆς
1634 2414 1899 2504 Rani-{222}

176 2522 349 2563 τωνος
381 2501 670 2571 αἱρέσεως,
702 2499 736 2570 ἡ
763 2501 890 2568 περὶ
919 2501 1030 2556 τῶν
1054 2503 1267 2573 νοητῶν
1294 2500 1565 2573 διάταξις,
1597 2498 1788 2573 ἠτίμα-

177 2599 300 2638 σται
340 2585 430 2638 καὶ
462 2581 973 2657 προπεπηλάκισται
1012 2587 1104 2640 καὶ
1135 2591 1437 2658 παντοίως,
1479 2584 1540 2641 τό
1570 2609 1633 2656 γε
1666 2585 1788 2651 ἐξὸν

114 2687 155 2719 30
181 2665 693 2740 ἐπ’-Ἀριστοτέλει,
746 2666 1147 2742 περιύβρισται.
1221 2667 1287 2726 οὐ
1332 2667 1436 2743 γάρ
1478 2667 1786 2741 δυνάμενος

179 2754 438 2823 ἐννοῆσαι
481 2750 619 2809 διότι
658 2750 724 2808 τά
764 2750 974 2825 μεγάλα
1004 2755 1096 2811 καὶ
1126 2764 1258 2811 θεῖα
1290 2756 1384 2810 καὶ
1423 2750 1646 2825 περιττά
1675 2756 1789 2810 τῶν

177 2835 517 2909 πραγμάτων
547 2843 938 2911 παραπλησίου
960 2835 1108 2905 τινὸς
1141 2836 1427 2912 δυνάμεως
1452 2843 1529 2904 εἰς
1554 2840 1786 2909 ἐπίγνω-
