2014 3146
1500 0 1524 39 Σ

1518 42 1546 86 3,

579 132 791 177 PRAEP.
823 132 1044 175 EVANG.
1076 133 1178 174 XII.
1213 134 1249 176 1.
1275 135 1316 176 2.
1691 133 1756 186 81

146 250 239 306 καὶ
284 251 338 316 ἐξ
382 247 504 316 ἑνὸς
546 246 813 321 στόματος
843 246 1051 315 πάντας
1090 263 1416 322 συμφωνεῖν
1462 245 1536 317 ὥς
1578 249 1758 308 πάντα

147 335 327 398 καλῶς
357 345 532 389 κεῖται
572 337 792 390 θέντων
830 336 1014 405 θεῶν,
1062 334 1154 389 καὶ
1184 330 1255 390 ἄν
1283 357 1365 400 τις
1395 331 1573 400 ἄλλως
1605 336 1756 408 λέγῃ,

147 415 222 489 μὴ
265 414 567 490 ἀνέχεσθαι
607 416 668 473 τὸ
707 415 972 491 παράπαν
1011 414 1339 484 ἀκούοντας·
1385 420 1566 491 γέρων
1608 420 1669 475 δὲ
1710 428 1767 476 εἴ

133 506 229 566 τίς
258 524 309 557 τι
349 503 578 568 ξυννοεῖ
601 507 714 558 τῶν
759 499 888 575 παρ’
924 497 1088 574 ὑμῖν,
1131 501 1267 576 πρὸς
1298 501 1535 575 ἄρχοντά
1566 526 1624 560 τε
1663 505 1755 560 καὶ
1783 524 1807 557 d

84 608 104 640 5
147 581 447 657 ἡλικιώτην
476 584 712 658 μηδενὸς
745 587 1000 643 ἐναντίον
1030 588 1161 643 νέου
1191 596 1477 644 ποιεῖσθαι
1499 587 1628 654 τοὺς
1650 611 1756 644 τοι-

148 667 347 735 ου’τους
378 668 589 741 λόγους.
645 668 949 742 Ὀρθότατά
979 693 1069 742 γε,
1104 661 1149 726 ὦ
1178 672 1328 742 ξένε,
1361 668 1659 737 κελεύεις.”

275 758 323 810 3.
377 752 622 819 Εἰκότως
675 757 812 825 δῆτα
863 755 954 810 καὶ
1003 749 1037 826 ἡ
1079 749 1351 827 Ἑβραίων
1401 758 1757 828 προλαβοῦσα

147 836 334 910 γραφὴ
364 841 461 909 τῆς
490 841 603 895 τῶν
631 843 810 895 θείων
837 841 1072 910 γραφῶν
1102 836 1381 905 συνέσεώς
1404 862 1462 896 τε
1493 841 1584 896 καὶ
1608 850 1756 897 θεω-

147 927 269 991 ρίας
298 918 401 995 τὴν
431 928 619 979 πίστιν
649 920 937 996 προτάττει
969 918 1045 978 δι’
1083 913 1163 979 ὦν
1202 941 1378 995 φησιν
1398 921 1430 942 “
1449 922 1546 980 ἐὰν
1589 924 1648 980 δὲ
1683 923 1756 996 μὴ

84 1028 126 1061 10
148 1003 506 1079 πιστεύσητε,
540 1003 607 1063 ού
637 1006 712 1079 μὴ
743 1004 1001 1080 συνῆτε.”
1080 1008 1173 1063 καὶ
1204 998 1372 1073 αὖθις
1401 1003 1756 1081 “ἐπίστευσα,

149 1087 234 1146 διὸ
264 1092 357 1146 καὶ
390 1087 681 1163 ἐλάλησα.”
757 1095 805 1148 4.
855 1096 1026 1149 ἔνθεν
1055 1093 1148 1147 καὶ
1178 1088 1311 1165 παρ’
1345 1089 1480 1164 ἡμῖν
1510 1106 1624 1159 τοῖς
1654 1092 1758 1165 μὲν

145 1171 267 1247 ἄρτι
301 1178 678 1248 εἰσαγομένοις
707 1176 799 1232 καὶ
829 1173 931 1247 τὴν
973 1177 1087 1242 ἕξιν
1115 1174 1394 1248 ἀτελέσιν,
1438 1171 1511 1243 ὥς
1551 1172 1621 1234 ἂν
1661 1177 1757 1243 τὰς

146 1256 324 1330 ψυχὰς
354 1265 602 1330 νηπίοις,
644 1257 1025 1332 ἁπλούστερον
1063 1255 1097 1332 ἡ
1140 1263 1200 1317 ἐν
1241 1273 1359 1327 ταῖς
1398 1266 1581 1327 θείαις
1620 1285 1757 1336 γρα-

144 1355 277 1413 φαῖς
308 1340 622 1414 ἀνάγνωσις
651 1348 1018 1417 παραδίδοται
1050 1341 1184 1416 μετὰ
1223 1348 1322 1401 τοῦ
1369 1349 1490 1402 δεῖν
1532 1344 1757 1402 πιστεύ-

81 1449 123 1481 15
149 1449 233 1483 ειν
274 1424 347 1492 ὥς
388 1430 529 1484 θεοῦ
574 1425 755 1500 λόγοις
794 1440 907 1494 τοῖς
950 1430 1344 1501 ἐμφερομένοις
1384 1428 1758 1503 παρακελεύε-

145 1521 305 1569 σθαι·
352 1525 466 1578 τοῖς
499 1511 560 1567 δὲ
600 1510 702 1584 τὴν
742 1514 857 1579 ἕξιν
895 1511 1271 1585 προβεβηκόσι
1310 1514 1403 1569 καὶ
1444 1521 1654 1580 πολιοῖς
1695 1513 1755 1570 τὸ
1773 1537 1868 1577 (574)

145 1593 406 1670 φρόνημα
449 1593 794 1668 ἐμβαθύνειν
835 1603 928 1653 καὶ
968 1594 1279 1669 δοκιμάζειν
1323 1596 1419 1654 τὸν
1460 1600 1599 1655 νοῦν
1644 1600 1756 1654 τῶν

144 1680 460 1752 λεγομένων
492 1681 889 1753 ἐπιτέτραπται.
935 1678 1166 1748 τούτους
1190 1681 1252 1738 δὲ
1275 1683 1469 1738 παισὶν
1484 1679 1757 1756 Ἑβραίων

147 1764 488 1836 δευτερωτάς
528 1770 694 1836 φίλον
735 1757 805 1838 ἦν
835 1763 1151 1838 ὀνομάζειν,
1196 1762 1384 1839 ὥσπερ
1418 1765 1757 1838 ἑρμηνευτὰς

80 1867 122 1900 20
146 1849 238 1905 καὶ
273 1846 532 1921 ἐξηγητάς
561 1846 725 1915 ὄντας
754 1851 850 1922 τῆς
879 1851 993 1907 τῶν
1021 1853 1256 1923 γραφῶν
1289 1855 1554 1915 διανοίας.

271 1944 330 1992 Π.
383 1927 649 1990 ’(Ούκοῦν
694 1931 760 1990 τά
810 1932 944 2005 μετὰ
985 1936 1159 1990 ταῦτα
1200 1943 1449 2007 εἴποιμεν
1488 1929 1558 1991 ἂν
1599 1932 1756 2007 ἡμεῖς
1784 1958 1804 1989 ι)

142 2014 225 2074 ὅτι
256 2016 326 2074 σύ
356 2017 459 2090 μὲν
492 2019 762 2090 ἐπαινεῖς,
796 2016 868 2084 ὡς
901 2023 1108 2090 ἔοικας,
1141 2008 1186 2075 ὦ
1223 2027 1490 2092 Τυρταῖε,
1523 2016 1756 2091 μάλιστα

143 2099 270 2167 τούς
302 2100 438 2174 πρὸς
468 2100 565 2158 τὸν
595 2098 825 2160 ὀθνεῖόν
854 2125 912 2158 τε
943 2103 1036 2159 καὶ
1068 2104 1279 2170 ἔξωθεν
1303 2101 1543 2175 πόλεμον
1566 2126 1756 2174 γιγνο-

143 2186 344 2256 μένους
377 2188 682 2258 έπιφανεῑς.
730 2192 869 2259 φαίη
902 2189 1078 2243 ταῦτα
1108 2183 1178 2242 ἄν
1207 2207 1317 2242 που
1348 2187 1439 2242 καὶ
1468 2182 1754 2258 ὁμολογοῖ;

79 2289 120 2321 25
279 2275 349 2327 Τί
373 2268 511 2342 μήν;

270 2357 319 2409 2.
355 2350 543 2424 Ἡμεῖς
573 2353 640 2409 δέ
665 2375 727 2424 γε
757 2349 991 2424 ἀγαθῶν
1020 2350 1200 2410 ὄντων
1222 2351 1433 2411 τούτων
1464 2360 1542 2411 ἔτι
1573 2355 1756 2427 φαμὲν

145 2432 408 2507 ἀμείνους
442 2436 584 2492 εἶναι
615 2437 706 2492 καὶ
739 2434 880 2493 πολὺ
909 2435 1035 2502 τούς
1068 2440 1128 2494 ἐν
1157 2441 1233 2514 τῷ
1264 2443 1503 2515 μεγίστῳ
1534 2442 1755 2516 πολέμῳ

145 2521 506 2592 γιγνομένους
562 2516 820 2590 ἀρίστους
885 2524 1185 2593 διαφανῶς.
1267 2522 1501 2595 ποιητὴν
1554 2524 1613 2580 δὲ
1663 2526 1751 2580 καὶ

145 2600 304 2676 ἡμεῖς
335 2602 586 2677 μάρτυρα
619 2610 813 2677 ἔχομεν
845 2606 1108 2679 Θέογνιν,
1155 2612 1387 2679 πολίτην
1415 2611 1527 2664 τῶν
1561 2611 1621 2665 ἐν
1652 2617 1756 2665 Σι-

82 2705 124 2738 30
149 2693 305 2763 κελίᾳ
337 2691 679 2761 Μεγαρέων,
710 2685 768 2756 ὅς
799 2708 935 2762 φησι
1784 2724 1800 2744 0

258 2882 310 2920 21
344 2873 537 2922 Οὐκοῦν
560 2878 631 2934 —]
666 2881 802 2922 Plato
823 2883 935 2935 Leg.
963 2886 1001 2925 1.
1027 2897 1068 2936 p.
1092 2885 1186 2924 629.

230 2961 459 2992 EUSEBIUS
493 2964 545 2994 11.
1470 2953 1501 3001 ⁴5
