2014 3146
601 107 813 150 PRAEP.
850 107 1071 148 EVANG.
1102 107 1230 150 xm.
1263 109 1330 148 lo.
1453 77 1457 82 ³
1669 109 1767 159 187

164 215 206 280 ὦ
244 221 475 297 ἄνδρες,
519 219 696 304 οὐδὲν,
731 219 865 279 ἄλλο
907 225 1057 279 ἐστὶν
1095 218 1130 294 ἢ
1171 229 1359 280 δοκεῖν
1398 222 1575 296 σοφὸν
1627 223 1769 282 εἶναι

161 307 236 380 μὴ
276 305 436 365 ὄντα·
508 312 696 364 δοκεῖν
735 305 838 380 γὰρ
893 311 1101 364 εἰδέναι
1155 309 1304 364 ἐστὶν
1362 305 1396 363 ἃ
1446 306 1548 365 οὐκ
1597 309 1766 366 οἶδεν.

162 391 281 449 οῖδε
309 416 412 465 μεν
441 391 546 464 γὰρ
587 388 774 458 ουδεὶς
815 391 911 449 τὸν
949 391 1200 448 θάνατον
1247 389 1374 449 οὐδ’
1420 398 1470 448 εἰ
1508 417 1769 466 τυγχανει
1811 446 1816 449 .

159 478 237 552 τῷ
266 472 550 552 ανθρῶπςο
582 498 808 534 παντων
838 479 1097 549 μέγιστον
1126 472 1192 533 ὂν
1221 501 1333 533 των
1363 472 1626 550 αγαθῶν,
1677 483 1770 534 δε-

115 582 136 614 5
162 565 313 617 δίασι
347 562 407 617 δε
440 559 512 628 ὡς
545 561 607 618 εὐ
639 558 894 626 εἰδότες
874 558 957 618 ότι
987 563 1245 633 μέγιστον
1276 564 1386 617 τῶν
1417 585 1604 618 κακων
1637 565 1765 620 ἐστί.

158 651 334 702 καίτοι
375 652 489 712 πῶς
531 642 634 702 οὐκ
674 642 889 718 ἆμαθία
932 646 1083 701 ἐστὶν
1124 643 1262 718 αὕτη
1307 640 1339 717 ἡ
1375 649 1767 719 ἐπονείδιστος,

157 727 190 801 ἡ
232 733 331 786 τοῦ
372 739 596 787 οἴεσθαι
637 732 846 786 εἰδέναι
885 727 919 786 ἃ
959 726 1062 785 οὐκ
1101 729 1282 799 offlam
1358 734 1403 785 6.
1455 730 1559 802 ἐγώ
1603 729 1679 802 δ’,
1725 723 1766 787 ὦ

157 810 386 887 ἄνδρες,
439 813 615 890 τούτῳ
669 816 760 870 καὶ
818 816 1064 870 ἐνταῦθα
1106 816 1353 886 διαφέρω
1394 817 1507 871 τῶν
1546 822 1768 872 πολλῶν

159 907 289 964 ἴσως
320 896 673 970 ἀνθρώπων·
721 900 813 954 καὶ
845 904 897 954 εἰ
926 895 996 969 δή
1025 921 1100 973 τςο
1134 896 1447 970 σοφώτερός
1470 922 1569 955 του
1593 906 1767 971 φαίην

94 1003 134 1034 10
160 982 329 1054 εἶναι,
368 980 544 1059 τούτῳ
589 979 685 1055 ἂν,
726 979 810 1039 ὅτι
839 979 942 1039 οὐκ
974 981 1137 1048 εἰδώς
1171 984 1372 1048 ι”κανῶς
1404 984 1531 1054 περὶ
1562 987 1675 1041 τῶν
1707 987 1768 1041 ἐν
1789 1006 1879 1046 (661)

143 1065 365 1175 Ἅιδου,
407 1063 551 1123 οὕτω
593 1068 685 1123 καὶ
732 1076 914 1139 οἴομαι
945 1064 1049 1124 οὐκ
1082 1068 1315 1123 εἰδέναι
1362 1066 1422 1123 τὸ
1455 1067 1515 1123 δε
1546 1064 1767 1125 ἀδικεῖν

156 1153 247 1208 καὶ
287 1148 549 1208 απειθεῖν
588 1155 663 1226 τῷ
706 1157 978 1222 βελτίονι,
1025 1153 1117 1207 καὶ
1163 1155 1279 1227 θεῷ
1323 1154 1415 1207 καὶ
1442 1148 1765 1252 ῗανθρώπῳ,

154 1233 236 1292 ότι
268 1233 439 1292 κακὸν
470 1237 563 1292 καὶ
584 1234 814 1310 αἰσχρόν
856 1239 1006 1292 ἐστιν
1045 1235 1185 1292 οἶδα.
1262 1234 1368 1309 πρὸ
1397 1237 1501 1294 οὐν
1530 1261 1642 1294 των
1673 1261 1766 1294 κα-

156 1323 272 1377 κῶν
303 1312 382 1377 ὠν
412 1316 587 1376 οἶδα
568 1317 651 1377 ότι
681 1344 823 1376 κακα
855 1324 1022 1392 ἐστιν,
1056 1344 1090 1375 α
1120 1320 1194 1393 μὴ
1226 1320 1353 1378 οἶδα
1379 1326 1430 1376 εἰ
1458 1324 1550 1377 καὶ
1579 1318 1767 1393 αγαθὰ

91 1422 132 1455 15
156 1402 288 1463 ὅντα
317 1428 604 1477 τυγχανει,
652 1401 919 1462 οὐδέποτε
949 1403 1371 1478 φοβηθήσομαι,
1404 1403 1535 1461 οὐδε
1565 1404 1769 1477 φεύξο-

154 1514 266 1562 μαι.
359 1495 405 1546 7
454 1487 594 1546 ω’στε
636 1485 762 1545 οὐδ’
809 1499 864 1546 εἷ’
895 1514 962 1562 με
991 1492 1099 1546 νῦν
1128 1487 1287 1561 ὑμεῖς
1319 1487 1529 1562 ἀφίετε,
1557 1486 1767 1566 Ἀνύτῳ
1807 1546 1810 1550 ,

154 1572 576 1646 ἀπιστήσαντες,
610 1571 738 1646 (ὅς’
717 1581 823 1647 ε’φη
847 1570 881 1645 ἢ
911 1573 1013 1646 τὴν
1042 1570 1219 1646 αρχὴν
1241 1569 1308 1630 οὐ
1335 1578 1456 1630 δειν
1484 1574 1574 1646 ἐμε
1601 1579 1767 1647 δεῦρο

157 1664 437 1715 εἰσελθεῖν
466 1654 500 1730 ἢ
534 1656 723 1729 ἐπειδὴ
757 1662 1022 1729 εἰσῆλθον
1053 1654 1155 1731 οὐχ
1185 1655 1306 1715 οἷόν
1335 1681 1394 1714 τε
1426 1659 1569 1716 εἶναι
1600 1656 1660 1715 τὸ
1691 1658 1765 1731 μὴ

159 1739 298 1816 [οὐκ]
333 1746 662 1799 ἀποκτεῖναί
686 1765 771 1815 με,
804 1745 983 1814 λέγων
1014 1743 1148 1815 πρὸς
1178 1741 1321 1815 ὑμᾶς
1354 1739 1426 1808 ὡς
1461 1749 1512 1799 εἰ
1536 1747 1764 1814 διαφευ-
1789 1763 1811 1794 b

92 1844 133 1876 20
157 1830 380 1900 ξοίμην,
424 1825 533 1898 ἤδη
573 1823 642 1883 οὶν
679 1825 839 1899 ὑμῶν
870 1851 920 1883 οι
951 1831 1092 1893 νιεῖς
1126 1824 1592 1899 ἐπιτηδεύοντες
1572 1826 1605 1883 οὶ
1636 1837 1761 1884 Σω-

156 1935 359 1985 κρατης
391 1909 644 1968 διδασκει
668 1935 868 1977 παντες
892 1929 1209 1968 πανταπασι
1234 1910 1764 1984 διαφθαρήσονται,)

159 2007 216 2054 εἴ
247 2020 339 2068 μοι
379 1995 516 2068 πρὸς
557 1999 728 2052 ταῦτα
772 2004 1005 2067 εἴποιτε,
1059 2020 1101 2052 ω
1145 1994 1469 2068 Σώκρατες,
1516 1999 1623 2053 νῦν
1665 2020 1767 2068 μεν

149 2078 359 2156 Ἀνύτῳ
399 2078 464 2138 οὐ
505 2078 840 2186 πεισόμεθα,
893 2077 1016 2136 αλλ’
1060 2078 1299 2180 αφίεμέν
1330 2099 1418 2151 σε,
1462 2082 1548 2136 ἐπὶ
1590 2079 1765 2155 τούτῳ

157 2166 341 2235 μέντοι
375 2161 468 2236 ἐφ’
513 2188 554 2239 ῳ
594 2187 653 2220 τε
682 2168 872 2236 μηκέτι
915 2166 975 2221 ἐν
1013 2162 1184 2236 ταύτῃ
1215 2167 1284 2235 τῇ
1314 2162 1528 2235 ζητήσει
1561 2137 1764 2235 διατρί-
1787 2183 1873 2225 [3871

94 2273 135 2305 25
159 2254 280 2318 βειν
309 2249 450 2320 μηδε
479 2255 835 2319 φιλοσοφεῖν·
885 2245 980 2303 ἐὰν
1023 2248 1083 2302 δε
1114 2243 1259 2323 ἁλῷς
1293 2253 1371 2303 ἔτι
1401 2250 1560 2304 τοῦτο
1593 2268 1763 2317 πρατ-

157 2355 286 2403 των,
319 2329 596 2404 ἀποθανῇ.
694 2335 740 2388 8.
803 2337 855 2387 εἰ
881 2354 984 2388 ουν
1013 2354 1107 2402 με,
1138 2328 1273 2404 ὅπερ
1308 2331 1483 2404 εἷπον,
1518 2333 1606 2388 ἐπὶ
1638 2330 1767 2389 τού-

156 2439 268 2481 τοις
299 2412 532 2487 αφίοιτε,
570 2424 776 2487 εἴποιμι
806 2439 876 2471 αν
906 2412 1041 2487 ὑμῖν
1063 2412 1145 2471 ὅτι
1171 2414 1276 2487 ἐγώ
1298 2413 1458 2488 υμᾶς,
1493 2407 1534 2472 ὦ
1565 2413 1766 2490 ανδρες

151 2499 459 2572 Ἀθηναῖοι,
492 2497 799 2571 ἆσπαζομαι
829 2523 929 2572 μεν
960 2501 1051 2556 καὶ
1075 2503 1239 2571 φιλω,
1265 2507 1521 2573 πείσομαι
1548 2501 1610 2556 δε
1632 2505 1764 2572 μᾶλ-

158 2592 257 2641 λον
287 2588 360 2660 τῷ
392 2587 507 2660 θεῷ
539 2607 572 2654 η
603 2579 756 2655 ὑμῖν,
789 2586 881 2640 καὶ
913 2586 1013 2648 ε’ως
1044 2606 1146 2653 περ
1178 2580 1246 2641 ἂν
1278 2588 1494 2658 ἐμπνέω
1526 2586 1617 2640 καὶ
1650 2581 1764 2651 οἷός

94 2690 135 2723 30
159 2692 216 2725 τε
259 2661 328 2740 ὦ,
371 2665 438 2724 οὐ
469 2667 542 2741 μὴ
574 2666 854 2740 παύσομαι
884 2672 1207 2741 φιλοσοφῶν
1237 2671 1328 2725 καὶ
1357 2667 1492 2742 ὑμῖν
1521 2690 1804 2741 qumans-e

158 2751 451 2825 λευόμενός
493 2776 552 2808 τε
591 2754 681 2808 καὶ
726 2750 1173 2825 ἐνδεικνύμενος,
1214 2750 1321 2829 ὅτῳ
1353 2750 1422 2810 ἂν
1452 2751 1538 2810 ἀεὶ
1570 2756 1766 2824 ἐντυγ-

158 2835 307 2909 χάνω
337 2833 515 2910 ὑμῶν,
547 2838 725 2909 λέγων
755 2832 948 2911 οἷοίπερ
981 2833 1213 2895 εἰ’ωθα.”
