2014 3146
542 101 1744 154 PRAEP.EVANG.XI1.37-4·2.127

509 213 569 238 ‘e‘

260 230 472 280 XXXIX.
567 220 667 277 Ενὶ
702 219 762 276 δε
792 217 968 296 λόγῳ,
1001 218 1204 293 πατρὸς
1235 218 1455 327 ὀνείδη
1459 222 1549 277 καὶ
1580 245 1749 294 τιμω-

137 310 258 378 ρίας
291 310 510 362 παίδων
547 306 748 377 μηδενὶ
789 306 1165 376 συνέπεσθαι,
1207 303 1353 377 πλὴν
1394 302 1491 362 ἐάν
1529 329 1610 371 τις
1639 307 1749 362 τινὶ

137 387 316 461 πατὴρ
348 391 439 446 καὶ
470 386 691 455 πάππος
723 389 815 445 καὶ
846 387 1076 446 πάππου
1106 387 1284 463 πατὴρ
1312 393 1504 463 ἐφεξῆς
1534 387 1748 463 ὄφλωσι

134 472 386 532 θανάτου
420 470 637 546 δίκην.”

91 582 112 615 5
260 569 360 619 XL.
410 561 663 624 Μωσέως
702 555 878 631 νόμου
919 556 1126 630 φάντος
1159 552 1297 615 “ἐάν
1328 560 1502 631 κλέψῃ
1543 582 1622 624 τις
1653 557 1747 632 μό-

132 660 295 716 σχον,
342 638 375 714 ἢ
392 641 730 717 πρόβατον,
783 643 877 700 καὶ
917 640 1097 716 σφάξῃ
1151 639 1345 715 αὐτὸ,
1367 638 1401 715 ἢ
1441 640 1745 717 ἀποδῶται,

133 730 297 785 πέντε
327 725 565 800 μόσχους
589 724 838 784 ἀποτίσει
862 725 986 783 ἀντὶ
1010 729 1110 783 τοῦ
1131 725 1360 799 μόσχου,
1393 730 1483 784 καὶ
1507 730 1747 800 τέσσαρα

133 810 383 884 πρόβατα
413 808 536 868 ἀντὶ
568 810 880 883 προβάτου·
932 809 1027 867 ἐὰν
1061 811 1122 867 δὲ
1153 815 1504 884 καταλειφθῇ
1535 815 1626 869 καὶ
1651 811 1747 869 εὑ-

135 899 278 971 ρεθῇ
320 899 381 953 ἐν
419 898 488 970 τῇ
527 897 668 969 χειρὶ
699 891 870 952 αὐτοῦ
902 888 961 952 τὸ
993 897 1232 968 κλέμμα,
1274 891 1381 952 ἀπὸ
1413 895 1623 969 μόσχου
1655 899 1747 953 καὶ

69 1004 110 1037 10
132 978 267 1038 ὄνου
291 984 392 1047 ἕως
416 978 697 1054 προβάτου
722 982 907 1049 {ahta
922 983 1088 1036 διπλᾶ
1111 978 1400 1037 ἀποτίσει”
1437 981 1747 1038 ἐπάκουσον

134 1090 206 1133 ως
237 1067 330 1122 καὶ
359 1061 388 1123 5
420 1064 660 1123 Πλάτων
690 1062 900 1131 τούτοις
932 1067 1119 1123 ἕπεται
1150 1067 1328 1138 λέγων

251 1148 513 1225 “Κλέπτῃ
562 1150 650 1221 δὲ,
696 1147 792 1206 ἐάν
822 1174 880 1207 τε
909 1151 1048 1222 μέγα
1090 1149 1186 1206 ἐάν
1225 1173 1284 1207 τε
1313 1148 1511 1225 μικρὸν
1542 1151 1745 1225 κλέπτῃ

132 1259 241 1306 τις,
286 1231 363 1302 εἷς
403 1235 474 1291 αὐ
515 1232 680 1307 νόμος
713 1237 1014 1292 ἐπικείσθω
1056 1236 1146 1290 καὶ
1176 1241 1275 1307 μία
1324 1240 1479 1308 δίκης
1509 1241 1744 1308 τιμωρία

133 1316 528 1392 σύμπασι.τὸ
570 1343 672 1391 μεν
711 1318 816 1392 γὰρ
862 1318 930 1391 δὴ
973 1319 1182 1376 κλαπὲν
1230 1342 1412 1392 χρεων
1453 1317 1747 1377 διπλάσιον

70 1426 111 1459 15
134 1406 355 1476 πρῶτον
387 1406 651 1476 ἐκτίνειν,
696 1402 793 1460 ἐὰν
832 1400 977 1476 ὄφλῃ
1016 1428 1097 1470 τις
1136 1401 1238 1475 τὴν
1280 1403 1542 1476 τοιαύτην
1583 1408 1747 1477 δίκην

133 1490 224 1546 καὶ
257 1486 457 1560 ἱκανὴν
487 1494 582 1562 ἔχῃ
615 1485 716 1560 τὴν
740 1485 914 1559 ἄλλην
937 1485 1138 1544 οὐσίαν
1160 1484 1445 1545 ἀποτίνειν
1473 1487 1614 1562 ὑπὲρ
1646 1492 1747 1546 τοῦ

134 1571 368 1647 κλήρου,
403 1571 501 1629 ε’ἀν
533 1573 594 1629 δὲ
623 1571 728 1645 μὴ,
764 1573 1033 1630 δεδέσθαι
1068 1574 1170 1638 ἕως
1202 1567 1272 1629 ἂν
1298 1576 1483 1646 ἐκτίσῃ
1515 1569 1549 1646 ἢ
1581 1579 1745 1648 πείσῃ

134 1657 230 1715 τὸν
260 1652 833 1730 καταδικασάμενον.”

259 1753 378 1802 XLI.
429 1739 613 1799 Πάλιν
654 1742 905 1807 Μωσέως
936 1739 1143 1814 φάντος
1165 1739 1303 1798 κἐὰν
1336 1743 1398 1799 δὲ
1430 1746 1490 1800 ἐν
1520 1746 1595 1819 τῷ
1631 1747 1746 1800 διο-

71 1848 112 1881 20
136 1825 369 1901 ρύγματι
396 1822 606 1900 εὑρεθῇ
634 1821 662 1883 ὁ
687 1827 921 1898 κλέπτης
956 1828 1049 1882 καὶ
1080 1828 1306 1898 πληγεὶς
1330 1824 1610 1899 ἀποθάνῃ,
1644 1824 1747 1884 οὐκ

137 1918 288 1969 ἔστιν
319 1908 471 1987 αὐτῷ
503 1909 693 1983 φόνος,
726 1908 960 1986 συνᾴδει
986 1908 1092 1967 κάν
1114 1909 1292 1988 τούτῳ
1321 1913 1500 1983 λέγων
1529 1907 1557 1968 5
1591 1909 1748 1968 Πλά-

136 2020 250 2053 των

253 2077 537 2152 “Νυ’κτωρ
568 2081 730 2152 φῶρα
763 2084 840 2145 εἰς
871 2085 1055 2136 οἰκίαν
1097 2077 1252 2136 ἰόντα
1285 2081 1374 2135 ἐπὶ
1404 2083 1584 2154 κλοπῇ
1612 2103 1747 2154 χρη-

1775 328 1860 370 (612)

1764 663 1859 709 [359]

1774 1085 1794 1117 b

136 2162 324 2237 μάτων
359 2161 457 2221 ἐὰν
495 2162 638 2220 ἑλών
676 2170 864 2236 κτείνῃ
895 2187 1002 2234 τις,
1038 2169 1174 2220 ἔστω
1207 2162 1475 2235 καθαρός·
1524 2166 1616 2220 καὶ
1649 2161 1770 2238 ἐάνή

73 2269 114 2301 25
138 2246 467 2320 λωποδύτην
496 2245 840 2320 ἀμυνόμενος
871 2244 1199 2322 ἀποκτείνῃ,
1229 2246 1476 2319 καθαρὸς
1508 2254 1661 2305 ἔστω.

263 2342 405 2391 XLII.
439 2330 567 2388 Ἐὰν
599 2331 660 2387 δὲ
690 2328 797 2402 ἄρα
827 2328 1126 2402 ὑποζύγιον
1156 2327 1190 2403 ἦ
1223 2337 1361 2408 ζῷον
1394 2329 1528 2389 ἄλλο
1559 2356 1607 2389 τι
1640 2357 1746 2406 φο-
1771 2368 1780 2388 ‹

135 2413 307 2489 νεύσῃ
338 2415 461 2472 τινὰ
491 2412 636 2487 πλὴν
659 2418 772 2471 τῶν
793 2412 895 2471 ὅσα
921 2418 980 2472 ἐν
1003 2412 1176 2487 ἀγῶνι
1200 2420 1311 2473 τῶν
1337 2421 1573 2493 δημοσία
1595 2428 1744 2475 τιθε-

136 2502 321 2573 μένων
351 2496 664 2557 ἀθλεύοντά
693 2522 744 2555 τι
766 2502 1015 2557 τοιοῦτον
1042 2498 1246 2576 δράσῃ,
1280 2504 1614 2570 ἐπεξίτωσαν
1644 2503 1746 2575 μὲν

137 2589 194 2641 οἱ
219 2582 588 2659 προσήκοντες
617 2587 716 2640 τοῦ
746 2581 924 2655 φόνου
954 2587 1031 2660 τῷ
1060 2591 1363 2659 κτείναντι,
1397 2585 1746 2656 διαδικαζόν-

253 2753 271 2790 1
300 2743 398 2791 Ενὶ
421 2745 474 2791 δε
499 2745 551 2790 λό
555 2746 715 2802 γῳ--]
751 2749 864 2800 Leg.
887 2751 973 2802 9p.
998 2751 1095 2793 856.

226 2808 276 2846 12
307 2802 520 2871 Κλέπτης
541 2802 764 2916 —]]1bid.
787 2818 830 2857 p
854 2807 988 2846 857a.

223 2864 274 2902 21
308 2863 375 2902 26.
401 2856 601 2903 Πλάτων
646 2861 748 2902 Ibid
785 2874 826 2913 p.
849 2862 945 2902 874.
968 2864 1065 2903 873.
