2014 3146
284 115 389 167 334
963 115 1211 157 EUSEBII

518 234 541 244 συ
609 226 639 249 '2

283 235 395 288 τῶν
425 241 597 301 θεων,
684 227 751 286 οὔ
789 236 847 286 τί
874 251 981 286 που
1015 228 1211 295 δεδιώς
1243 227 1407 296 αὐτὸς
1447 227 1480 304 ἢ
1511 230 1891 304 δεδιττόμενος

285 319 532 380 ἐκείνους
571 311 674 385 τὴν
713 317 1030 386 ἐπιορκίαν,
1071 311 1236 371 κενὸν
1268 315 1327 370 δε
1370 317 1530 372 τοῦτο
1560 317 1650 371 καὶ
1681 318 1889 384 ψεῦδος

283 401 374 455 καὶ
414 395 586 472 ἀργὸν
626 399 719 454 καὶ
762 396 976 471 ἄσημον
1026 396 1498 471 ἐπιφθεγγόμενος
1541 411 1654 464 τοῖς
1707 397 1888 472 λόγοις

176 481 458 548 [4581αὑτοῦ
489 480 845 555 παράρτημα,
887 489 1008 539 οἱον
1041 488 1092 540 εί
1130 485 1221 539 και
1251 485 1573 556 χρέμπτοιτο
1605 485 1696 539 καὶ
1725 482 1889 540 πτύοι

233 602 249 624 e
280 565 341 623 τό
370 591 429 624 τε
468 566 766 636 πρόσωπον
797 569 1022 640 στρέφοι
1061 569 1153 623 καὶ
1192 565 1292 638 τὴν
1334 581 1489 640 χεῖρα
1520 574 1714 639 κινοίη.
1775 591 1887 624 τοι-
1910 589 1930 621 5

281 649 418 723 αύτη
470 649 575 724 γὰρ
626 649 951 723 ἀδιανόητος
995 642 1066 723 ἦν
1104 649 1137 725 ἡ
1179 648 1310 719 παρ’
1354 649 1503 727 αὐτῷ
1554 652 1644 707 καὶ
1686 658 1890 723 ματαία

278 732 568 809 ὑπόκρισις
598 733 631 808 ἡ
662 737 774 792 τῶν
804 739 958 793 θεῶν
987 733 1269 808 ὀνομασία.
1318 740 1396 792 11.
1432 733 1570 791 ἄλλα
1593 738 1754 792 τοῦτο
1785 735 1888 807 μὲν

280 818 590 922 πρόδηλον,
633 818 714 876 ότι
754 843 890 893 μετα
928 819 1025 877 τὸν
1067 818 1400 894 Σωκρατους
1439 817 1690 878 θανατον
1728 843 1887 876 κατε-

278 903 493 976 πτηχώς
517 902 850 976 Ἀθηναίους
875 929 948 971 ως
972 903 1045 977 μὴ
1077 910 1267 977 δοκοίη
1290 901 1452 961 τοῦθ’
1475 896 1667 976 ὅπερ’
1635 927 1705 976 ην
1719 901 1886 970 ἄθεος

281 988 452 1060 εἶναι,
497 1012 658 1054 κενας
699 987 886 1054 αὐτοῖς
926 987 1322 1089 ανυποστατων
1362 991 1516 1046 θεῶν
1555 986 1886 1062 τερατευσά-
1909 1011 1950 1042 10

277 1097 440 1144 μενος
472 1071 824 1147 ἐζωγραφησε
854 1073 1024 1139 σκιάς.
1086 1070 1213 1130 ου’τε
1245 1097 1348 1145 γαρ
1383 1078 1459 1139 εἰς
1490 1069 1733 1146 οὐρανὸν
1763 1070 1886 1129 ἀνέ-

277 1162 449 1228 βλεψε
479 1171 692 1230 νοεροῖς
721 1154 1062 1230 ὀφθαλμοῖς,
1103 1162 1195 1215 ίνα
1235 1162 1329 1230 τῆς
1363 1159 1628 1255 ἐναργοῦς
1659 1154 1887 1213 ανωθεν

276 1245 467 1313 φωνῆς
498 1239 729 1316 ακούσῃ,
762 1242 825 1313 ἧς
855 1238 883 1298 ὁ
915 1240 1271 1351 προσεκτικὸς
1307 1239 1513 1312 θεατὴς
1543 1239 1885 1308 κατακούσας

230 1347 251 1380 d
278 1324 654 1399 ἐμαρτύρησεν
683 1323 765 1383 ότι
806 1321 880 1382 οἱ
912 1323 1144 1399 ου’ρανοὶ
1177 1330 1497 1399 διηγοῦνται
1523 1325 1689 1393 δόξαν
1719 1329 1883 1396 θεοῦ,

274 1417 498 1483 ποίησιν
539 1411 598 1467 δὲ
636 1417 837 1484 χειρῶν
877 1409 1050 1468 αὐτοῦ
1077 1409 1403 1484 ἀναγγέλλει
1442 1409 1500 1467 τὸ
1543 1405 1877 1483 στερέωμα,”
1907 1430 1947 1463 15

274 1492 401 1551 οὔτε
440 1495 509 1569 τῇ
549 1500 770 1570 διανοίᾳ
802 1501 1057 1552 κατεῖδεν
1099 1502 1176 1562 είς
1215 1493 1520 1567 τοῦδαφος·
1571 1500 1745 1567 ἔμαθε
1775 1493 1881 1567 γὰρ

274 1604 342 1636 αν
372 1578 508 1636 ὅτι“
518 1582 613 1636 τοῦ
647 1581 831 1647 ἐλέους
863 1586 1060 1653 κυρίου
1092 1579 1303 1653 πλήρης
1336 1578 1368 1651 ἡ
1409 1583 1506 1653 γῆ,
1549 1580 1640 1636 καὶ
1671 1576 1754 1636 ὅτι
1782 1581 1884 1635 τοῦ

274 1670 471 1737 κυρίου
493 1662 525 1736 ἡ
549 1667 637 1736 γῆ,
670 1667 761 1721 καὶ
784 1664 842 1721 τὸ
865 1663 1147 1766 πλήρωμα
1165 1662 1348 1737 αὐτῆς.
1358 1661 1389 1683 ”
1432 1665 1524 1720 καὶ
1547 1686 1681 1736 μετα
1711 1665 1881 1720 ταῦτα

272 1772 376 1820 γαρ
408 1767 545 1820 φησι
568 1744 794 1820 “κύριος
837 1755 915 1814 είς
944 1748 1043 1821 τὴν
1075 1752 1183 1821 γῆν
1224 1751 1492 1820 ἐπέβλεψε
1527 1749 1618 1806 καὶ
1650 1749 1878 1818 ἐνέπλη-

274 1852 372 1889 σεν
402 1829 590 1903 αυτὴν
616 1836 727 1888 τῶν
767 1831 999 1904 ἀγαθῶν
1031 1829 1215 1890 αυτοῦ.
1287 1832 1473 1905 ψυχὴν
1503 1829 1706 1898 παντὸς
1738 1828 1878 1907 ζῴου
1901 1853 1942 1886 20

275 1914 514 1984 ἐκάλυψε
552 1914 610 1973 τὸ
641 1914 941 1991 πρόσωπον
972 1914 1196 1989 αὐτῆς.”
1264 1920 1342 1973 12.
1384 1922 1433 1973 εί
1464 1916 1524 1972 δὲ
1555 1913 1628 1988 μὴ
1659 1913 1878 1988 σφόδρα

270 1999 715 2072 τυφλωττουσιν,
781 1999 1281 2069 ἐπισκεψάσθωσαν
1338 2000 1441 2073 τὴν
1508 2006 1878 2073 παμποίκιλον

270 2088 380 2141 τῶν
433 2083 586 2162 ζςόων
638 2084 1205 2158 πολυπληθειαν,·τοὶ
1257 2099 1513 2159 χερσαῖα,
1562 2082 1629 2140 τα
1677 2081 1875 2156 πτηνοὶ,

270 2167 335 2226 τὰ
394 2174 630 2243 ἔνυδρα,
690 2172 781 2227 καὶ
840 2168 1341 2243 κατανοησοέτωσαν
1391 2165 1463 2236 ως
1521 2166 1735 2241 ἀληθὴς
1787 2171 1876 2225 ἐπὶ

270 2256 337 2326 τῇ
380 2277 605 2311 παντων
645 2260 821 2328 κρίσει
869 2279 1097 2327 γεγονεν
1136 2251 1169 2326 ἡ
1210 2260 1484 2328 μαρτυρία
1523 2256 1621 2310 τοῦ
1673 2250 1874 2310 δεσπό-
1896 2278 1938 2311 25

269 2361 367 2393 του
399 2334 528 2394 “noel
568 2361 748 2396 παντα
789 2363 925 2396 κατα
966 2339 1068 2413 τὴν
1109 2338 1278 2396 αὐτοῦ
1321 2337 1619 2414 πρόσταξιν
1659 2339 1874 2410 πέφηνε

270 2418 463 2477 καλά.”

158 2529 252 2570 (784)
401 2509 480 2561 13
543 2505 725 2563 Ταῦτα
771 2531 862 2579 μοι
910 2504 1016 2564 απὸ
1075 2514 1349 2564 πλείστων
1399 2505 1714 2578 ἐξήνθισται
1761 2507 1872 2560 τῶν

268 2587 406 2662 πρὸς
428 2585 751 2664 Ἐπίκουρον
790 2598 1075 2669 Διονυσίῳ
1115 2595 1192 2668 τῷ
1233 2589 1362 2649 καθ’
1411 2587 1550 2663 ἡμᾶς
1591 2585 1869 2663 ἐπισκόπῳ

269 2675 670 2746 πεποιημένων.
749 2683 1042 2747 μετελθεῖν
1090 2677 1152 2732 δὲ
1200 2675 1385 2749 καιρὸς
1428 2673 1556 2740 τοὺς
1607 2674 1729 2744 περὶ
1772 2670 1868 2728 τὸν
1891 2696 1932 2728 30

260 2755 639 2830 Ἀριστοτέλην
669 2761 760 2814 καὶ
790 2758 891 2830 τῂν
929 2766 1040 2817 τῶν
1071 2764 1340 2817 Στωϊκῶν
1370 2766 1691 2831 φιλοσοφων
1722 2760 1868 2829 αἴρε-

269 2860 386 2914 σιν,
429 2839 494 2898 τοὲ
538 2865 595 2898 τε
637 2841 799 2899 λοιποὶ
838 2847 933 2915 τῆς
973 2847 1084 2901 τῶν
1131 2845 1474 2916 θαυμαστῶν
1513 2838 1867 2914 φυσιολόγων
