2014 3146
542 145 755 186 PRAEP.
777 144 998 186 EVANG.
1022 145 1125 186 XII.
1146 147 1212 187 14.
1239 147 1302 189 15.
1679 145 1747 196 97

136 260 409 335 διάφορον
437 263 551 318 τῶν
581 259 765 319 ἄλλων
797 267 874 328 εἰς
904 259 1258 335 ξυναγυρμόν
1279 260 1623 335 φρονήσεως,
1658 260 1748 320 εὕ-

135 369 324 418 κριτον
352 343 436 403 ὅτι
465 351 578 402 τῶν
610 349 714 402 νῦν
744 350 800 402 οἶ
825 344 946 403 τότε
975 353 1186 419 μυρίως
1216 345 1354 419 πρὸς
1385 344 1749 419 εὐδαιμονίαν

59 492 62 494 ,
138 432 413 505 διέφερον.
475 434 523 486 3.
559 436 610 487 εἰ
640 428 692 487 δ’
731 429 1128 503 ἐμπιπλάμενοι
1151 436 1324 488 σίτων
1353 427 1497 503 ἅδην
1528 433 1619 488 καὶ
1650 429 1746 488 πό-

133 539 247 573 των
279 516 590 587 διελέγοντο
620 513 756 588 πρὸς
786 513 1059 587 ἀλλήλους
1090 517 1182 572 καὶ
1211 513 1277 571 τὰ
1301 522 1475 589 θηρία
1505 514 1744 588 μύθους,

90 623 112 654 5
135 597 241 657 οἷοι
274 597 342 672 δὴ
387 601 479 656 καὶ
520 603 697 657 τανῦν
736 601 862 674 περὶ
896 596 1083 656 αὐτῶν
1114 601 1395 671 λέγονται,
1439 601 1530 656 καὶ
1560 598 1744 672 τοῦθ’,

135 682 309 749 οὕτως
349 707 413 755 γε
454 680 577 740 κατ’
622 683 759 756 ἐμὴν
801 682 967 751 δόξαν
1007 680 1438 755 ἀποφήνασθαι,
1479 687 1570 740 καὶ
1601 682 1746 756 μάλα

137 765 404 839 εὔκριτον.
465 766 610 840 ὅμως
652 764 706 824 δ’
751 759 854 825 οὖν
893 771 1065 824 ταῦτα
1094 768 1197 840 μὲν
1237 765 1495 841 ἀφῶμεν,
1545 771 1646 834 ἕως
1677 765 1747 826 ἂν

134 851 269 925 ἡμῖν
307 851 553 925 μηνυτής
591 875 672 917 τις
705 851 891 917 ικανὸς
922 855 1104 926 φανῇ,
1137 853 1380 924 ποτέρως
1411 856 1467 909 οἱ
1502 850 1621 909 τότε
1651 852 1745 919 τὰς
1774 878 1794 910 ι)

136 939 436 1009 ἐπιθυμίας
458 935 607 1009 εἶχον
628 942 761 1008 περί
775 960 834 993 τε
858 938 1171 1009 ἐπιστημων
1192 938 1283 992 καὶ
1307 940 1402 1008 τῆς
1422 960 1534 994 των
1565 935 1747 1009 λόγων

72 1044 113 1076 10
137 1018 361 1095 χρείας.

261 1117 360 1165 XV.
402 1109 616 1177 Μωσῆς
656 1111 997 1178 νομοθεσίαν
1035 1103 1359 1178 ἀνθρώποις
1401 1111 1746 1178 καταβεβλη-

136 1190 298 1262 μένος
332 1187 586 1262 ἐνόμισεν
625 1187 779 1266 αὖτῷ
810 1195 931 1248 δεῖν
961 1188 1347 1263 ἀρχαιολογίας
1379 1191 1438 1246 ἐν
1467 1205 1580 1256 τοῖς
1610 1213 1748 1264 προ-

136 1280 363 1347 οιμίοις·
438 1272 774 1348 μνημονεύει
817 1275 876 1331 δὲ
925 1277 1023 1330 τοῦ
1073 1278 1462 1347 κατακλυσμοῦ
1514 1276 1606 1331 καὶ
1644 1278 1749 1332 του”
1779 1311 1795 1333 e

137 1355 257 1431 μετ’
285 1355 455 1414 αὐτὸν
486 1363 614 1429 βίου
637 1362 749 1415 τῶν
780 1355 1118 1432 ἀνθρώπων,
1151 1365 1338 1415 ἔπειτα
1371 1363 1623 1416 παλαιῶν
1647 1356 1746 1416 ἀν-
1767 1381 1861 1426 [345]

74 1465 115 1497 15
141 1448 291 1515 δρῶν
321 1465 432 1498 των
462 1440 592 1515 παρ’
622 1440 895 1515 Εβραίοις
925 1446 1239 1515 θεοφιλων,
1281 1444 1373 1499 καὶ
1413 1467 1525 1499 των
1557 1443 1619 1499 δε
1648 1441 1749 1500 ἅλ-

138 1535 245 1593 λως
278 1529 339 1584 ἐν
369 1533 761 1599 πλημμελείαις
795 1530 1174 1599 ἐξητασμένων
1204 1526 1305 1600 τὴν
1329 1535 1612 1584 πολιτείαν
1635 1524 1746 1600 ὑφ-

138 1625 380 1713 ηγεῖται,
412 1609 757 1684 κατάλληλον
786 1617 868 1677 οἱς
901 1614 1216 1685 ἐνομοθέτει
1246 1610 1348 1683 τὴν
1378 1613 1503 1684 περὶ
1535 1610 1749 1669 τούτων

138 1693 482 1768 ἡγησάμενος
515 1700 764 1768 ιστορίαν
795 1702 1065 1753 ἔσεσθαι.
1115 1699 1163 1752 2.
1212 1698 1303 1752 καὶ
1343 1694 1372 1752 ὁ
1404 1694 1646 1753 Πλάτων
1688 1698 1750 1753 δε

139 1778 418 1852 ὡσαύτως,
444 1778 746 1853 παρελθών
778 1782 866 1837 ἐπὶ
896 1779 998 1852 τὴν
1028 1784 1139 1838 τῶν
1168 1778 1357 1853 νόμων
1391 1778 1614 1854 γραφὴν
1652 1779 1749 1838 τὸν

76 1889 119 1921 20
143 1862 313 1921 αὐτὸν
351 1867 426 1939 τῷ
460 1872 660 1922 Μωσεῖ
699 1872 852 1936 ζηλοῖ
887 1863 1116 1939 τρόπον·
1166 1867 1225 1922 ἐν
1265 1872 1570 1938 προοιμίοις
1612 1869 1751 1937 γοῦν

138 1952 252 2005 τῶν
275 1946 486 2020 Νόμων
516 1952 581 2021 τῇ
606 1947 723 2005 κατ’
754 1945 925 2006 αὐτὸν
956 1950 1312 2024 ἀρχαιολογίας
1343 1952 1617 2023 κέχρηται,
1650 1974 1751 2006 κα-

138 2036 456 2105 τακλυσμοῦ
486 2032 872 2106 μνημονεύσας
913 2037 1004 2090 καὶ
1042 2036 1142 2091 τοῦ
1182 2031 1317 2106 μετά
1347 2031 1444 2091 τὸν
1474 2042 1749 2091 κατακλυ-

140 2115 280 2190 σμόν
310 2122 463 2188 βίου·
511 2114 811 2191 ἀρχόμενος
850 2122 990 2190 γοῦν
1027 2121 1126 2175 τοῦ
1168 2123 1354 2190 τρίτου
1395 2123 1508 2175 τῶν
1538 2116 1750 2190 Νόμων

147 2198 459 2258 ἐπάκουσον
489 2199 524 2256 ά
553 2220 727 2274 φησιν

77 2308 120 2340 25
259 2277 414 2357 “’AQ'
453 2276 558 2341 οὖν
589 2290 646 2342 οι
671 2286 895 2342 παλαιοὶ
927 2284 1076 2356 λόγοι
1115 2283 1252 2357 ὑμῖν
1290 2283 1562 2357 ἀλήθειαν
1602 2292 1749 2358 ἔχειν
1773 2312 1792 2343 d

142 2391 265 2424 τινα
297 2370 552 2437 δοκοῦσι;

270 2461 434 2509 Ποῖοι
466 2450 563 2523 δή;

278 2535 351 2593 Τὸ
393 2533 595 2602 πολλὰς
635 2534 957 2608 ἀνθρώπων
995 2535 1215 2610 φθοράς
1253 2541 1541 2610 γεγονέναι
1582 2562 1749 2595 κατα-

142 2627 405 2693 κλυσμοῖς
445 2644 503 2677 τε
543 2622 635 2676 καὶ
675 2618 857 2687 νόσοις
898 2623 990 2677 καὶ
1041 2619 1227 2689 ἄλλοις
1267 2630 1517 2695 πολλοῖς,
1570 2625 1628 2680 ἐν
1667 2619 1750 2688 οἷς

79 2727 121 2760 30
145 2703 323 2777 βραχύ
353 2729 404 2761 τι
434 2707 546 2761 τῶν
576 2701 896 2777 ἀνθρώπων
925 2711 1219 2763 λείπεσθαι
1248 2710 1421 2778 γένος.

257 2897 312 2936 25
335 2886 426 2949 Ἆρ’
450 2886 536 2938 οὖν
557 2895 626 2949 -]
661 2897 795 2938 Plato
817 2899 931 2951 Leg.
954 2901 993 2939 3.
1020 2913 1061 2951 p.
1085 2901 1179 2940 677.

227 2978 457 3008 EUSEBIUS
491 2981 543 3007 11.
1441 2986 1452 3018 ⁴
