2014 3146
569 149 782 190 PRAEP.
814 146 1034 191 EVANG.
1067 147 1172 191 ΧΠ.
1206 150 1272 189 21.
1637 148 1734 200 107

121 264 260 339 μήτε
289 262 463 341 νικςόη
493 267 647 322 θέων
679 270 947 337 Θρηίκιον
976 266 1218 337 Βορέην,
1252 265 1391 337 μηδὲ
1421 262 1555 323 ἄλλο
1586 263 1735 342 αὐτῷ
1764 289 1783 321 ι)

124 351 300 423 μηδὲν
328 355 440 407 τῶν
471 351 786 421 λεγομένων
816 345 1049 420 ἀγαθῶν
1079 347 1323 420 γίγνοιτό
1354 365 1508 406 ποτε·
1541 347 1607 406 τοὶ
1630 348 1733 423 γὰρ

123 430 231 492 ὑπὸ
271 437 383 491 τῶν
422 436 644 491 πολλῶν
683 431 954 506 λεγόμενα
994 431 1181 504 ἀγαθὰ
1220 430 1325 489 οὐκ
1363 430 1549 506 ὀρθῶς
1579 437 1734 506 λέγε-

123 543 226 576 ται.
302 523 350 575 3.
398 520 614 590 λέγεται
644 516 750 591 γὰρ
782 516 855 583 ὡς
885 515 1113 589 ἄριστον
1143 518 1245 590 μὲν
1274 513 1571 591 ὑγιαίνειν,
1607 518 1736 575 δεύ-

72 623 100 656 5
121 627 283 676 τερον
315 603 377 660 δὲ
407 601 632 675 κάλλος,
674 607 861 675 τρίτον
902 602 964 658 δὲ
993 605 1252 667 πλοῦτος·
1300 609 1472 675 μυρία
1504 604 1567 660 δὲ
1597 601 1736 660 ἄλλα

124 685 314 759 ἀγαθὰ
354 690 594 759 λέγεται·
637 690 730 743 καὶ
769 685 874 759 γὰρ
917 683 1013 753 ὀξὺ
1050 683 1190 758 ὁρᾶν
1232 688 1324 742 καὶ
1372 685 1599 744 ἀκούειν
1643 690 1735 744 καὶ

122 770 302 829 πάντα
341 769 445 828 ὅσα
486 777 664 844 ἔχεται
693 774 806 827 τῶν
837 768 1159 842 αἰσθήσεων
1191 766 1537 842 εὐαισθήτως
1569 778 1732 845 ἔχειν,

123 863 203 913 ἔτι
244 856 306 912 δε
345 857 438 912 καὶ
477 854 537 912 τό
577 868 760 912 ποιεῖν
797 877 1182 928 τυραννουντα
1221 853 1251 911 ὅ
1280 879 1331 911 τι
1363 879 1434 911 αν
1466 859 1734 930 ἐπιθυμῇ,

122 942 214 997 καὶ
244 938 304 997 τὸ
336 938 405 1012 δὴ
434 941 588 1005 τέλος
617 937 832 1012 απάσης
862 939 1258 1012 μακαριότητος
1291 939 1434 997 εἶναι
1463 938 1523 996 τὸ
1554 938 1734 999 παντα
1765 971 1782 993 e

54 1046 99 1078 ιο
121 1030 294 1082 ταῦτα
323 1026 660 1127 κεκτημένον
689 1021 975 1081 ἀθάνατον
1017 1023 1159 1080 εἶναι
1191 1021 1496 1097 γενόμενον
1526 1022 1608 1081 ότι
1638 1050 1735 1081 τα-

120 1127 292 1182 χιστα.
381 1113 428 1165 4.
475 1107 633 1181 ὑμεῖς
666 1109 726 1165 δε
756 1113 848 1165 καὶ
881 1106 987 1180 ε’γῶ
1032 1131 1142 1165 που
1181 1107 1314 1166 ταδε
1356 1110 1614 1182 λέγομεν,
1663 1108 1735 1176 ὡς

121 1192 292 1250 ταῦτα
324 1196 439 1250 ἐστι
464 1191 756 1266 ,ξύμπαντα
790 1197 1022 1259 δικαίοις
1067 1193 1169 1266 μὲν
1199 1195 1291 1249 καὶ
1322 1189 1495 1260 ὁσίοις
1525 1191 1735 1265 ἄνδρά-

123 1297 215 1334 σιν
253 1275 449 1350 ἄριστα
488 1275 760 1350 κτήματα,
802 1273 1014 1343 ἀδίκοις
1062 1278 1124 1333 δὲ
1165 1276 1396 1334 κάκιστα
1426 1277 1732 1351 ξύμπαντα,

76 1423 80 1426 ἢ
120 1359 399 1435 ἀρξάμενα
438 1359 545 1418 ἀπὸ
584 1365 682 1434 τῆς
725 1359 931 1434 ὑγείας.
1008 1363 1099 1418 καὶ
1143 1360 1211 1433 δὴ
1252 1364 1345 1418 καὶ
1384 1362 1444 1418 τὸ
1474 1360 1613 1434 ὁρᾶν
1643 1366 1735 1419 καὶ

49 1450 100 1499 ἰ5
123 1445 181 1503 τὸ
212 1443 440 1503 ἀκούειν
470 1448 562 1503 καὶ
594 1444 973 1502 αἰσθάνεσθαι
1003 1447 1094 1502 καὶ
1126 1443 1185 1502 τὸ
1217 1444 1482 1518 παράπαν
1513 1450 1607 1518 ζῆν
1637 1450 1736 1520 μέ-

121 1550 312 1603 γιστον
362 1531 464 1603 μὲν
512 1529 685 1587 κακὸν
723 1529 820 1588 τὸν
858 1528 1147 1603 ξύμπαντα
1197 1530 1399 1604 χρόνον
1449 1529 1735 1589 ἀθάνατον

119 1613 255 1672 ὄντα
284 1617 377 1672 καὶ
407 1617 743 1688 κεκτημένον
773 1613 953 1672 πάντα
983 1613 1049 1671 τὰ
1080 1613 1348 1688 λεγόμενα
1378 1613 1566 1686 ἀγαθοὶ
1590 1615 1735 1687 πλὴν

123 1698 479 1772 δικαιοσύνης
518 1721 577 1756 τε
614 1701 708 1756 καὶ
751 1695 947 1772 ἀρετῆς
979 1694 1225 1772 ἁπάσης,
1267 1706 1493 1757 ἔλαττον
1525 1701 1604 1770 δὲ,
1639 1699 1733 1757 ἐὰν
1758 1722 1779 1753 d

123 1782 196 1850 ῶς
235 1781 514 1856 ὀλίγιστον
552 1784 581 1840 ὁ
622 1787 868 1850 τοιοῦτος
909 1782 1110 1857 χρόνον
1152 1783 1365 1860 ἐπιζςόη.
1455 1789 1502 1841 5.
1561 1790 1734 1842 ταῦτα

52 1889 103 1921 20
126 1866 193 1940 δὴ
233 1870 415 1940 λέγειν
454 1868 606 1940 οἶμαι
644 1865 771 1934 τούς
812 1866 944 1940 παρ’
990 1867 1126 1941 ὑμῖν
1156 1867 1402 1969 ποιητὰς,
1434 1865 1575 1940 ἅπερ
1609 1869 1733 1941 ἐγώ,

122 1959 341 2010 πείσετε
379 1955 473 2009 καὶ
515 1949 884 2024 ἇναγκασετε,
926 1955 1018 2009 καὶ
1059 1960 1138 2009 ἔτι
1177 1952 1391 2020 τούτοις
1433 1955 1734 2026 ἑπομένους

123 2035 377 2111 ῥυθμούς
407 2060 466 2094 τε
507 2038 599 2093 καὶ
630 2035 895 2138 ἁρμονίας
926 2035 1234 2104 αποδόντας
1265 2036 1556 2094 παιδεύειν
1585 2036 1733 2094 οὕτω

122 2120 251 2187 τοὺς
281 2122 442 2186 νέους
471 2119 645 2194 ὑμῶν.
722 2122 756 2193 ἠ
786 2145 890 2194 γαρ
925 2119 1116 2194 ὁρᾶτες
1188 2119 1293 2192 ε’γῶ
1322 2145 1427 2194 μεν
1455 2145 1560 2192 γαρ
1592 2123 1733 2193 λέγω

123 2209 314 2278 σαφῶς
343 2230 410 2262 τα
438 2230 540 2278 μεν
570 2204 710 2262 κακὰ
741 2205 1010 2277 λεγόμενα
1050 2203 1236 2276 ἀγαθα
1266 2219 1390 2270 τοῖς
1411 2202 1624 2272 ἀδίκοις
1656 2204 1736 2262 εἷ-

55 2309 101 2341 25
125 2313 247 2359 ναι,
287 2303 400 2355 τοῖς
445 2290 506 2345 δε
547 2295 780 2354 δικαίοις
822 2304 989 2345 κακα
1035 2288 1101 2345 τὰ
1142 2289 1204 2345 δε
1243 2287 1430 2360 ἀγαθα
1479 2302 1592 2355 τοῖς
1632 2313 1734 2362 μεν

124 2371 360 2443 ἀγαθοῖς
400 2370 573 2438 ὅντως
613 2369 828 2443 αγαθα,
869 2386 982 2438 τοῖς
1025 2373 1084 2429 δε
1136 2387 1324 2440 κακοῖς
1364 2397 1520 2430 κακα.
1596 2397 1733 2474 οπερ

125 2457 229 2513 οὐν
258 2455 498 2529 ηρόμην,
539 2458 646 2530 ἀρα
676 2459 1082 2529 ξυμφωνούμεν
1113 2455 1219 2530 ἐγώ
1260 2481 1318 2515 τε
1349 2461 1441 2514 καὶ
1471 2454 1658 2531 υμεῖς,
1700 2482 1732 2529 η

126 2539 300 2610 πῶς;’

252 2630 301 2682 6.
354 2621 436 2682 Οὐ
487 2622 674 2698 πόρρω
715 2627 886 2682 ταῦτα
936 2623 1196 2698 τυγχάνει
1244 2628 1357 2683 τῶν
1401 2629 1500 2682 τοῦ
1544 2627 1733 2696 Δαβὶδ

62 2728 105 2760 30
128 2713 378 2782 ψαλμῶν,
411 2706 509 2776 οὓς
540 2708 838 2780 προλαβὼν
867 2715 1008 2786 θείῳ
1039 2708 1315 2782 πνεύματι
1347 2711 1608 2776 συνέταξε
1653 2706 1730 2765 δι’

130 2791 293 2867 ᾠδῶν
323 2795 414 2849 καὶ
443 2791 638 2866 ὕμνων
667 2799 748 2860 τίς
779 2794 881 2866 μὲν
910 2792 938 2850 ὃ
971 2790 1196 2866 ἀληθῶς
1226 2792 1518 2867 μακάριος,
1559 2800 1640 2859 τίς
1673 2794 1733 2849 δὲ

127 2872 156 2932 ὁ
197 2875 373 2954 τούτῳ
415 2881 662 2943 ἐναντίος
705 2875 1022 2944 παιδεύσας.
1101 2881 1367 2935 ἐντεῦθεν
1406 2880 1544 2950 γοῦν
1586 2875 1733 2951 αὐτῷ
