2014 3146
249 120 353 172 246
930 119 1177 160 EUSEssn

752 230 836 254 ’Ἃ

137 260 228 303 [709]
254 240 432 311 ἐχέτω.
505 241 585 293 17.
631 241 689 293 τί
716 241 749 293 6
802 260 874 292 αν
906 243 1078 302 εἴποις
1108 233 1310 309 μαθών
1351 259 1423 302 ως
1454 237 1546 293 καὶ
1589 234 1662 309 μὴ
1696 235 1861 309 ἐκφέ-

250 347 370 393 ρειν
403 327 479 387 είς
511 323 630 394 φῶς
660 318 725 376 τά
756 319 1040 393 κυούμενα
1070 318 1415 394 προστάττει,
1448 323 1628 393 λέγων
1659 312 1798 391 ωδε;

366 404 642 462 “Γυναικὶ
670 405 792 478 μὲν,
822 397 894 477 ἦν
924 403 976 461 δ’
1013 402 1138 477 ἐγώ,
1169 402 1446 479 ἀρξαμένῃ
1477 401 1584 461 άπὸ
1615 406 1861 463 εἰκοσαέ-

249 494 398 556 τιδος
449 492 606 564 μέχρι
658 491 1253 563 τεσσαρακονταέτιδος
1301 494 1508 546 τίκτειν
1558 492 1624 563 τῇ
1677 488 1859 547 πόλει·

249 571 416 646 άνδρὶ
448 574 527 646 δε,
563 572 788 631 ἐπειδὰν
817 571 918 646 τὴν
947 570 1216 647 ὀξυτάτην
1247 572 1455 648 δρόμου
1486 569 1667 646 ἀκμὴν
1690 576 1924 648 παρῇ,5

249 655 309 715 τὸ
340 655 447 715 άπὸ
477 657 678 716 τούτου
719 661 926 732 γεννᾶν
966 662 1032 734 τῇ
1072 657 1229 716 πόλει
1267 660 1425 732 μέχρι
1463 680 1859 716 πεντεκαιπεν-

248 739 691 816 vnxovwaez'vovgf'

380 832 463 884 18
515 825 614 894 Οἷς
647 830 884 901 ἐπιλέγει

369 907 400 931 “
413 910 581 970 Ὅταν
612 913 673 969 δὲ
705 909 793 984 δὴ,
827 912 1009 985 οἶμαι,
1052 916 1113 968 αἵ
1146 936 1205 970 τε
1235 925 1496 984 γυναῖκες
1539 912 1629 968 καὶ
1671 915 1729 968 οἱ
1765 908 1866 968 ἅν-

251 1000 378 1069 δρες
409 999 507 1054 τοῦ
536 1000 741 1068 γεννᾶν
773 999 976 1068 ἐκβῶσι
1006 994 1108 1069 τὴν
1138 992 1390 1069 ἡλικίαν,
1434 994 1723 1068 ἀφήσομέν
1754 1018 1862 1052 που
1886 1021 1927 1054 10

251 1083 582 1156 ἐλευθέρους
613 1078 815 1148 αὐτους
849 1087 1218 1154 συγγίνεσθαι
1252 1073 1284 1156 ᾗ
1316 1076 1386 1137 ἂν
1419 1077 1702 1138 ἐθέλωσιΫ

377 1167 491 1223 Καὶ
523 1168 764 1238 ἐπιλέγει

202 1259 225 1292 b
369 1248 921 1323 “Διακελευσάμενοι
951 1260 1370 1324 προθυμεῖσθαι
1400 1247 1635 1322 μάλιστα
1665 1248 1769 1322 μὲν
1790 1246 1864 1322 μὴ

252 1339 328 1399 εἰς
359 1337 477 1407 φῶς
510 1337 766 1409 ἐκφέρειν
796 1334 979 1408 κύημα
1009 1335 1204 1408 μηδεν,
1240 1332 1335 1392 ἐάν
1365 1336 1613 1406 γένηται·
1677 1331 1773 1391 ἐὰν
1804 1335 1870 1391 δέ

249 1443 330 1484 τις
361 1417 638 1492 βιάσηται,
670 1417 814 1476 οὕτω
846 1422 1063 1477 τιθέναι
1105 1444 1177 1487 ως
1208 1416 1310 1477 οὐκ
1340 1416 1511 1492 οὔσης
1550 1422 1757 1494 τροφῆς
1787 1419 1866 1496 τῷ
1887 1441 1928 1474 15

249 1501 508 1581 τοιούτῳῖ

376 1591 488 1645 Καὶ
518 1587 582 1646 τά
612 1613 715 1661 μεν
744 1591 872 1662 περὶ
912 1592 1196 1662 γυναικῶν
1237 1585 1455 1661 άγωγῆς
1497 1590 1736 1645 τοιαῦτα.
1799 1611 1866 1644 τα

252 1673 313 1729 δε
343 1675 470 1747 περὶ
504 1681 702 1775 ἔρωτος
735 1676 1012 1747 ἐκθέσμου
1046 1672 1356 1730 ἐπάκουσον
1385 1679 1476 1730 οἱα
1504 1669 1765 1745 τυγχάνει

209 1772 227 1794 ‘²
378 1768 480 1817 XX.
540 1754 725 1815 ‘⁹'va
757 1759 818 1813 68
847 1764 1067 1832 χρονίζῃ
1093 1764 1253 1816 τοῦτο
1287 1761 1440 1830 δρῶν
1481 1756 1573 1813 κάὶ
1596 1753 1864 1829 πλησιάζῃ

249 1840 385 1913 μετὰ
413 1845 512 1897 τοῦ
543 1839 821 1899 ἅπτεσθαι
854 1847 916 1899 ἔν
957 1865 1016 1898 τε
1045 1847 1372 1915 γυμνασίοις
1403 1843 1495 1897 καὶ
1527 1843 1587 1898 ἐν
1616 1853 1735 1907 ταῖς
1765 1837 1865 1896 ἅλ-
1887 1866 1928 1898 20

251 1932 369 1990 λαις
399 1920 653 1998 ὁμιλίαις,
686 1926 807 1983 τότε
839 1923 907 1998 δὴ
939 1922 972 1999 ἡ
1003 1929 1102 1983 τοῦ
1140 1924 1408 2001 ῥεύματος
1450 1929 1666 1982 ἐκείνου
1697 1923 1866 1997 πηγὴ,

249 2005 316 2065 ὃν
346 2014 538 2082 ἵμερον
579 2008 722 2077 Ζεύς
760 2009 1130 2084 Γανυμήδους
1173 2014 1315 2084 ἐρῶν
1357 2007 1638 2083 ὠνόμασε,
1691 2007 1866 2080 πολλὴ

250 2095 528 2171 φερομένη
560 2093 694 2168 πρὸς
736 2093 832 2152 τὸν
861 2094 1112 2168 ’ἐραστὴν
1163 2094 1196 2168 ἡ
1229 2096 1331 2168 μὲν
1363 2101 1440 2161 εἰς
1481 2090 1648 2151 αὐτὸν
1680 2098 1800 2166 ἔδυ,
1831 2089 1866 2165 ἡ

254 2177 302 2233 δ’
339 2175 827 2253 άπομεστουμένου
859 2183 959 2247 ἔξω
991 2178 1245 2253 ἀπορρεῖ·
1310 2181 1402 2236 καὶ
1433 2175 1552 2236 οἷον
1583 2181 1803 2251 πνεῦμα
1833 2174 1866 2250 ἥ

249 2286 330 2327 τις
361 2261 475 2335 ἠχώ
506 2262 613 2321 ἀπὸ
661 2269 826 2322 λείων
866 2288 925 2322 τε
967 2266 1059 2321 καὶ
1102 2268 1342 2339 στερεῶν
1386 2262 1658 2336 ἁλλομένη
1698 2261 1866 2319 πάλιν
1888 2285 1928 2318 25

205 2344 389 2405 ᾱὸθεν
421 2345 655 2422 ὡρμήθη
697 2351 949 2422 φέρεται,
993 2346 1138 2411 οὕτω
1182 2348 1242 2405 τὸ
1272 2351 1371 2406 τοῦ
1413 2346 1648 2414 κάλλους
1690 2349 1867 2422 ῥεῦμα

251 2427 420 2487 πάλιν
451 2437 528 2497 είς
558 2431 655 2490 τὸν
683 2432 854 2490 καλὸν
889 2432 979 2490 διὰ
1008 2436 1120 2490 τῶν
1143 2431 1403 2506 ὀμμάτων
1427 2430 1532 2504 cdv,
1556 2422 1595 2505 ᾗ
1616 2433 1869 2505 πέφυκεν

253 2515 343 2569 ἐπὶ
372 2512 474 2586 τὴν
505 2516 690 2590 ψυχὴν
733 2519 875 2574 ἰέναι
919 2516 1290 2590 ἀφικόμενον,
1332 2519 1423 2574 καὶ
1466 2515 1868 2589 άναπτερῶσαν

251 2596 347 2663 τὰς
380 2597 602 2666 διόδους
634 2603 746 2657 ταῖν
777 2608 1024 2676 πτερῶν,
1066 2602 1226 2675 ἄρδει
1264 2624 1322 2658 τε
1363 2603 1456 2657 καὶ
1488 2597 1708 2674 ὥρμησε
1738 2621 1869 2656 πτε-

1887 2705 1929 2737 30

393 2823 418 2860 3
443 2819 651 2861 Γυναικὶ
676 2835 766 2873 μεν
791 2819 863 2874 —]
890 2821 1026 2861 Plato
1048 2823 1163 2874 Rep.
1188 2823 1229 2864 5.
1250 2836 1293 2875 p.
1315 2822 1413 2862 460.

367 2878 417 2916 19
428 2868 586 2918 Ὀταν
609 2871 662 2918 68
689 2875 760 2931 -—]
786 2877 981 2918 Phaedr.
1006 2891 1047 2930 p.
1074 2879 1170 2920 255.
