2014 3146
268 112 371 164 368
950 111 1195 152 EUSEBII

268 248 359 285 σιν
402 234 608 298 δεῖται,
657 229 725 300 τῇ
776 224 826 282 δ’
885 223 1055 282 αὑτοῦ
1106 227 1275 299 λεπτῇ
1322 227 1414 281 καὶ
1464 230 1697 300 ταπεινῇ
1755 231 1877 300 δρι-

266 311 462 384 μύτητι
507 310 820 381 πιστεύων,
878 309 995 383 ἥτις
1043 315 1304 367 διαδῦναι
1348 310 1450 381 μὲν
1497 313 1608 367 τῶν
1650 313 1737 367 ἐπὶ
1776 317 1875 384 γῆς

267 419 603 468 πραγματων
636 397 724 452 καὶ
768 388 869 467 τὴν
905 397 964 452 ἐν
1000 394 1212 461 τούτοις
1248 391 1522 464 ἀλήθειαν
1557 399 1700 452 ι’δειν
1741 395 1876 452 ε’δῦ-

265 504 426 551 νατο,
467 483 562 552 τῆς
603 478 653 536 δ’
690 477 863 545 ὅντως
905 476 1172 552 ἀληθείας
1212 481 1544 536 ἐποπτεῦσαι
1585 477 1645 535 τὸ
1678 485 1875 537 πεδίον

222 584 240 615 b
266 563 367 637 οὐχ
398 569 487 622 οία
517 588 576 621 τε
605 555 702 636 ἦν,
737 562 888 639 αὐτῷ
916 563 1112 621 κανόνι
1141 566 1232 621 καὶ
1274 565 1434 654 κριτῇ
1461 587 1574 619 των
1601 561 1742 663 ὑπὲρ
1773 564 1872 621 αῦ-
1899 587 1918 617 5

264 646 362 705 τὸν
402 667 772 723 χρησαμενος,
824 647 1047 720 απέγνω
1087 672 1240 714 τινας
1281 647 1425 704 εἶναι
1478 653 1621 712 ἰδίας
1661 647 1877 720 φύσεις,

266 738 385 798 οίας
417 733 656 791 Πλάτων
702 739 871 806 ἔγνω,
918 732 1121 806 λήρους
1169 735 1230 789 δὲ
1271 734 1364 787 καὶ
1393 740 1754 804 τερετίσματα
1785 737 1875 790 καὶ

265 824 542 892 φλυαρίας
587 817 890 890 ε’τολμησεν
930 824 1109 874 εἰπειν
1139 841 1204 874 τα
1245 822 1357 873 τῶν
1386 814 1564 873 ὄντων
1605 815 1873 876 ἀνώτατα.

264 906 313 959 2.
346 902 405 958 τὸ
446 903 549 974 μὲν
587 903 690 959 οῦν
730 927 902 977 ακρον
941 926 999 959 τε
1031 905 1124 958 καὶ
1164 907 1395 1003 ἔσχατον
1434 925 1546 959 των
1575 901 1876 969 Πλατωνος

264 986 734 1087 φιλοσοφηματων
777 990 890 1044 ἐστὶ
920 985 980 1043 τὸ
1020 988 1147 1059 περὶ
1177 984 1280 1058 τὴν
1310 984 1515 1058 νοητὴν
1544 984 1753 1057 ταύτην
1783 989 1875 1043 καὶ
1902 1011 1940 1042 10

263 1067 448 1128 α’ίδιον
477 1069 678 1128 οὐσίαν
707 1068 810 1142 τὴν
839 1096 952 1128 των
985 1075 1178 1139 ι’δεων,
1222 1077 1365 1127 ἔνθα
1397 1068 1465 1141 δὴ
1497 1069 1662 1135 πόνος
1694 1094 1754 1126 τε
1785 1073 1875 1126 καὶ

265 1153 419 1226 ἄγων
451 1161 673 1228 ἔσχατος
715 1159 781 1228 τῇ
822 1159 972 1228 ψυχῇ
1012 1154 1310 1227 πρόκειται.
1384 1150 1413 1210 ὁ
1442 1155 1544 1226 μὲν
1575 1153 1679 1226 γὰρ
1710 1179 1878 1227 μετα-

265 1237 413 1312 σχων
445 1242 535 1295 καὶ
569 1237 894 1312 ἐφικόμενος
937 1236 1106 1311 αὐτῆς
1137 1237 1356 1305 πάντως
1390 1235 1701 1311 εὐδαίμων,
1753 1235 1782 1295 ὁ
1816 1242 1875 1296 δὲ

217 1351 235 1373 c
264 1319 627 1396 ἀπολειφθεὶς
658 1326 750 1380 καὶ
781 1321 1133 1397 ἀδυνατήσας
1173 1324 1386 1399 θεωρὸς
1427 1328 1692 1395 γενέσθαι
1732 1322 1877 1381 πάνο

262 1432 368 1474 τως
414 1406 638 1481 ἄμοιρος
685 1407 1040 1482 εὐδαιμονίας
1087 1415 1484 1465 καταλείπεται.
1559 1412 1606 1464 3.
1651 1410 1743 1464 καὶ
1784 1407 1874 1464 δια
1899 1431 1938 1463 15

262 1496 423 1550 τοῦτο
447 1491 686 1550 Πλάτων
716 1517 775 1550 τε
808 1497 1058 1566 πανταχῆ
1092 1499 1488 1565 διαγωνίζεται,
1525 1491 1745 1558 δεικνὺς
1774 1493 1875 1564 την

265 1575 428 1649 ι’σχῦν
456 1576 672 1634 τούτων
694 1581 806 1634 τῶν
825 1576 1079 1650 φύσεων·
1121 1575 1248 1635 οὔτε
1270 1577 1374 1649 γὰρ
1399 1583 1583 1633 αἰτίαν
1595 1574 1875 1634 ὡντινων-

262 1665 367 1718 οῦν
407 1659 722 1718 ἀποδοῦναί
758 1681 931 1735 φησιν
982 1659 1102 1719 οἷόν
1139 1685 1198 1719 τε
1244 1663 1386 1719 εἶναι
1426 1664 1630 1733 καλῶς,
1679 1657 1750 1719 ἂν
1800 1660 1874 1734 μὴ

263 1744 479 1803 τούτων
508 1749 760 1818 μεθέξει,
803 1744 931 1803 οὔτε
961 1750 1172 1818 γνῶσίν
1201 1770 1348 1812 τινος
1379 1744 1652 1817 ἀληθοῦς,
1699 1741 1769 1801 ἂν
1799 1744 1872 1818 μὴ

262 1832 331 1903 τῇ
360 1827 496 1903 πρὸς
525 1832 696 1886 ταῦτα
720 1854 1003 1904 αναφορα,
1038 1827 1161 1886 αλλ’
1188 1827 1324 1886 οῦδε
1348 1828 1515 1900 λόγου
1540 1831 1869 1901 μετέσεσθαί
1894 1851 1935 1883 20

261 1933 435 1981 τισιν,
470 1919 520 1969 ει’
547 1913 620 1986 μὴ
652 1911 752 1985 τὴν
782 1913 996 1970 τούτων
1037 1911 1238 1971 οὐσίαν
1267 1910 1687 1986 ὁμολογήσειαν·
1738 1918 1785 1970 4.
1821 1919 1878 1970 οἵ

262 1996 308 2054 τ’
358 1990 429 2054 αὗ
469 2022 534 2053 τα
577 2002 674 2055 τοῦ
716 1998 1015 2065 Πλάτωνος
1061 2017 1389 2055 συνισταναι
1435 1997 1733 2070 ἐγνωκότες
1777 1997 1873 2054 τὸν

261 2090 521 2139 πλειστον
552 2080 741 2154 αγῶνα
771 2107 883 2139 των
913 2081 1095 2155 λόγων
1127 2087 1187 2140 ἐν
1227 2081 1402 2139 τούτω
1442 2089 1692 2139 τίθενται
1724 2105 1873 2139 πανυ

261 2165 590 2238 ἀναγκαίως,
652 2165 823 2224 οὐδὲν
854 2166 958 2241 γὰρ
990 2175 1067 2224 ε”τι
1097 2166 1156 2223 τὸ
1189 2164 1553 2224 Πλατωνικὸν
1583 2164 1872 2223 ἀπολείπε-

217 2267 238 2298 d
261 2275 382 2324 ται,
418 2257 468 2308 ει’
496 2250 570 2323 μὴ
602 2276 696 2317 τας
729 2250 947 2324 πρώτας
988 2255 1080 2308 καὶ
1111 2250 1482 2356 ἀρχικωτατας
1516 2249 1711 2323 φύσεις
1741 2250 1869 2307 ταύ-
1892 2275 1935 2308 25

261 2358 355 2400 τας
387 2334 807 2443 σνγχωρησεταί
831 2362 911 2403 τις
945 2335 1132 2402 αὐτοις
1163 2332 1303 2408 ῦπερ
1337 2335 1650 2402 Πλατωνος.
1697 2339 1871 2391 ταῦτα

262 2443 366 2490 γαρ
399 2422 548 2475 ἐστιν
589 2427 669 2486 οἱς
700 2419 934 2492 μαλιστα
967 2445 1079 2477 των
1110 2417 1295 2476 αλλων
1324 2420 1596 2492 ὑπερέχει.
1658 2425 1705 2476 5.
1740 2418 1873 2490 νοή-

263 2519 361 2567 σας
399 2527 504 2574 γαρ
545 2503 684 2560 θεὸν
722 2505 857 2575 πρὸς
900 2501 1037 2562 αὐτα
1078 2529 1188 2562 των
1229 2503 1491 2561 ἁπάντων
1531 2507 1739 2576 πατέρα
1778 2506 1870 2559 καὶ

265 2587 605 2659 δημιουργὸν
635 2591 726 2644 καὶ
760 2588 1035 2660 δεσπότην
1076 2591 1166 2645 καὶ
1199 2587 1506 2661 κηδεμόνα,
1548 2589 1639 2644 καὶ
1670 2594 1870 2660 γνωρί-

263 2678 370 2738 ζων
389 2674 448 2728 ἐκ
470 2675 581 2728 τῶν
606 2677 784 2745 ἔργων
806 2671 903 2730 τὸν
925 2679 1177 2746 τεχνίτην
1201 2671 1468 2745 πρότερον
1491 2676 1686 2743 νοῆσαι
1709 2677 1869 2727 τοῦτο
1893 2694 1933 2727 30

262 2752 291 2811 ὃ
322 2758 505 2826 μέλλει
539 2756 995 2829 δημιουργήσειν,
1043 2754 1157 2814 εἶθ’
1200 2756 1344 2813 οὕτω
1376 2759 1453 2832 τῷ
1480 2757 1743 2827 νοηθέντι
1775 2779 1867 2811 κα·

261 2837 421 2895 τόπιν
454 2842 541 2896 ἐπὶ
571 2843 684 2897 τῶν
715 2840 1051 2914 πραγμάτων
1090 2839 1390 2915 προσάγειν
1419 2839 1521 2911 τὴν
1550 2835 1864 2912 ὁμοιότητα·
