2014 3146
274 134 375 187 112
950 135 1197 176 EUSEBII

271 250 377 325 νὴν
406 255 506 309 τοῦ
535 257 871 324 μαρτυρίου,
913 245 946 320 ἢ
978 251 1514 323 προσπορευομένων
1552 247 1711 324 ὑμῶν
1744 249 1881 326 πρὸς

271 335 331 393 τὸ
373 333 803 406 θυσιαστήριον,
856 335 947 389 καὶ
998 329 1065 389 οὐ
1124 331 1222 435 μὴ’,
1257 332 1599 406 ἀποθάνητε·
1646 334 1881 408 νόμιμον

272 419 500 476 αἰώνιον
541 425 618 485 εἰς
659 417 754 484 τὰς
784 415 978 490 γενεὰς
1007 413 1222 490 ὑμῶν.”
1297 414 1326 474 ὁ
1359 419 1420 475 δὲ
1451 417 1614 486 αὐτὸς
1645 422 1737 476 καὶ
1766 433 1881 484 τοῖς

276 502 445 576 εὐχὴν
501 499 817 575 εὐχομένοις
858 511 1154 574 νομοθετεῖ
1189 503 1368 574 λέγων
1413 498 1663 576 “ἆνὴρ’
1640 501 1674 576 η’
1715 503 1879 576 γυνὴ,

271 585 330 654 ὃς
360 583 431 644 ἂν
460 586 710 660 μεγάλως
742 584 963 658 εὔξηται
988 583 1176 659 εὐχὴν,
1201 583 1679 659 ἀφαγνίσασθαι
1651 594 1881 659 αγνείαν
1925 611 1946 645 5

226 706 243 728 e
272 678 468 748 κυρίῳ,
501 670 608 728 ἀπὸ
639 680 796 728 οἴνου
827 673 917 727 καὶ
949 676 1141 743 σίκερα
1171 668 1595 743 ἁγνισθήσεται·
1649 673 1740 728 καὶ
1762 669 1882 739 ὅξος

275 759 327 824 ἐξ
359 765 545 827 οἴνου,
589 757 681 812 καὶ
720 753 841 823 ὅξος
884 757 942 811 ἐκ
984 761 1175 828 σίκερα
1207 752 1274 812 οὐ
1306 752 1541 812 πίεται.”
1619 754 1759 812 ἀλλὰ
1791 757 1882 812 καὶ

274 838 545 913 Σολομόεῑν
573 838 700 905 τοὺς
730 837 999 912 ἄρχοντας
1030 841 1122 895 καὶ
1151 837 1280 905 τοὺς
1307 839 1566 907 δικαστὰς
1592 848 1764 912 εἴργει
1787 844 1882 912 τῆς

274 923 538 1033 χρήσεῳς,
565 926 742 996 λέγων
765 921 793 943 “
813 921 949 1031 μετὰ
973 926 1178 995 βουλῆς
1202 922 1381 981 πάντα
1404 930 1568 996 ποίει,
1593 924 1730 1032 μετὰ
1753 930 1884 997 βου-

166 1033 252 1079 [352]
275 1015 395 1082 λης
410 1006 700 1066 οἰνοπότει.
776 1013 833 1065 οἱ
869 1007 1139 1066 δυνασται
1179 1006 1461 1081 θυμώδεις
1504 1010 1674 1081 εἰσὶν,
1727 1008 1884 1066 οἶνον
1907 1032 1948 1064 10

236 1092 347 1176 μὴ
379 1095 720 1165 πινέτωσαν,
761 1097 855 1149 ἵνα
893 1091 967 1164 μὴ
1008 1090 1227 1158 πιόντες
1261 1091 1634 1150 ἐπιλαθωνται
1663 1094 1758 1165 τῆς
1790 1113 1886 1150 σο-

274 1185 405 1284 φίας
446 1180 540 1234 καὶ
579 1183 691 1234 τῶν
722 1175 926 1234 πόνων
1057 1179 1146 1232 καὶ
1188 1175 1216 1233 ὁ
1257 1173 1560 1245 ἀπόστολος
1601 1177 1663 1234 δε
1701 1175 1885 1234 νόσων

275 1266 436 1319 ε’νεκα
490 1263 766 1334 ἐπιτρέπει
827 1263 1081 1337 Τιμοθέῳ
1130 1257 1354 1332 λέγων
1359 1259 1559 1339 ὀλίγῳ
1599 1270 1734 1339 οἴνῳ
1774 1264 1886 1334 χρῶ

277 1346 367 1404 διὰ
406 1344 502 1403 τὸν
541 1343 814 1419 στόμαχόν
866 1363 968 1402 σου
1021 1346 1111 1402 καὶ
1163 1344 1258 1412 τὰς
1308 1343 1521 1412 πυκνάς
1569 1364 1671 1403 σου
1711 1344 1887 1403 ἀσθε-

275 1428 477 1497 νείας.”
1908 1453 1949 1486 15

231 1543 253 1575 d
402 1526 566 1575 XXVl.
608 1510 636 1534 “
656 1519 730 1571 Ee
755 1519 949 1571 τοίνυν
978 1512 1166 1587 ἄκροις
1198 1520 1274 1581 εἰς
1309 1520 1647 1587 φιλοσοφίαν
1677 1512 1886 1581 πόλεώς

275 1624 355 1666 τις
394 1597 610 1671 ἀνάγκη
654 1601 1054 1672 ἐπιμεληθῆναι
1094 1595 1128 1671 ἢ
1170 1602 1399 1671 γε’γονεν
1455 1601 1515 1655 ἐν
1558 1603 1633 1676 τῷ
1675 1595 1886 1675 ἀπείρῳ

276 1688 351 1760 τῷ
383 1680 793 1755 παρεληλυθότι
824 1681 1005 1759 χρόνῳ
1035 1679 1069 1755 ἢ
1100 1685 1191 1739 καὶ
1223 1688 1329 1740 νῦν
1354 1686 1504 1740 ἐστιν
1527 1689 1588 1740 ἔν
1610 1707 1718 1740 τινι
1749 1689 1888 1755 βαρ-

277 1771 489 1843 βαρικῷ
528 1765 707 1843 τόπῳ,
749 1765 937 1841 πόρρω
990 1789 1098 1823 που
1139 1764 1290 1833 έκτός
1328 1767 1445 1824 ὄντι
1488 1770 1583 1839 τῆς
1622 1765 1887 1841 ἡμετέρας

277 1849 484 1923 ὅψεως,
525 1847 558 1922 ἢ
590 1852 680 1907 καὶ
711 1855 898 1907 ἔπειτα
927 1851 1242 1923 γενήσεται,
1284 1852 1410 1923 περὶ
1452 1850 1650 1908 τούτου
1681 1854 1885 1924 ἕτοιμοι
1907 1875 1949 1908 20

278 1940 354 2012 τῷ
386 1934 531 2012 λόγῳ
563 1932 962 2008 διαμάχεσθαι,
1005 1933 1077 2000 ὡς
1115 1937 1344 2007 γέγονεν
1374 1932 1407 2006 ἡ
1440 1938 1700 2008 εἰρημένη
1731 1944 1888 1993 πολι-

170 2026 415 2092 (οοοηεία,
448 2022 539 2076 καὶ
570 2025 702 2090 ἔστι,
734 2021 824 2075 καὶ
856 2017 1152 2091 γενήσεταί
1175 2043 1256 2090 γε,
1289 2017 1422 2076 ὅταν
1453 2017 1590 2091 αὐτὴ
1621 2016 1654 2092 ἡ
1681 2023 1887 2077 Μοῦσα

279 2104 489 2171 πόλεως
531 2101 794 2176 ἐγκρατὴς
833 2106 1071 2175 γένηται.
1147 2101 1212 2160 οὐ
1253 2102 1357 2174 γὰρ
1409 2101 1682 2171 ἀδύνατος
1731 2106 1886 2176 γενέ-

281 2200 435 2261 σθαι,
466 2185 596 2245 οὐδ’
630 2183 785 2261 ἡμεῖς
814 2186 1064 2245 ἀδύνατα
1095 2189 1341 2260 λέγομεν.
1357 2183 1386 2205 ”

233 2297 256 2328 b
412 2283 596 2333 XXVII.
631 2269 846 2348 “Αὐτῳ
880 2272 940 2328 δε
971 2272 1105 2346 πρὸς
1129 2269 1327 2329 ἑαυτὸν
1357 2270 1591 2343 πότερον
1623 2296 1694 2340 ως
1724 2279 1887 2329 πολε-
1911 2295 1951 2327 25

280 2362 388 2432 μίῳ
419 2354 554 2428 πρὸς
585 2358 847 2428 πολέμιον
881 2352 1274 2428 διανοητέον,
1253 2381 1286 2429 η
1317 2361 1433 2423 πῶς
1463 2363 1542 2414 ε’τι
1572 2359 1829 2430 λέγομεν;

403 2431 465 2496 Ὦ
506 2441 627 2506 ξένε
661 2436 950 2511 Ἀθηναιε,
994 2437 1085 2512 (ου
1125 2440 1229 2514 γάρ
1269 2458 1331 2497 σε
1353 2438 1598 2498 Ἀττικὸν
1627 2436 1884 2514 ἐθέλοιμ’

282 2519 353 2581 ἄν
394 2522 853 2597 προσαγορεύειν·
899 2529 1077 2590 δοκεῖς
1116 2549 1221 2597 γαρ
1252 2549 1344 2597 μοι
1374 2528 1468 2597 τῆς
1498 2528 1639 2582 θεοῦ
1671 2527 1886 2581 ἐπωνυ-

282 2613 409 2679 μιάς
456 2604 603 2674 ἄξιος
655 2606 797 2663 εἶναι
846 2611 1056 2679 μᾶλλον
1109 2606 1543 2680 ἐπονομαζεσθαι
1557 2608 1594 2680 ·)
1645 2607 1741 2664 τὸν
1780 2631 1884 2679 γαρ

283 2690 451 2792 λόγον
480 2689 562 2747 ἐπ’
599 2688 774 2764 ἀρχὴν
805 2688 990 2763 ὀρθῶς
1013 2688 1308 2763 ἀναγαγών
1331 2694 1674 2765 σαφέστερον
1698 2695 1886 2763 ε’ποίη-
1908 2712 1948 2745 3ο

400 2829 451 2868 16
484 2789 549 2868 Εί
575 2826 739 2869 τοίνυν
769 2826 842 2880 -]
878 2827 1012 2868 Plato
1044 2828 1154 2880 Rep
1188 2829 1226 2868 6.
1260 2841 1303 2880 p
1335 2830 1417 2869 499
1441 2842 1478 2868 c.

400 2885 453 2923 25
485 2874 619 2937 Αὐτῷ
651 2882 716 2937 -]
750 2884 884 2925 Plato
915 2885 1029 2937 Leg.
1064 2886 1101 2924 1.
1133 2896 1175 2936 p.
1209 2886 1290 2925 626
1312 2883 1351 2926 d.
