2014 3146
289 129 356 180 36
954 127 1203 171 EUSEBII

289 249 423 317 ζῶν,
468 249 675 315 ἔνδηλα
714 245 885 299 ταῦτα
925 245 1016 299 καὶ
1055 242 1483 316 τελευτήσαντος
1521 237 1593 317 ἧν
1623 243 1830 316 πάντα,
1862 242 1896 316 ἢ

183 327 351 388 (578)τά
382 328 556 385 πολλὰ
587 331 685 384 ε’πί
709 350 833 383 τινα
863 325 1080 400 χρόνον.
1123 325 1325 386 ταύτὸν
1347 327 1417 400 δή
1447 352 1538 401 μοι
1571 334 1728 387 δοκεῖ
1751 327 1891 386 τοῦτ’

286 412 393 484 ἄρα
423 415 515 468 καὶ
545 413 671 485 περὶ
701 409 803 483 τὴν
827 408 1012 483 ψυχὴν
1033 410 1194 482 εἶναι,
1228 403 1273 467 οἶ
1291 419 1645 479 Καλλίκλεις·
1691 419 1896 485 ἔνδηλα

288 496 466 554 πάντα
499 498 648 553 ἐστὶν
681 498 742 552 ἐν
770 498 839 569 τῇ
869 499 1048 568 ψυχῇ,
1093 494 1320 552 ἐπειδὰν
1358 501 1632 570 γυμνωθῇ
1663 500 1763 554 τοῦ
1791 497 1895 554 σώ-

284 604 471 653 ματος,
502 579 568 637 τά
591 603 649 637 τε
666 583 761 652 τῆς
786 577 1007 652 φύσεως
1039 581 1131 636 καὶ
1160 579 1227 636 τὰ
1255 579 1556 653 παθήματα
1585 580 1650 638 τὰ
1683 579 1774 637 διὰ
1796 580 1898 654 τὴν
1921 611 1941 642 5

288 664 643 738 ἐπιτήδευσιν
667 662 899 721 ἑκάστου
923 663 1258 737 πράγματος,
1291 660 1361 736 ἣν
1386 671 1546 738 ἔσχεν
1577 667 1637 722 ἐν
1659 670 1724 738 τῇ
1748 669 1901 739 ψυχῇ

285 747 599 824 ἅνθρωπος.
644 753 690 805 8.
725 747 956 805 επειδὰν
980 748 1083 805 οὐν
1103 745 1415 821 ἀφίκωνται
1436 748 1585 823 παρὰ
1615 746 1711 806 τὸν
1743 753 1900 806 δικα-

286 832 449 906 στὴν,
482 837 540 890 bus
565 857 665 906 μεν
697 828 756 889 ἑκ
786 837 882 905 τῆς
908 829 1090 899 Ἀσίας
1130 831 1278 907 παρὰ
1307 832 1404 890 τὸν
1436 832 1898 934 Ραδάμανθυν,ο
1880 829 1895 849 ‘

278 913 663 990 Ῥαδάμανθυς
695 913 942 983 ἐκείνους
974 915 1270 989 ἐπιστήσας
1299 921 1498 974 θεᾶται
1532 916 1767 974 ἑκάστου
1797 916 1900 990 τὴν

286 999 489 1075 ψυχὴν,
522 999 625 1058 οὐκ
657 998 878 1067 emtas*
848 1025 978 1058 οτου
1010 999 1190 1073 ἐστὶν,
1223 998 1363 1058 ἀλλά
1385 1001 1647 1068 πολλάκις
1677 1005 1777 1058 τοῦ
1799 1025 1899 1074 με·
1923 1031 1963 1062 ιο

285 1084 459 1158 γάλου
475 1087 745 1157 βασιλέως
770 1084 1186 1158 ἐπιλαβόμενος,
1217 1082 1251 1158 ἢ
1275 1082 1447 1143 ἄλλου
1477 1085 1714 1143 ὁτουοῦν
1743 1092 1899 1158 βασι-

245 1189 264 1221 b
291 1173 426 1236 λέως
457 1167 490 1242 ἢ
518 1168 816 1242 δυνάστου,
849 1175 1105 1227 κατειδεν
1126 1168 1294 1227 οὐδὲν
1313 1193 1465 1242 υγιες
1488 1195 1555 1228 ον
1572 1176 1670 1242 τῆς
1699 1173 1898 1243 ψυχῆς,

286 1251 426 1311 ἀλλά
463 1256 1048 1327 διαμεμαστιγωμένην
1079 1255 1170 1310 καὶ
1193 1252 1378 1312 οὐλῶν
1407 1253 1614 1327 μεστὴν
1636 1253 1746 1310 ὑπὸ
1785 1257 1898 1310 έπι-

285 1343 491 1413 ορκιῶν
530 1340 622 1397 καὶ
661 1335 906 1410 ἀδικίας,
949 1335 985 1394 ἀ
1023 1337 1222 1411 ἑκάστη
1264 1334 1298 1410 ἡ
1340 1343 1532 1412 πρᾶξις
1563 1335 1734 1396 αυτοῦ
1762 1334 1902 1406 ἔξω·

285 1422 519 1498 μόρξατο
552 1429 629 1488 είς
661 1421 764 1494 τὴν
802 1420 1013 1495 ψυχὴν,
1052 1425 1144 1479 καὶ
1175 1421 1354 1479 πάντα
1394 1421 1586 1480 σκολιά
1615 1418 1724 1479 υπὸ
1755 1419 1897 1487 ψεύ-
1919 1449 1959 1482 15

288 1513 418 1574 δους
471 1509 562 1564 καὶ
615 1506 933 1574 ἀλαζονείας
974 1509 1065 1562 καὶ
1122 1505 1289 1564 οὐδὲν
1330 1504 1474 1563 εὐθὺ
1525 1504 1617 1562 διά
1658 1504 1719 1563 τὸ
1755 1503 1895 1564 ἄνευ

286 1588 554 1664 ἀληθείας
593 1589 926 1664 τετράφθαι·
977 1592 1069 1647 καὶ
1111 1589 1221 1647 ὑπὸ
1265 1588 1515 1658 ἐξουσίας
1557 1593 1649 1647 καὶ
1682 1593 1898 1663 τρυφῆς

286 1677 380 1731 καὶ
408 1671 625 1749 ὕβρεως
655 1677 747 1730 καὶ
777 1673 1067 1747 ἀκρατείας
1097 1677 1208 1731 τῶν
1239 1674 1494 1749 πράξεων
1523 1673 1898 1748 ἀσυμμετρίας

285 1781 346 1815 τε
376 1761 470 1815 καὶ
502 1757 854 1832 αἰσχρότητος
885 1761 1164 1831 γέμουσαν
1193 1757 1296 1831 τὴν
1325 1760 1510 1832 ψυχὴν
1542 1759 1717 1816 εἶδεν·
1760 1755 1899 1815 ἰδών

245 1879 262 1901 0
287 1844 348 1900 δὲ
386 1840 591 1916 ἀτίμως
632 1839 809 1914 αὐτὴν
848 1839 1172 1914 ἀπέπεμψεν
1214 1842 1359 1900 εὐθὺ
1389 1847 1484 1915 τῆς
1527 1848 1805 1917 φρουρᾶς,
1845 1837 1904 1899 οἶ
1921 1872 1964 1904 20

286 1929 472 2000 μέλλει
535 1925 779 1984 ἐλθοῦσα
843 1925 1147 1999 ἀνατλῆναι
1205 1927 1270 1983 τὰ
1321 1926 1672 2001 προσήκοντα
1722 1925 1895 2001 πάθη.

287 2016 335 2068 9.
371 2010 635 2084 προσήκει
668 2012 728 2068 δὲ
758 2013 922 2067 παντὶ
953 2013 1031 2087 τῷ
1062 2008 1122 2067 ἑν
1151 2018 1386 2086 τιμωρία
1427 2009 1546 2068 ὄντι
1588 2009 1698 2068 ὑπὸ
1729 2009 1900 2068 ἄλλου

286 2091 471 2168 ὀρθῶς
511 2097 904 2171 τιμωρουμένῳ
946 2091 980 2166 ἢ
1026 2101 1268 2167 βελτίονι
1309 2101 1605 2167 γίγνεσθαι
1650 2097 1741 2151 καὶ
1781 2093 1900 2152 ὀνί-

286 2190 526 2252 νασθαι,
578 2175 611 2253 ἢ
653 2178 1001 2252 παράδειγμα
1042 2193 1154 2245 τοῖς
1204 2177 1388 2246 ἄλλοις
1429 2188 1754 2251 γίγνεσθαι,
1807 2183 1902 2235 ἵνα

289 2261 443 2320 ἄλλοι
474 2262 710 2336 ὁρωντες
741 2262 1021 2337 πάσχοντα
1043 2261 1078 2319 ὁὶ
1107 2260 1176 2321 ἂν
1199 2262 1379 2338 πάσχῃ
1401 2262 1742 2335 φοβούμενοι
1772 2268 1902 2333 βελ-
1925 2290 1965 2322 25

288 2353 440 2413 τίους
481 2354 761 2418 γίνωνται.
836 2353 917 2404 10.
952 2351 1060 2404 εἰσὶ
1097 2349 1157 2404 δὲ
1198 2352 1254 2405 oc
1289 2348 1391 2420 μὲν
1434 2346 1820 2420 ὦφελούμενοί
1844 2370 1902 2403 τε

289 2431 380 2486 καὶ
415 2435 578 2502 δίκην
609 2430 856 2496 διδόντες
886 2427 994 2488 ὑπὸ
1025 2438 1179 2489 θεῶν
1199 2455 1257 2489 τε
1282 2429 1720 2503 καὶάνθρώπων
1750 2422 1902 2488 οὗτοι

289 2520 345 2571 οἳ
381 2510 452 2570 ἂν
493 2512 683 2587 ἰάσιμα
721 2513 1083 2587 ἁμαρτήματα
1123 2514 1469 2589 ἁμάρτωσιν,
1521 2514 1668 2587 ὅμως
1721 2515 1782 2570 δὲ
1823 2512 1897 2569 δι’

287 2596 615 2670 ἀλγηδόνων
645 2600 737 2654 καὶ
766 2596 989 2654 ὀδυνῶν
1008 2606 1254 2670 γίγνεται
1286 2595 1473 2664 αὐτοῖς
1495 2594 1528 2668 ἡ
1552 2597 1790 2669 ὠφέλεια
1811 2599 1902 2653 καὶ

290 2680 498 2739 ἐνθάδε
520 2684 611 2738 καὶ
636 2680 697 2738 ἐν
713 2679 907 2739 ’Ἅιδου
923 2697 933 2707 ·
966 2678 1096 2738 οὐδὲ
1120 2680 1223 2755 γὰρ
1253 2679 1373 2738 οἷόν
1401 2705 1460 2738 τε
1484 2679 1661 2747 ἄλλως
1684 2678 1903 2746 ἀδικίας
1926 2705 1966 2737 30

239 2791 263 2821 d
288 2764 749 2823 ἀπαλλάττεσθαι.
826 2770 904 2821 11.
938 2772 995 2822 οἳ
1035 2763 1084 2822 δ’
1131 2761 1201 2822 ἂν
1245 2763 1310 2821 τά
1349 2763 1551 2837 ’ἑσχατα
1593 2762 1901 2835 ἀδικήσωσι

289 2852 380 2906 καὶ
415 2849 505 2906 διὰ
536 2850 600 2907 τὰ
640 2855 863 2907 τοιαῦτα
904 2846 1213 2923 ἀδικήματα
1255 2847 1466 2905 ἀνίατοι
1501 2851 1799 2921 γένωνται,
1843 2845 1902 2905 ἐκ
