2014 3146
265 106 372 159 390
938 107 1189 150 EUSEBII

264 224 401 281 κατὰ
430 226 556 279 πᾶν.
598 227 683 280 59.
716 221 930 296 ἀνάγκη
953 229 1146 282 τοίνυν
1171 229 1223 281 εἰ
1249 223 1380 282 καθ’
1409 223 1596 283 ὁτιοῦν
1621 239 1867 299 σημεῖον,

263 311 354 364 καὶ
384 305 457 379 μὴ
487 306 690 380 μεταξὺ
721 311 878 380 σῶμα
909 315 1070 365 ἔσται·
1089 306 1119 365 ὃ
1149 309 1222 381 μὴ
1245 311 1529 382 τέτμηται,
1561 315 1639 378 είς
1671 325 1868 384 σημεῖα

261 391 364 463 τὴν
396 397 671 465 διαίρεσιν
711 396 808 450 τοῦ
850 391 1098 466 σώματος
1137 395 1453 465 γεγονέναι,
1493 392 1629 468 ὅπερ
1659 393 1866 453 οέδύναυ

260 499 370 533 τον.
435 482 513 542 είς
547 477 606 533 δὲ
636 474 866 551 ἄπειρον
896 481 990 549 τῆς
1019 481 1187 550 τομῆς
1233 475 1402 550 οὔσης
1447 475 1501 550 (ὃ
1540 477 1644 550 γὰρ
1674 474 1744 536 ἂν
1775 478 1866 536 λα’-

260 566 363 634 βῃς
394 563 551 633 σῶμα
593 560 871 634 διαίρετόν
911 560 1048 634 ἐστι)
1094 560 1162 618 οὐ
1196 561 1428 635 δυνάμει
1469 560 1670 635 μόνον,
1719 566 1865 638 ἐνερ-
1911 587 1930 618 5

259 650 382 719 γείᾳ
430 645 491 701 δὲ
534 644 599 701 τὰ
645 643 846 719 ἄπειρα
877 652 1043 703 ἔσται.
1121 643 1189 703 οὗ
1229 652 1423 704 τοίνυν
1461 643 1594 704 ὅλον
1625 645 1699 704 δι’
1735 644 1867 706 ὅλου

259 742 462 802 χωρεῖν
495 729 736 787 δυνατὸν
766 728 826 787 τὸ
857 735 1033 804 σῶμα,
1066 728 1099 803 ἡ
1127 731 1188 788 δὲ
1213 730 1361 804 ψυχὴ
1395 727 1470 787 δι’
1503 730 1674 790 ὅλων·
1727 729 1868 789 ἀσώ-

259 836 427 886 ματος
458 811 621 886 ἄρα.”

146 922 239 963 (834)
386 903 468 954 60.
507 896 627 956 “Tb
675 899 736 955 δὲ
789 901 880 955 καὶ
939 897 1112 971 φύσιν
1167 900 1269 972 μὲν
1313 901 1588 973 προτέραν
1629 898 1690 957 τὸ
1737 898 1869 957 αὐτὸ

257 986 477 1055 πνεῦμα
518 987 732 1055 λέγειν,
777 986 837 1040 ἐν
884 984 946 1039 δὲ
974 987 1169 1060 ψυχρῷ
1199 986 1504 1057 γενομένην
1535 986 1626 1040 καὶ
1657 1002 1870 1057 στομω-
1894 1007 1933 1039 10

257 1077 460 1124 θεῖσαν
491 1067 676 1140 ψυχὴν
705 1073 965 1139 γίνεσθαι
985 1112 998 1138 ,
1029 1070 1362 1141 λεπτοτέραν
1394 1072 1454 1125 ἐν
1484 1072 1678 1144 ψυχρῷ
1709 1091 1869 1140 γενο-

256 1153 455 1223 μένην·
513 1147 543 1207 δ
585 1150 653 1223 δὴ
694 1153 785 1208 καὶ
827 1149 959 1208 αὐτὸ
1001 1149 1230 1209 ἅτοπον’
1288 1150 1463 1209 πολλὰ
1514 1151 1619 1227 γὰρ
1662 1156 1768 1229 ζῷα
1810 1156 1869 1210 ἐν

256 1238 447 1311 θερμῷ
477 1242 754 1308 γίγνεται,
788 1238 880 1293 καὶ
910 1234 1095 1309 ψυχὴν
1126 1242 1236 1310 ἔχει
1267 1235 1334 1294 οὐ
1366 1247 1697 1310 ψυχθεῖσαν.
1743 1233 1862 1293 ἀλλ’

255 1311 360 1376 οὖν
391 1327 535 1391 φασί
574 1343 637 1392 γε
667 1322 942 1393 προτέραν
972 1320 1149 1393 φύσιν
1188 1325 1367 1394 ψυχῆς
1399 1321 1541 1379 εἶναι
1571 1321 1707 1378 κατὰ
1738 1339 1869 1379 συν·

255 1410 446 1476 τυχίας
467 1402 562 1471 τὰς
587 1407 687 1473 ἔξω
711 1407 1059 1478 γιγνομένην.
1103 1410 1185 1462 61.
1220 1411 1516 1478 συμβαίνει
1546 1397 1651 1463 οὖν
1680 1401 1868 1471 αὐτοῖς
1893 1425 1931 1458 15

255 1486 314 1544 τὸ
346 1502 532 1561 χεῖρον
562 1492 783 1562 πρῶτον
813 1503 1023 1562 ποιεῖν,
1058 1492 1150 1546 καὶ
1180 1488 1286 1564 πρὸ
1316 1489 1516 1548 τούτου
1546 1487 1690 1547 ἄλλο
1711 1497 1869 1546 ἐλατ-

149 1595 233 1638 [457]
253 1595 374 1644 τον,
407 1569 477 1644 ἣν
508 1575 767 1645 λέγουσιν
798 1576 925 1642 ἕξιν.
996 1572 1024 1630 ὁ
1068 1575 1131 1631 δὲ
1170 1578 1304 1642 νοῦς
1334 1571 1596 1646 ὕστατος,
1637 1570 1742 1631 ἀπὸ
1774 1578 1868 1646 τῆς

206 1680 227 1712 b
255 1660 432 1730 ψυχῆς
475 1656 731 1730 δηλονότι
770 1657 1098 1731 γενόμενος,
1144 1655 1178 1730 ἢ
1227 1664 1277 1715 εἰ
1313 1656 1419 1729 πρὸ
1458 1656 1686 1716 πάντων
1715 1662 1866 1729 νοῦς,

256 1744 449 1814 ἐφεξῆς
493 1746 607 1798 ε”δει
648 1741 833 1814 ψυχὴν
873 1755 1084 1814 ποιεῖν,
1127 1743 1242 1799 εἶτα
1282 1741 1490 1815 φύσιν·
1547 1744 1640 1799 καὶ
1680 1738 1765 1799 ἀεὶ
1805 1742 1865 1798 τὸ

251 1825 487 1899 ὕστερον
533 1839 746 1899 χεῖρον,
800 1835 956 1899 εἴπερ
996 1829 1261 1899 πέφυκεν.
1346 1830 1429 1883 62.
1475 1831 1526 1882 εἰ
1561 1819 1665 1882 οὖν
1704 1828 1794 1882 καὶ
1836 1822 1929 1882 620

251 1908 386 1976 θεὸς
419 1906 605 1976 αὐτοῖς
640 1908 775 1966 κατὰ
809 1910 904 1968 τὸν
938 1916 1074 1968 νοῦν
1096 1909 1325 1983 ὕστερος
1356 1912 1448 1966 καὶ
1479 1909 1741 1982 γεννητὸς
1773 1911 1864 1966 καὶ

256 1993 494 2051 ἐπακτὸν
533 1992 590 2050 τὸ
633 2007 789 2051 νοεῖν
842 1999 1010 2067 ἔχων,
1067 1995 1341 2068 ἐνδέχοιτο
1384 1991 1453 2052 ἂν
1492 1995 1631 2067 μηδὲ
1681 1995 1865 2067 ψυχὴν

253 2079 393 2150 μηδὲ
417 2081 575 2151 νοῦν,
609 2079 749 2151 μηδὲ
771 2078 913 2135 θεὸν
939 2078 1105 2136 εἶναι·
1155 2085 1205 2136 εί
1232 2078 1292 2136 τὸ
1325 2076 1578 2151 δυνάμει,
1611 2076 1685 2151 μὴ
1708 2075 1864 2144 ὄντος

253 2162 522 2236 πρότερον
551 2168 650 2220 τοῦ
681 2166 931 2239 ἐνεργείᾳ
962 2165 1055 2220 καὶ
1084 2166 1189 2220 νοῦ
1217 2164 1451 2235 γένοιτο,
1482 2160 1617 2219 οὐδὲ
1639 2159 1755 2234 ἥξει
1788 2168 1866 2229 εἰς

254 2248 551 2319 ἐνέργειαν.
624 2253 682 2304 τί
716 2245 820 2320 γὰρ
863 2254 1013 2304 ἔσται
1053 2246 1114 2304 τὸ
1154 2245 1317 2320 ἄγον,
1363 2246 1436 2320 μὴ
1476 2245 1634 2312 ὄντος
1675 2247 1864 2317 ἑτέρου
1887 2267 1927 2299 25

253 2328 386 2403 παρ’
423 2330 556 2388 αὐτὸ
587 2334 886 2404 προτέρου;
930 2337 980 2388 εί
1022 2330 1072 2388 δ’
1110 2330 1270 2388 ἑαυτὸ
1302 2329 1419 2400 ἄξει
1450 2337 1527 2396 είς
1561 2332 1861 2404 ἐνέργειαν,

251 2411 386 2486 ὅπερ
418 2413 650 2488 ἄτοπον,
685 2412 823 2472 ἀλλὰ
854 2418 1061 2488 βλέπον
1090 2439 1153 2487 γε
1184 2414 1320 2489 πρός
1351 2440 1402 2472 τι
1432 2413 1577 2486 ἄξει,
1607 2411 1638 2471 ὃ
1666 2412 1733 2471 οὐ
1768 2419 1862 2470 δυ-

204 2530 220 2552 c
253 2497 443 2571 νάμει,
492 2503 741 2575 ἐνεργείᾳ
781 2500 842 2556 δὲ
875 2505 1040 2557 ἔσται.
1116 2504 1199 2557 63.
1232 2505 1409 2557 καίτοι
1447 2498 1507 2556 τὸ
1548 2495 1635 2555 ἀεὶ
1675 2500 1863 2572 μένειν

252 2582 310 2639 τὸ
344 2580 504 2654 αὐτὸ,
539 2593 691 2655 εἰπερ
723 2583 781 2640 τὸ
809 2582 1041 2657 δυναμει
1073 2587 1209 2656 ἕξει,
1241 2581 1375 2641 καθ’
1405 2581 1567 2640 ἑαυτὸ
1600 2589 1676 2650 είς
1709 2584 1861 2654 ἐνέρ-

251 2691 409 2739 γειαν
439 2665 588 2739 η’ξει,
620 2670 711 2723 καὶ
742 2670 901 2725 τοῦτο
931 2682 1181 2742 κρεῖττον
1212 2675 1363 2725 ἔσται
1393 2670 1492 2725 τοῦ
1523 2668 1926 2738 δυναμένου,3ο

252 2748 373 2808 οἷον
402 2748 630 2825 ὀρεκτὸν
660 2747 726 2808 ὂν
757 2755 988 2809 ἐκείνου.
1059 2751 1328 2827 πρότερον
1370 2749 1476 2823 ἄρα
1506 2749 1565 2807 τὸ
1610 2763 1861 2857 κρεῖττον

253 2837 345 2892 καὶ
378 2837 571 2909 ἑτέραν
601 2834 776 2908 φύσιν
801 2842 926 2908 ε’χον
951 2835 1199 2909 σώματος
1230 2838 1322 2892 καὶ
1361 2839 1612 2909 ἐνεργεία
1651 2858 1717 2891 ον
1747 2832 1857 2891 ἀεί’
