2014 3146
637 144 848 185 PRAEP.
879 143 1099 186 EVANG.
1128 144 1250 184 XIV.
1284 146 1323 184 3.
1674 140 1777 192 257

163 265 264 334 τῆς
304 259 551 333 ἀληθοῦς
593 258 876 331 εὐσεβείας
915 254 1056 331 ὁμοῦ
1097 260 1187 315 καὶ
1227 263 1558 331 φιλοσοφίας
1597 256 1656 315 τὸ
1688 262 1777 330 βέ-

166 352 328 417 βαιον
357 341 595 410 ἁπάσαις
627 343 831 416 ψήφοις
865 346 1327 418 ἐπισφραγίζεται,
1359 351 1563 416 πληροῖ
1587 365 1645 399 τε
1676 341 1778 414 τὴν

162 428 463 503 σύμπασαν
513 430 873 502 οἰκουμένην,
926 424 1190 501 ὁσημέραι
1230 426 1490 496 νεάζοντα
1541 428 1630 484 καὶ
1680 425 1774 483 ἄν·
1795 449 1892 490 (722»

163 517 406 586 θοῦντα,
440 509 512 580 ὦς
542 538 665 587 αρτι
695 511 978 586 πρώτην
951 510 1133 585 ακμὴν
1164 514 1647 585 καταβεβλημένα
1682 513 1774 568 καὶ

91 621 115 653 5
164 597 293 655 οὔτε
331 598 520 672 νόμων
565 597 834 665 διαταξεις
873 594 987 653 οὔτ’
1037 601 1257 669 ἐχθρῶν
1309 598 1596 667 ἐπιβουλαὶ
1645 594 1774 652 οὔτε

164 690 444 756 πολεμίων
485 681 747 748 πολλακις
788 679 1135 752 ακονηθέντα
1176 684 1306 752 ξίφη
1353 687 1639 751 κρείττονα
1681 683 1774 753 τῆς

162 792 242 824 ων
273 766 622 841 μετήλθομεν
653 765 834 839 λόγων
864 762 1058 837 αρετῆς
1092 764 1191 837 τὴν
1235 764 1475 836 δύναμιν
1508 767 1773 821 ἐπιδέδει-

163 876 299 909 κται.
363 858 410 909 6.
444 851 509 908 τὰ
541 852 603 908 δὲ
632 857 728 923 τῆς
753 846 1031 921 Ἑλλήνων
1062 854 1394 922 φιλοσοφίας
1421 851 1510 904 ἐπὶ
1542 851 1771 923 βραχέσι

161 935 508 994 σαλεύσαντα
557 941 682 992 τίνα
732 934 860 991 ποτὲ
911 933 1013 1006 τὴν
1066 932 1228 1006 ἰσχὺν
1281 935 1597 1000 ἐπεδείξατο
1643 935 1774 989 νυνὶ

97 1046 139 1076 ιο
161 1019 530 1093 θεασώμεθα,
575 1018 826 1092 πρώτους
856 1016 1118 1075 ἁπάντων
1154 1023 1230 1084 εἰς
1260 1016 1357 1074 τὸν
1387 1014 1576 1089 ἀγῶνα
1608 1027 1773 1074 καθι-

162 1108 311 1172 έντες
341 1107 467 1172 τοὺς
497 1102 769 1177 φυσικοὺς
803 1105 1224 1175 ἐπικληθέντας·
1273 1109 1330 1158 οἳ
1357 1101 1424 1173 δὴ
1455 1100 1707 1174 πρόσθεν
1738 1098 1771 1174 ἢ
1797 1125 1817 1156 b

159 1188 437 1246 Πλάτωνα
469 1187 773 1262 διαλάμψαι
814 1186 1098 1260 λεγόμενοι
1139 1186 1287 1251 ὅπως
1330 1185 1466 1260 πρὸς
1498 1184 1770 1259 ἀλλήλους

161 1277 492 1332 ἐστασίασαν
532 1272 662 1347 παρ’
708 1271 880 1331 αὐτοῦ
919 1282 1126 1345 μαθεῖν
1169 1278 1282 1328 ἔστι
1312 1274 1410 1327 τοῦ
1440 1269 1769 1338 Πλάτωνος·

158 1356 217 1426 ὃς
250 1357 318 1432 δὴ
349 1362 461 1417 τῶν
490 1355 631 1432 ἀμφὶ
662 1353 1411 1431 ΠρωταγόρανἹΙροὶκλειτόν
1441 1379 1498 1412 τε
1529 1357 1621 1412 καὶ
1646 1354 1773 1428 Ἐμ-

96 1467 137 1498 15
160 1448 431 1501 πεδοκλεα
461 1443 564 1515 τὴν
594 1441 729 1516 πρὸς
760 1446 1124 1515 Παρμενίδην
1156 1443 1247 1497 καὶ
1270 1439 1397 1506 τοὺς
1421 1437 1561 1513 ἀμφ’
1596 1438 1770 1497 αὐτὸν

162 1527 436 1602 διαμαχην
469 1530 747 1600 ἐξελέγχει.
814 1531 858 1583 7.
891 1522 919 1582 ὁ
951 1550 1053 1598 μεν
1077 1550 1187 1626 γαρ
1221 1530 1576 1598 Δημοκρίτου
1607 1549 1768 1596 γεγο-

160 1637 269 1679 νως
303 1615 546 1685 ἕταιρος,
578 1611 605 1668 ὁ
639 1609 1033 1685 Πρωταγόρας,
1065 1608 1240 1667 αθεον
1273 1608 1535 1680 ἐκτήσατο
1568 1608 1765 1676 δόξαν

160 1700 374 1769 λέγεται
404 1721 542 1768 γουν
581 1700 766 1753 τοιαδε
807 1697 1114 1768 κεχρῆσθαι
1160 1696 1386 1766 εἰσβολῇ
1430 1697 1488 1750 ἐν
1518 1696 1595 1769 τῷ
1624 1695 1769 1767 Περὶ

158 1784 313 1839 θεῶν
354 1779 736 1855 συγγράμματι
766 1776 948 1854 “Περὶ
991 1780 1092 1852 μὲν
1131 1783 1285 1836 θεῶν
1323 1776 1425 1835 οὐκ
1467 1777 1592 1834 οἶδα
1633 1775 1762 1835 οὔθ’

94 1889 136 1922 20
161 1862 233 1933 ὦς
265 1867 408 1923 εἰσὶν
437 1864 565 1923 οὔθ’
605 1861 677 1932 ὦς
707 1861 810 1922 οὐκ
842 1865 984 1922 εἰσὶν
1005 1861 1135 1921 οὔθ’
1169 1859 1357 1920 ὁποῖοί
1381 1887 1526 1930 τινες
1551 1860 1762 1920 ίδέαν.”
1799 1895 1815 1916 e
1878 1888 1883 1924 3

158 1949 186 2006 ὁ
222 1951 282 2007 δὲ
313 1950 658 2024 Δημόκριτος
689 1947 859 2023 ἀρχὰς
888 1953 1001 2005 τῶν
1029 1945 1176 2006 ὅλων
1207 1954 1312 2020 ἔφη
1342 1947 1484 2005 εἶναι
1513 1945 1573 2004 τὸ
1605 1946 1767 2004 κενὸν

159 2037 250 2092 καὶ
280 2035 341 2092 τὸ
372 2038 603 2107 πλῆρες·
648 2032 708 2091 τὸ
739 2037 942 2107 πλῆρες
985 2028 1051 2090 δν
1083 2035 1261 2104 λέγων
1288 2034 1379 2089 καὶ
1411 2029 1664 2104 στερεὸν,
1706 2029 1765 2088 τὸ

160 2120 221 2176 δὲ·
251 2119 417 2176 κενὸν
446 2118 519 2192 μὴ
549 2117 629 2176 ὅν.
709 2117 794 2174 διὸ
834 2123 933 2174 καί
957 2134 1094 2190 φησι
1116 2113 1329 2189 “μηδὲν
1372 2120 1582 2189 μᾶλλον
1610 2114 1671 2172 τὸ
1702 2113 1766 2172 ὂν

159 2209 258 2259 τοῦ
290 2202 363 2275 μὴ
393 2201 550 2268 όντος
582 2202 747 2260 εἶναι·
805 2226 888 2258 οτι
931 2224 990 2257 τε
1023 2204 1075 2268 ἐξ
1107 2198 1294 2257 ἀϊδίου
1339 2225 1404 2256 τα
1433 2198 1568 2255 ὄντα
1601 2202 1660 2255 ἐν
1690 2202 1767 2276 τῷ

94 2310 136 2341 25
160 2290 305 2344 κενεό
328 2305 573 2360 συνεχως
604 2289 695 2343 καὶ
723 2282 887 2353 ὀξέως
919 2297 1165 2341 κινεῖται.
1180 2281 1208 2303 ”
1266 2289 1312 2341 8.
1346 2279 1374 2340 ὁ
1400 2284 1461 2340 δε
1479 2279 1765 2356 Ἡρακλει-

158 2395 248 2437 τος
279 2368 454 2444 αρχὴν
493 2395 603 2428 των
642 2392 866 2431 παντων
911 2376 1016 2471 εφη
1058 2369 1200 2426 εἶναι
1238 2368 1298 2425 τὸ
1329 2372 1470 2442 πῦρ,
1519 2372 1572 2436 ἐξ
1603 2392 1669 2426 ου
1699 2393 1765 2425 τα

160 2480 340 2512 παντα
379 2461 618 2527 γίνεται,
660 2457 752 2511 καὶ
794 2460 870 2521 εἰς
909 2451 939 2510 ὃ
983 2450 1298 2510 αναλύεται.
1381 2451 1618 2527 ἀμοιβὴν
1659 2477 1762 2526 γαρ

160 2540 303 2597 εἶναι
333 2538 398 2596 τα
428 2537 605 2596 πάντα
623 2583 637 2609 ,
669 2537 869 2612 χρόνον
906 2562 965 2595 τε
996 2536 1234 2611 ὡρίσθαι
1273 2540 1368 2609 τῆς
1398 2539 1510 2594 τῶν
1539 2536 1765 2594 πάντων

160 2630 238 2690 εἰς
267 2623 327 2680 τὸ
357 2627 470 2696 πῦρ
500 2621 819 2689 ἀναλύσεως
872 2626 962 2679 καὶ
1002 2626 1097 2694 τῆς
1139 2626 1199 2679 ἐκ
1242 2621 1441 2679 τούτου
1471 2623 1756 2693 γενέσεως.

98 2729 139 2762 3ο
161 2713 210 2765 9.
243 2713 362 2765 οἵδε
392 2709 493 2782 μὲν
523 2700 626 2765 οὖν
657 2705 836 2764 πάντα
866 2717 1145 2765 κινεῖσθαι
1178 2712 1419 2779 ἔφασαν·
1451 2704 1479 2762 ὁ
1513 2706 1574 2762 δὲ
1604 2715 1763 2777 Παρ-
1788 2727 1809 2758 ιι

161 2797 421 2866 μενίδης,
453 2790 513 2850 τὸ
543 2794 700 2864 γένος
723 2789 974 2863 Ἐλεάτης
1006 2788 1115 2862 ὢν,
1149 2795 1211 2848 ἓν
1240 2791 1343 2863 μὲν
1367 2790 1509 2848 εἶναι
1540 2789 1598 2847 τὸ
1630 2792 1762 2859 πᾶν,

162 2872 463 2949 ἀγέννητον
495 2879 554 2935 δὲ
584 2878 675 2934 καὶ
704 2872 965 2948 ἀκίνητον
995 2877 1086 2933 καὶ
1116 2873 1253 2932 κατὰ
1282 2878 1461 2948 σχῆμα
1485 2892 1762 2947 σφαιροει-

247 2983 477 3012 Εῑτεειηυε
510 2986 562 3015 11.
1443 2968 1504 3018 17
