2014 3146
212 147 244 197 6
883 146 1131 189 EUSEBII

210 287 325 335 μως
357 264 778 334 ἐσπουδασμένα
808 245 930 334 παρ’
958 259 1145 330 αὐτοῖς
1175 269 1354 336 ἔργοις
1385 261 1527 320 πολὺ
1550 261 1818 335 πρότερον

210 350 323 404 τῶν
362 346 544 419 λόγων
582 346 784 420 μάθοις
824 342 894 403 ἂν
934 345 998 402 τὰ
1029 344 1164 403 κατὰ
1195 346 1322 414 τοὺς
1351 347 1560 420 ἄνδρας
1592 353 1816 404 διασκο-

212 429 513 504 πούμενος,
559 433 676 488 ἐπεὶ
719 433 812 487 καὶ
851 432 1004 497 τέλος
1044 428 1278 503 ἀγαθῶν
1315 434 1414 488 τοῦ
1443 455 1502 489 τε
1532 438 1816 506 μακαρίως

99 518 307 589 [3011ζῆν
334 514 572 572 ὕστατον
599 513 733 588 ὅρον
761 514 864 587 τὴν
894 513 1185 586 εὐσέβειαν
1213 514 1317 588 τήν
1353 539 1412 572 τε
1454 513 1544 572 διὰ
1576 519 1672 588 τῆς
1705 522 1818 573 τῶν

102 621 191 662 (512)
211 597 372 671 ἠθῶν
402 597 801 674 κατορθώσεως
831 598 969 673 πρὸς
999 598 1100 658 τὸν
1124 597 1263 657 θεὸν
1303 605 1499 672 φιλίαν
1538 596 1818 672 ἠγάσαντό
1841 622 1861 654 5

209 708 268 742 τε
307 685 400 741 καὶ
438 686 806 756 μετεδίωξαν,
851 680 972 741 ἀλλ’
1006 680 1073 740 οὐ
1114 682 1386 757 σωμάτων
1414 682 1655 756 ἡδονὴν,
1695 681 1814 741 κατ’

204 765 557 842 Ἐπίκουρον·
631 765 755 826 οὐδ’
799 761 871 825 αὖ
910 767 1013 840 τὴν
1054 771 1365 842 τριγένειαν
1405 772 1517 825 τῶν
1564 766 1819 841 ἀγαθῶν,

210 850 329 910 κατ’
350 851 751 926 Ἀριστοτέλην,
782 851 848 909 τὰ
877 855 1004 926 περὶ
1034 855 1190 926 σῶμα
1220 854 1313 909 καὶ
1342 845 1408 909 τὰ
1441 850 1591 920 ἐκτὸς
1625 856 1685 911 ἐν
1717 862 1819 929 ἴσςο

209 951 323 1003 τοῖς
362 941 543 1010 ψυχῆς
582 935 818 1010 ἀγαθοῖς
851 935 1246 1011 ἐκτετιμηκότα.
1335 941 1384 993 2.
1429 933 1495 994 οὐ
1534 935 1647 1010 μὴν
1686 935 1820 994 οὐδὲ

207 1019 310 1093 τὴν
352 1020 588 1094 ἐσχάτην
627 1019 861 1094 ἄγνοιάν
903 1044 964 1078 τε
1003 1022 1097 1078 καὶ
1144 1018 1422 1094 ἀμαθίαν,
1475 1018 1547 1093 ἣν
1594 1019 1820 1094 ὀνόματι
1844 1043 1884 1076 10

209 1107 519 1182 σεμνοτέρῳ
557 1107 704 1172 τινὲς
746 1105 950 1179 ἐποχὴν
984 1103 1368 1180 ἀνειρήκασιν·
1429 1102 1553 1162 ἀλλ’
1587 1103 1709 1163 οὐδ’
1747 1095 1822 1162 αὖ

208 1193 304 1262 τῆς
356 1193 535 1263 ψυχῆς
585 1190 688 1262 τὴν
731 1187 958 1263 ἀρετήν·
1035 1189 1177 1262 πόση
1228 1189 1334 1263 γὰρ
1388 1192 1447 1253 ἐν
1497 1186 1820 1263 ἀνθρώποις

210 1272 376 1346 αὕτη,
418 1277 510 1331 καὶ
550 1281 609 1331 τί
643 1273 772 1332 καθ’
811 1273 1016 1346 ἑαυτὴν
1051 1273 1189 1332 ἄνευ
1219 1277 1360 1332 θεοῦ
1388 1271 1524 1348 πρὸς
1554 1272 1652 1331 τὸν
1682 1271 1822 1330 ἄλυ-

210 1380 316 1416 πον
347 1364 628 1416 συντείνοι
657 1354 728 1416 ἂν
758 1365 913 1431 βίον,
962 1357 1034 1416 δι’
1072 1357 1138 1416 ὃν
1177 1356 1243 1415 τὰ
1282 1357 1461 1418 πάντα
1491 1361 1586 1430 τῆς
1618 1364 1696 1424 εἰς
1724 1355 1821 1414 τὸν

165 1463 187 1495 b
209 1441 347 1501 θεὸν
372 1446 615 1515 ἐλπίδος,
646 1449 942 1516 πείσματος
966 1442 1151 1516 ὥσπερ
1174 1441 1470 1516 ἀρραγοῦς,
1504 1441 1819 1513 ἐξάψαντες,
1845 1463 1885 1497 15

209 1527 307 1586 τὸν
335 1531 576 1599 θεοφιλῆ
606 1525 778 1600 μόνον
808 1525 1103 1600 ἀπέφηναν
1134 1527 1279 1584 εἶναι
1309 1526 1610 1601 μακάριον,
1656 1531 1703 1584 3.
1737 1522 1822 1583 ὅτι

213 1610 282 1683 δὴ
312 1609 341 1667 ὁ
373 1609 598 1668 πάντων
628 1609 863 1684 ἀγαθῶν
891 1617 1089 1685 ταμίας
1119 1611 1271 1684 θεὸς,
1303 1615 1441 1683 ζωῆς
1473 1607 1554 1668 ὢν
1583 1608 1822 1684 πάροχος

211 1697 303 1752 καὶ
344 1693 514 1768 αὐτῆς
552 1695 749 1769 ἀρετῆς
789 1696 970 1769 πηγὴ,
1011 1700 1123 1754 τῶν
1153 1720 1212 1753 τε
1241 1698 1367 1771 περὶ
1400 1699 1557 1768 σῶμα
1587 1697 1674 1751 καὶ
1708 1697 1822 1752 τῶν

214 1779 363 1846 ἐκτὸς
394 1778 656 1837 ἁπάντων
686 1779 918 1853 χορηγὸς
948 1776 1235 1854 ὑπάρχων,
1272 1778 1438 1854 μόνος
1468 1776 1539 1837 ἂν
1570 1789 1654 1850 εἰή
1686 1778 1822 1853 πρὸς

208 1862 309 1922 τὸν
356 1862 627 1936 μακάριον
677 1871 804 1936 βίον
851 1869 926 1941 τῷ
966 1865 1069 1937 τὴν
1107 1864 1245 1938 πρὸς
1284 1861 1454 1922 αὐτὸν
1491 1870 1688 1936 φιλίαν
1727 1862 1820 1920 διὰ
1842 1886 1884 1918 20

209 1952 306 2020 τῆς
357 1947 720 2022 παναλήθους
772 1947 1059 2021 εὐσεβείας
1119 1951 1456 2026 στειλςῑμένω
1528 1945 1818 2022 αὐτάρκης.

209 2036 258 2089 4.
303 2037 475 2090 ἔνθεν
513 2028 541 2089 ὁ
583 2031 869 2105 πάνσοφος
907 2035 1121 2106 Μωσῆς
1163 2036 1378 2105 πρῶτος
1418 2028 1681 2090 ἁπάντων
1720 2029 1823 2089 ἀν-

209 2114 461 2188 θρώπων
500 2122 687 2190 γραφῇ
731 2115 1015 2190 παραδοὺς
1053 2114 1150 2173 τὸν
1189 2122 1300 2174 τῶν
1341 2116 1447 2190 πρὸ
1487 2115 1658 2174 αὐτοῦ
1687 2126 1822 2173 θεο-

212 2204 393 2272 φιλῶν
415 2199 688 2274 Ἑβραίων
718 2206 874 2274 βίον,
917 2199 1013 2258 τὸν
1042 2199 1323 2258 πολιτικὸν
1352 2199 1492 2273 ὁμοῦ
1521 2202 1612 2256 καὶ
1644 2221 1822 2271 πρακ-

170 2315 187 2336 c
211 2283 364 2340 τικὸν
417 2281 492 2340 δι’
537 2280 841 2356 ὑφηγήσως
883 2287 1161 2359 ἱστορικῆς
1200 2281 1556 2342 ὑποτέθειται
1596 2281 1816 2355 τρόπον.
1844 2303 1886 2336 25

213 2358 276 2440 ἦς
323 2365 623 2440 ἀρχόμενος
682 2367 789 2424 ἀπὸ
833 2372 945 2425 τῶν
996 2367 1245 2426 καθόλου
1297 2368 1401 2440 τὴν
1455 2373 1822 2425 διδασκαλίαν

215 2450 536 2525 ἐποιήσατο,
588 2451 727 2508 θεὸν
774 2455 887 2508 τῶν
933 2451 1080 2509 ὅλων
1129 2461 1309 2510 αἴτιον
1346 2450 1820 2524 ὑποστησάμενος,

214 2541 581 2608 κοσμογονίαν
603 2559 661 2592 τε
685 2537 777 2592 καὶ
792 2532 1262 2607 άνθρωπογονίαν
1275 2533 1619 2607 ὑπογράψας.
1652 2539 1700 2590 5.
1715 2530 1819 2590 εἷθ’

214 2617 388 2686 οὕτως
419 2616 526 2676 ἀπὸ
555 2624 668 2676 τῶν
698 2618 945 2676 καθόλου
979 2620 1066 2676 ἐπὶ
1090 2617 1156 2675 τὰ
1179 2617 1316 2675 κατὰ
1338 2620 1501 2692 μέρος
1524 2615 1823 2690 προελθών

215 2709 289 2779 τῷ
330 2702 503 2779 λόγῳ,
544 2706 637 2760 καὶ
679 2702 770 2760 διὰ
799 2707 896 2775 τῆς
924 2707 1040 2760 τῶν
1069 2705 1321 2760 παλαιῶν
1349 2701 1576 2773 ἀνδρῶν
1605 2699 1821 2775 μνήμης
1843 2722 1886 2755 30

218 2793 294 2853 εἰς
324 2785 421 2843 τὸν
450 2791 544 2859 τῆς
578 2791 808 2845 ἐκείνων
838 2784 1033 2860 ἀρετῆς
1069 2810 1128 2844 τε
1166 2789 1258 2843 καὶ
1297 2791 1620 2857 θεοσεβείας
1660 2789 1822 2858 ζῆλον

214 2868 343 2936 τούς
373 2869 634 2943 φοιτητὰς
667 2870 1052 2945 παρορμήσας,
1095 2867 1162 2927 οὐ
1201 2869 1312 2943 μὴν
1349 2867 1487 2926 ἀλλὰ
1526 2871 1618 2926 καὶ
1657 2866 1820 2935 αὐτὸς
