2014 3146
534 109 746 153 PRAEP.
789 109 1009 152 EVANG.
1054 109 1149 150 xv.
1182 111 1364 151 31—36.
1664 106 1765 158 401

286 229 333 282 3.
365 222 736 298 Ἀριστοτέλης
757 222 870 283 οὔτ’
902 233 1150 299 ἔμψυχον
1167 223 1298 283 ὅλον
1323 221 1395 282 δι’
1421 221 1587 298 ὅλων,
1623 221 1769 298 [οὔτε

156 307 269 384 μὴν
311 308 679 382 αἰσθητικὸν,]
725 308 852 367 οὔτε
896 304 1148 383 λογικὸν,
1199 307 1325 367 οὔτε
1364 307 1590 384 νοερὸν,
1639 307 1768 366 οὕτε

159 400 394 495 προνοίᾳ
435 392 836 467 διοικούμενον.
905 394 972 452 τὰ
1013 419 1113 468 μεν
1144 391 1249 468 γάρ
1281 390 1515 500 οὐράνια
1554 392 1769 451 τούτων

157 477 383 535 πάντων
414 491 703 537 κοινωνεῖν
719 512 790 518 —
807 485 1046 553 σφαίρας
1070 476 1174 552 γὰρ
1195 481 1470 552 περιέχειν
1493 476 1768 551 ἐμψύχους

112 582 135 614 5
158 565 249 620 καὶ
283 561 677 631 ζωτικάς-τὰ
710 563 771 620 δὲ
802 570 1051 638 περίγεια
1082 561 1316 666 μηδενὸς
1343 561 1549 619 αὐτῶν
1583 565 1677 635 τῆς
1711 561 1760 618 δ’

154 644 404 716 εὐταξίας
446 645 582 704 κατὰ
614 646 992 721 συμβεβηκὸς,
1035 645 1101 704 οὐ
1145 650 1573 721 προηγουμένως
1616 649 1766 719 μετέ-

157 730 310 804 χειν.’

156 883 340 932 XXXV.
587 870 703 930 “Ee
730 870 1016 945 ἄφθαρτος
1046 869 1075 928 ὁ
1107 869 1321 944 κόσμος.

283 983 626 1059 Πυθαγόρας
656 1009 713 1042 τε
737 1009 827 1041 και
812 982 1080 1042 Πλατων
1110 985 1203 1040 καὶ
1225 987 1281 1040 οί
1301 983 1542 1040 Στωικοὶ
1564 1005 1767 1054 γεννη-

93 1088 133 1120 ιο
156 1065 362 1127 τόνὺπὸ
393 1073 533 1127 θεοῦ
563 1068 661 1126 τὸν
683 1067 916 1142 κόσμον·
964 1070 1057 1125 καὶ
1079 1065 1336 1142 φθαρτὸν
1357 1091 1480 1140 μεν,
1510 1063 1645 1124 όσον
1677 1068 1767 1123 ἐπὶ

154 1156 223 1227 τῇ
253 1152 421 1226 φύσει
456 1186 526 1192 —
560 1147 831 1232 αἰσθητὸν
859 1151 963 1226 γὰρ
996 1152 1156 1224 εἶναι,
1191 1151 1330 1209 διότι
1360 1149 1672 1224 σωματικόν
1693 1183 1761 1190 -

154 1239 222 1295 οὐ
253 1235 364 1310 μὴν
394 1236 828 1312 φθαρησόμενόν
857 1261 947 1311 γε,
980 1242 1214 1312 προνοία
1245 1238 1337 1293 καὶ
1368 1238 1580 1310 συνοχῇ
1609 1241 1763 1293 θεοῦ.

279 1340 327 1392 2.
359 1332 679 1409 Ἐπίκουρος
708 1333 995 1410 φθαρτὸν,
1037 1325 1126 1392 3τῖ
1160 1332 1459 1408 γεννητὸν,
1503 1331 1575 1401 ὡς
1608 1336 1766 1410 ζῷον,

155 1417 228 1486 ὡς
259 1418 453 1493 φυτόν.

90 1522 131 1555 15
282 1508 329 1561 3.
363 1502 685 1577 Ξενοφάνης
716 1503 1021 1577 ἀγέννητον
1064 1505 1155 1560 καὶ
1190 1499 1374 1560 ἀΐδιον
1415 1504 1506 1559 καὶ
1539 1500 1766 1575 ἄφθαρ-

155 1612 252 1646 τον
283 1587 503 1661 κόσμον.

281 1677 330 1730 4.
359 1669 732 1746 Ἀριστοτέλης
772 1670 831 1729 τὸ
873 1667 984 1729 ὑπὸ
1027 1671 1128 1744 τὴν
1159 1669 1400 1744 σελήνην
1429 1674 1526 1728 τοῦ
1557 1668 1765 1744 κόσμου

152 1758 317 1832 μέρος
357 1754 644 1830 παθητὊν,
688 1760 749 1814 ἐν
781 1747 824 1833 ᾧ
854 1758 946 1814 καὶ
986 1754 1053 1814 τοὶ
1093 1762 1346 1830 περίγεια
1387 1752 1759 1829 κηραίνεται.”

154 1951 363 2000 XXXVI.
540 1935 772 1997 “Πόθεν
801 1940 1059 2013 τρέφεται
1088 1935 1116 1996 ὁ
1149 1937 1363 2012 κόσμος.
1782 1965 1871 2004 (843)

91 2069 133 2101 20
276 2050 682 2125 Ἀριστοτέλης,
727 2057 778 2108 εἰ
805 2053 1062 2124 τρέφεται
1094 2049 1122 2108 ὁ
1154 2049 1384 2124 κόσμος,
1418 2052 1510 2107 καὶ
1539 2049 1766 2122 φθαρή-

156 2151 334 2193 σεται·
397 2132 534 2191 ἀλλά
584 2134 695 2207 μὴν
744 2131 1005 2207 οὐδεμιᾶς
1057 2137 1330 2192 ἐπιδέεται
1379 2137 1610 2207 τροφῆς·
1673 2131 1765 2190 διά

155 2223 316 2278 τοῦτο
349 2221 440 2275 καὶ
470 2215 662 2285 ἀΐδιος.

282 2308 330 2361 2.
366 2301 634 2374 Πλάτων,
668 2298 836 2359 αὐτὸν
866 2297 1014 2378 αὐτῷ
1045 2300 1141 2359 τὸν
1171 2301 1377 2376 κόσμον
1410 2306 1469 2359 ἐκ
1498 2305 1596 2359 τοῦ
1625 2309 1764 2375 φθί-

156 2411 348 2454 νοντος
379 2386 517 2443 κατὰ
547 2384 858 2460 μεταβολὴν
887 2385 946 2443 τὸ
978 2389 1184 2460 τρέφον
1214 2388 1569 2461 παρέχεσθαι.

89 2509 132 2541 25
284 2489 332 2542 3.
387 2483 685 2556 Φιλόλαος,
744 2483 932 2556 διττὴν
989 2483 1130 2542 εἶναι
1176 2482 1279 2556 τὴν
1327 2483 1580 2558 φθοράν,
1645 2485 1763 2542 τοτὲ
1791 2514 1809 2544 ι)

154 2570 257 2643 μὲν
307 2571 359 2636 ἐξ
409 2565 650 2642 οὐρανοῦ
692 2566 864 2640 πυρὸς
905 2569 1160 2640 ῥυέντος,
1201 2569 1322 2626 τοτὲ
1364 2571 1426 2626 δὲ
1467 2573 1520 2637 ἐξ
1559 2567 1764 2635 ὕδατος

156 2655 489 2726 σεληνιακοῦ
518 2655 862 2727 περιστροφῇ
890 2656 988 2709 τοῦ
1019 2649 1178 2726 ἀέρος
1216 2652 1618 2727 ἀποχυθέντος·
1670 2655 1762 2708 καὶ

156 2736 368 2795 τούτων
427 2737 570 2795 εἶναι
628 2735 722 2802 τὰς
782 2734 1184 2810 ἀναθυμιάσεις
1230 2736 1436 2811 τροφάς
1487 2739 1585 2794 τοῦ
1633 2736 1764 2794 κόσ-

286 2820 315 2841 22

154 2845 278 2894 μου.

240 2930 471 2958 EUSEBIUS
504 2930 557 2958 11.
1470 2914 1536 2966 26
