2014 3146
287 86 387 139 132
964 87 1213 130 EUSEBII

285 213 405 277 ἔφη.
490 205 752 275 Λέγωμεν
793 201 862 274 δὴ
912 206 987 279 τῷ
1029 204 1244 275 λέγοντι
1292 199 1365 270 ὡς
1404 211 1681 262 λυσιτελεῖ
1715 203 1890 283 τούτῳ

283 286 501 345 ἀδικεῖν
529 290 604 362 τῷ
636 284 950 363 ἀνθρώπῳ,
986 291 1172 344 δίκαια
1205 288 1266 344 δὲ
1296 286 1555 362 πράττειν
1585 286 1651 346 οὐ
1683 291 1894 363 ξυμφέ-

284 395 397 446 ρει,
442 369 579 427 διότι
621 367 789 428 οὐδὲν
827 368 961 428 ἄλλο
1012 369 1179 445 φήσει
1218 367 1252 444 ἢ
1294 380 1604 430 λυσιτελεῖν
1642 371 1792 451 αὐτῷ
1831 374 1891 431 τὸ

281 454 641 514 παντοδαπὸν
662 459 866 530 θηρίον
891 451 1193 529 εὐωχοῦντι
1219 469 1399 514 ποιεῖν
1425 456 1652 531 ἰσχυρὸν
1675 460 1767 515 καὶ
1795 457 1893 516 τὸν

234 567 259 598 b
283 541 478 598 λέοντα
517 541 608 596 καὶ
650 538 715 596 τὰ
756 541 884 614 περὶ
933 538 1031 597 τὸν
1069 541 1293 613 λέοντα,
1345 538 1442 598 τὸν
1488 541 1548 598 δὲ
1588 539 1892 617 ἄνθρωπον
1916 567 1935 601 5

282 633 630 700 λιμοκτονεῖν
672 626 771 681 παὶ
812 638 994 682 ποιεῖν
1035 622 1282 697 ἀσθενῆ,
1323 621 1462 682 ὥστε
1492 628 1757 683 ἕλκεσθαι
1785 624 1894 701 ὅπη

285 707 354 766 ἂν
396 711 626 767 ἐκείνων
675 705 941 782 ὁπότερον
979 706 1115 782 ἄγῃ,
1156 711 1249 766 καὶ
1287 709 1464 782 μηδὲν
1506 712 1694 782 ἕτερον
1728 711 1894 788 ἑτέρῳ

284 797 597 862 ξυνεθίζειν
627 794 767 866 μηδὲ
796 798 964 866 φίλον
994 807 1203 865 ποιεῖν,
1243 790 1369 850 ἀλλ’
1405 796 1503 850 ε’ἆν
1533 792 1673 851 αὐτὰ
1706 797 1766 852 ἐν
1796 793 1893 852 αὑ-

284 891 399 945 τοῖς
453 876 767 935 δάκνεσθαί
815 900 874 935 τε
924 879 1018 934 καὶ
1067 875 1349 981 μαχόμενα
1402 881 1617 936 ἐσθίειν
1668 875 1892 952 ἄλληλα.

283 968 331 1021 6.
364 960 698 1020 Παντάπασι
726 986 862 1035 γαρ,
896 968 1032 1035 ἔφη,
1063 960 1215 1018 ταῦτ’
1253 958 1324 1019 ἂν
1347 963 1495 1035 λέγοι
1525 961 1554 1020 5
1584 961 1644 1020 τὸ
1675 959 1893 1022 ἀδικεῖν
1916 990 1957 1022 10

286 1050 543 1105 ἐπαινῶν.
620 1043 846 1104 Οὐκοῦν
877 1070 948 1103 αυ
993 1041 1022 1103 5
1052 1045 1119 1103 τὰ
1159 1051 1347 1103 δίκαια
1377 1049 1556 1119 λέγων
1585 1055 1895 1106 λυσιτελεῖν

285 1138 423 1205 φαίη
455 1128 525 1188 ἂν
558 1135 678 1188 δεῖν
706 1134 877 1188 ταῦτα
908 1128 1170 1205 πράττειν
1200 1132 1290 1188 καὶ
1321 1134 1494 1188 ταῦτα
1523 1133 1725 1204 λέγειν,
1757 1129 1895 1190 ὅθεν

284 1221 383 1273 τοῦ
414 1213 722 1289 ἀνθρώπου
763 1211 791 1272 5
835 1214 986 1281 ἐντὸς
1017 1212 1317 1288 ἅνθρωπος
1358 1221 1508 1272 ἔσται
1540 1216 1894 1291 ἐγκρατέστα-

244 1337 260 1358 e
284 1324 402 1373 τος,
444 1301 535 1356 καὶ
575 1303 673 1357 τοῦ
713 1298 1104 1372 πολυκεφάλου
1154 1301 1469 1373 θρέμματος
1513 1298 1895 1374 ἐπιμελήσεται

285 1381 470 1458 ὥσπερ
494 1384 755 1458 γεωργὸς,
780 1381 845 1441 τὰ
867 1385 970 1457 μὲν
991 1381 1168 1458 ἥμερα
1181 1385 1401 1458 τρέφων
1416 1386 1510 1441 καὶ
1521 1382 1892 1459 τιθασσεύων,
1918 1411 1958 1444 15

283 1468 348 1526 τὰ
381 1470 443 1526 δὲ
473 1466 638 1543 ἄγρια
669 1466 1014 1526 ἀποκωλύων
1042 1467 1325 1570 φύεσθαι,
1358 1467 1639 1542 ξύμμαχον
1668 1467 1894 1542 ποιησά·

284 1577 448 1627 μενος
478 1551 580 1625 τὴν
610 1557 708 1610 τοῦ
740 1555 958 1620 λέοντος
989 1551 1193 1626 φύσιν,
1233 1554 1327 1610 καὶ
1358 1556 1516 1627 κοινῇ
1546 1552 1772 1611 πάντων
1802 1578 1895 1627 κη-

287 1636 546 1710 δόμενος,
590 1642 727 1710 φίλα
767 1636 1134 1711 ποιησάμενος
1173 1635 1430 1710 ἀλλήλοις
1481 1661 1540 1700 τε
1591 1639 1683 1695 καὶ
1725 1661 1894 1715 αυτω,

265 1720 428 1779 οὕτω
451 1723 678 1796 θρέψει,
711 1725 929 1796 Κομιδῇ
953 1719 1057 1796 γὰρ
1082 1722 1154 1778 αὐ
1177 1723 1324 1794 λέγει
1346 1725 1515 1779 ταῦτα
1539 1720 1568 1778 5
1591 1720 1652 1779 τὸ
1679 1726 1896 1780 δίκαιον

288 1802 591 1863 gavamm?
1916 1832 1959 1865 20

240 1907 263 1939 d
415 1901 536 1949 XLV
540 1901 594 1949 ll.
656 1892 768 1947 Τοῦ
797 1885 1001 1955 παντὸς
1024 1886 1297 1962 Ἑβραίων
1330 1895 1534 1956 ἔθνους
1567 1894 1644 1956 εἰς
1676 1887 1894 1948 δώδεκα

285 1973 465 2046 φυλὰς
498 1974 892 2046 διεσταλμένου
923 1974 1014 2029 καὶ
1037 1970 1065 2028 5
1089 1972 1330 2031 Πλάτων
1357 1974 1559 2046 ὁμοίως
1582 1976 1743 2031 τοῦτο
1766 1979 1894 2048 χρῆ·

287 2083 381 2115 ναι
414 2063 533 2115 δεῖν
567 2060 654 2115 ἐπὶ
684 2062 797 2114 τῶν
828 2055 1001 2114 αὑτοῦ
1029 2060 1270 2115 πολιτῶν
1303 2055 1544 2130 φυλάξαι
1583 2068 1894 2131 νομοθετεῖ,

287 2143 465 2215 λέγων
498 2134 606 2199 ὦδε

403 2222 679 2284 “Δώδεκα
709 2226 813 2299 μὲν
843 2221 1032 2299 ἡμῖνὴ
1063 2224 1214 2300 χώρα
1245 2228 1393 2283 πᾶσα
1425 2230 1501 2293 είς
1526 2223 1769 2300 δύναμιν
1801 2234 1895 2284 ἴσα
1917 2251 1958 2284 25

289 2307 452 2383 μόρια
483 2308 836 2383 νενεμήσθω.
871 2308 1021 2382 φυλὴ
1049 2310 1109 2367 δὲ
1131 2315 1229 2383 μία
1252 2313 1327 2388 τῷ
1343 2315 1518 2388 μορίῳ
1540 2309 1750 2389 ἑκάστω
1776 2313 1895 2368 ε’πι-

289 2400 642 2464 κληρωθεῖσα
665 2392 782 2450 κατ’
815 2393 1070 2452 ἐνιαυτὸν
1093 2398 1372 2469 παρεχέτω
1397 2396 1560 2453 πέντε
1592 2391 1712 2454 οἷον
1733 2393 1894 2470 ἀγρο-

289 2475 493 2550 νόμους
522 2500 581 2534 τε
614 2475 990 2551 φυλάρχους.”

418 2563 527 2617 Καὶ
559 2559 727 2619 πάλιν
757 2567 900 2634 φησί

404 2769 458 2807 25
490 2761 690 2808 Δώδεκα
712 2765 787 2820 -]
822 2767 956 2808 Plato
978 2767 1094 2820 Leg.
1116 2768 1154 2806 6.
1178 2780 1220 2820 p.
1245 2768 1338 2808 760.

405 2838 458 2876 29
489 2835 581 2878 Καὶ
604 2831 771 2890 πάλιν]
802 2836 917 2878 Ibid.
942 2850 984 2890 p.
1012 2837 1091 2877 755
1114 2836 1154 2877 d.
