2014 3146
260 74 370 142 '208
945 88 1192 130 EUSEBII

269 209 362 265 καὶ
391 204 560 264 πάλιν

415 295 656 365 ἑβδομάτη
684 290 729 347 δ’
761 287 913 358 αὖθις
939 290 1162 362 λαμπρὸν
1186 292 1315 361 φάος
1340 291 1535 361 ἠελίοιο.

256 387 492 462 Ὅμηρος
524 388 585 445 δὲ

415 479 659 548 ἑβδομάτῃ
686 475 888 546 δῆπειτα
913 478 1197 547 κατήλυθεν
1222 475 1356 546 ἱερὸν
1379 469 1527 546 ἦμαρ.

223 602 247 634 d
273 579 366 635 καὶ
389 573 622 651 Ἑβδόμη
652 569 723 649 ἦν
756 574 909 650 ίερή.’
975 577 1067 634 καὶ
1099 573 1266 634 πάλιν
1902 589 1923 622 5

417 678 630 744 ἕβδομον
655 667 788 746 ἦμαρ
816 678 928 742 ἔην,
957 677 1040 728 καὶ
1065 681 1132 744 τῷ
1157 676 1391 728 τετέλεστο
1417 670 1625 728 ἅπαντα.

279 770 372 825 καὶ
405 760 572 838 αὖθις

419 859 666 930 ἑβδομάτῃ
694 853 740 911 δ’
769 855 859 926 ἠοῖ
876 861 1079 926 λίπομεν
1104 857 1219 927 ῥόον
1246 858 1292 922 ἐξ
1316 854 1606 926 Ἀχέροντος.

279 966 372 1024 ναὶ
403 964 513 1038 μὴν
544 966 636 1022 καὶ
674 970 1019 1037 Καλλίμαχος
1049 959 1078 1021 ὃ
1108 962 1335 1036 ποιητὴς
1365 961 1566 1038 γράφει

422 1070 666 1142 ἑβδομάτῃ
694 1066 738 1123 δ’
771 1066 875 1137 ἠοῖ,
904 1074 989 1121 καί
1013 1072 1064 1121 οἵ
1086 1070 1302 1121 ἐτέτυκτο
1329 1066 1535 1121 ἅπαντα.
1910 1082 1949 1114 10

283 1164 374 1219 καὶ
405 1160 573 1219 πάλιν

425 1251 607 1322 ἑβδόμη
634 1256 705 1305 εἰν
731 1248 943 1322 ἀγαθοῖς
969 1253 1052 1305 καὶ
1081 1249 1263 1320 ἑβδόμη
1292 1253 1389 1304 ἐστὶ
1413 1253 1641 1322 γενέθλη.

170 1358 261 1399 (678)
285 1347 376 1403 καὶ

427 1420 608 1492 ἑβδόμη
634 1423 687 1475 έν
711 1420 947 1491 πρώτοισι
973 1423 1055 1474 καὶ
1085 1421 1267 1490 ἑβδόμη
1294 1421 1393 1474 ἐστὶ
1418 1425 1584 1474 τελεία.

284 1517 377 1572 καὶ
1912 1531 1955 1570 15

284 1606 353 1664 &5³³¹
429 1589 548 1644 ἑπτὰ
575 1591 627 1644 δὲ
651 1588 814 1643 πάντα
839 1593 1034 1643 τέτυκτο
1061 1592 1113 1643 ἐν
1140 1586 1338 1662 οὐρανῷ
1365 1586 1690 1679 ἀστερόεντι,

427 1664 479 1715 έν
505 1662 731 1715 κύκλοισι
757 1658 963 1726 φανέντ’
993 1663 1372 1729 έπιτελλομένοις
1399 1657 1690 1724 gvcavvocgss’

413 1771 496 1824 35.
522 1764 727 1824 “Ἀλλα
758 1767 849 1823 καὶ
882 1771 944 1824 αἱ
975 1765 1236 1834 Σόλωνος
1278 1771 1511 1841 ἐλεγεῑαι
1542 1765 1761 1841 σφόδρα
1790 1764 1893 1838 τὴν

288 1850 570 1925 ἑβδομάδα
603 1847 1002 1919 ἑκθειάζουσι.”

408 1934 439 1956 “
456 1934 534 1994 Τὰ
560 1935 621 1992 δὲ
651 1932 773 2007 οὐχὶ
794 1932 1149 2008 παραπλήσια
1164 1940 1230 2009 τῇ
1255 1933 1492 2011 λεγούσῃ
1517 1939 1703 2010 γραφῇ
1729 1931 1889 2010 εδὲρω-
1914 1955 1956 1987 20

242 2045 263 2077 b
290 2045 392 2095 μεν
409 2017 508 2093 ἀφ’
536 2016 692 2093 ἡμῶν
714 2019 811 2076 τὸν
838 2025 1072 2091 δίκαιον,
1095 2016 1178 2076 ὅτι
1197 2017 1538 2095 δύσχρηστος
1561 2019 1694 2094 ἡμῖν
1712 2016 1892 2091 ἐστιν,’

288 2104 316 2163 ὁ
350 2102 589 2163 Πλάτων
611 2105 908 2178 μονονουχὶ
941 2102 1309 2178 προφητεύων
1332 2102 1432 2177 τὴν
1457 2103 1730 2180 σωτήριον
1751 2110 1896 2162 οἰκο-

290 2195 490 2263 νομίαν
523 2192 582 2246 ἐν
611 2191 689 2266 ‘⁶93
721 2190 961 2265 δευτέρῳ
993 2192 1086 2261 τῆς
1116 2195 1408 2256 Πολιτείας
1440 2187 1583 2248 οὕτω
1615 2191 1790 2263 φησὶν

451 2270 481 2293 “
494 2271 653 2331 Οὕτω
688 2273 749 2329 δὲ
782 2278 1125 2346 διακείμενος
1164 2269 1192 2331 ὃ
1227 2278 1436 2340 δίκαιος
1475 2271 1894 2347 μαστιγώσεται,

295 2356 653 2429 ἐκκοπήσεται
683 2354 757 2413 τώ
788 2355 1092 2430 ὀφθαλμώ,
1124 2363 1397 2416 τελευτῶν
1421 2356 1601 2416 πάντα
1625 2357 1765 2415 κακὰ
1789 2380 1896 2415 πα-
1919 2375 1960 2408 25

297 2439 419 2499 θεὸν
450 2438 1151 2514 ἀνασκινδυλευθήσεται.”

182 2547 273 2591 [397]
413 2521 513 2583 “⁹¹0
542 2550 600 2583 τε
631 2523 983 2599 Σωκρατικὸς
1007 2524 1364 2599 Ἀντισθένης
1395 2525 1768 2600 παραφράζων
1797 2523 1899 2598 τὴν

295 2609 642 2683 προφητικὴν
681 2611 898 2682 ἐκείνην
928 2608 1151 2684 γραφὴν
1172 2609 1306 2668 ”τίνι
1334 2634 1402 2685 με
1432 2607 1776 2684 ὦμοιώσατες
1809 2610 1899 2666 λέ-

297 2717 380 2766 γει
411 2691 806 2771 κύριοςίθεόν
836 2691 1028 2751 οὐδενὶ
1062 2696 1294 2788 ἐοικιέναι
1313 2698 1469 2768 φησὶ,
1505 2693 1696 2768 διόπερ
1730 2690 1899 2751 αὐτὸν

410 2847 462 2887 23
496 2839 546 2887 ἑν
567 2844 628 2900 τῷ
652 2841 854 2898 δευτέρῳ
875 2843 958 2898 τῆς
981 2843 1255 2899 Πολιτείας]
1283 2859 1325 2898 p.
1350 2847 1445 2887 362.
