2014 3146
563 110 776 152 PRAEP.
808 109 1028 152 EVANG.
1060 110 1157 151 xv.
1188 111 1256 152 32.
1291 113 1358 152 33.
1667 109 1770 169 399

165 225 552 301 Διοσκούρων·
608 232 741 300 περί
774 250 834 284 τε
865 229 1160 295 ἐκλείψεως
1190 221 1352 299 ἡλίου
1383 227 1475 284 καὶ
1506 226 1765 300 σελήνης·

164 315 255 370 καὶ
297 313 422 385 περὶ
465 310 751 385 ἐμφάσεως
793 308 988 383 αὐτῆς·
1047 313 1138 368 καὶ
1180 310 1270 367 διὰ
1298 316 1357 367 τί
1391 309 1605 384 γεώδης
1636 319 1770 383 φαί-

163 412 341 455 νεται·
401 398 492 453 καὶ
533 398 659 469 περὶ
698 397 810 452 τῶν
854 393 1255 468 ἀποστημάτων
1295 394 1490 468 αὐτῆς·
1556 398 1649 453 καὶ
1692 402 1769 455 ἔτι

162 483 290 554 περὶ
324 483 609 538 ἐνιαυτοῖν.
681 484 727 536 9.
762 481 934 536 ταῦτα
976 480 1038 536 δὲ
1077 478 1255 536 πάντα
1288 478 1379 536 διὰ
1408 485 1627 555 μυρίων
1656 496 1770 548 τοῖς

119 567 289 638 5περὶ
340 557 419 622 ὧν
467 561 493 622 ὁ
539 563 698 637 λόγος
739 564 1222 637 κατεσκευασμένα
1270 563 1460 636 ἐπειδὴ
1507 564 1689 638 τεμών
1740 563 1769 622 ὁ

161 648 518 723 Πλούταρχος
560 652 620 706 ἐν
667 645 872 720 ὀλίγοις
923 656 1206 720 συνεῖλεν,
1262 650 1352 706 ἐπὶ
1391 648 1594 706 ταυτὸν
1631 651 1771 723 ὁμοῦ
1794 676 1814 706 b

163 733 498 806 συναγαγὼν
547 731 854 804 ἀποφάσεις
905 735 997 788 καὶ
1046 731 1142 798 τὰς
1204 738 1512 805 διαφωνίας
1562 730 1768 806 αὐτῶν,

164 817 398 891 ἡγοῦμαι
421 820 513 875 καὶ
532 815 668 889 ἡμῖν
687 814 790 874 οὐκ
810 814 1054 888 ἄχρηστα
1073 815 1412 888 γενήσεσθαι
1434 815 1574 874 αὐτὰ
1595 840 1767 889 παρα-

162 905 394 960 τεθέντα
426 908 502 968 είς
531 899 634 973 τὴν
665 898 898 972 εὔλογον
928 898 1114 956 αὐτῶν
1145 907 1490 974 παραίτησιν.
1544 899 1634 958 ὅτε
1663 900 1768 973 γὰρ

100 1014 139 1046 10
163 985 323 1044 αὐτοὶ
373 984 509 1059 πρὸς
562 988 705 1058 σφᾶς
750 982 951 1051 αὐτούς
1001 988 1241 1042 ἐναντίοι
1287 983 1424 1042 κατὰ
1476 984 1769 1059 διάμετρον

161 1078 418 1144 ἔστησαν,
449 1069 623 1144 μάχας
652 1093 711 1126 τε
741 1071 833 1126 καὶ
853 1070 1145 1142 πολέμους,
1174 1070 1342 1126 πλέον
1366 1067 1414 1125 δ’
1445 1067 1614 1127 οὐδὲν
1632 1067 1765 1127 καθ’

164 1157 379 1212 ἑαυτῶν
400 1157 624 1227 ἐξῆψαν,
638 1151 703 1211 τὰ
726 1155 839 1211 τῶν
860 1156 1027 1220 πέλας
1048 1156 1267 1210 ἕκαστοι
1280 1161 1563 1229 φιλοτιμία
1586 1152 1770 1226 λόγων

160 1238 583 1311 ἀπελέγξαντες,
616 1241 733 1304 πῶς
763 1235 865 1295 οὐκ
895 1234 965 1295 ἂν
997 1235 1218 1305 εἰκότως
1247 1233 1382 1310 ἡμῖν
1420 1235 1644 1311 ἀσφαλῆ
1667 1237 1769 1309 τὴν

159 1326 287 1396 περὶ
315 1322 527 1381 τούτων
568 1323 771 1395 ἐποχὴν
807 1324 1095 1394 γεγονέναι
1134 1325 1239 1389 mig
1276 1317 1537 1379 ὁστισοῦν
1573 1321 1770 1395 ὁμολο-

99 1433 138 1464 15
162 1406 374 1480 γήσειε;
433 1413 511 1465 10.
554 1405 859 1481 προσθήσω
904 1407 964 1463 δὲ
1005 1409 1127 1479 ἑξῆς
1168 1420 1281 1474 τοῖς
1322 1410 1628 1480 εἰρημένοις
1667 1404 1769 1463 ὅσα

162 1494 252 1550 καὶ
284 1494 409 1565 περὶ
449 1498 561 1549 τῶν
600 1493 1039 1565 προσγειοτέρων
1070 1490 1452 1566 ἐπηπόρησαν·
1511 1493 1639 1565 περὶ
1668 1495 1769 1563 γῆς

162 1575 453 1649 σχήματος,
485 1578 576 1632 καὶ
609 1577 735 1649 περὶ
758 1578 970 1642 θέσεως
1002 1578 1093 1632 καὶ
1126 1579 1419 1647 ἐγκλίσεως
1451 1572 1644 1648 αὐτῆς·
1677 1578 1770 1632 καὶ

162 1667 239 1717 ἔτι
271 1662 398 1731 περὶ
427 1659 739 1732 θαλάσσης·
802 1658 874 1726 ὡς
918 1655 988 1716 ἂν
1020 1664 1225 1732 εἰδείης
1275 1657 1358 1716 ὅτι
1397 1659 1471 1733 μὴ
1511 1661 1638 1733 περὶ
1668 1658 1769 1732 μό·
1800 1694 1817 1716 0

162 1769 276 1802 νων
306 1748 418 1802 τῶν
440 1743 733 1818 μετεώρων
762 1746 854 1801 καὶ
878 1750 1190 1816 μεταρσίων
1211 1748 1266 1801 οἱ
1285 1757 1534 1816 γενναῖοι
1559 1747 1768 1816 διέστη-

98 1855 138 1887 20
163 1849 287 1901 σαν,
319 1827 442 1885 ἀλλ’
477 1826 559 1886 ὅτι
591 1830 682 1886 καὶ
713 1831 773 1887 ἐν
795 1841 907 1894 τοῖς
938 1834 1234 1901 περιγείοις
1259 1828 1766 1902 διαπεφωνήκασιν.

161 1918 254 1970 ἵνα
297 1914 358 1970 δὲ
398 1916 509 1970 τῶν
549 1917 740 1988 σοφῶν
783 1919 861 1971 ἔτι
901 1916 1110 1985 μᾶλλον
1151 1913 1251 1986 τὴν
1283 1919 1488 1986 σοφίαν
1518 1909 1769 1970 άποθαυ-

162 1996 368 2072 μάσῃς,
409 1996 715 2071 προσθήσω
755 1999 847 2054 καὶ
888 1994 993 2054 ὅσα
1038 1998 1164 2070 περὶ
1210 2003 1388 2070 ψυχῆς
1433 1999 1527 2054 καὶ
1565 2000 1667 2054 τοῦ
1709 2000 1769 2053 ἐν

163 2078 301 2155 αὐτῇ
341 2080 674 2154 ἡγεμονικοῦ
716 2079 1148 2154 διεμαχήσαντο,
1200 2077 1334 2137 οὐδὲ
1382 2086 1527 2154 σφᾶς
1567 2079 1769 2147 αὐτοὺς

165 2168 468 2237 ἐπιγνῶναι
497 2169 616 2231 οἵας
648 2166 761 2223 εἷεν
800 2163 1020 2237 φύσεως
1054 2168 1433 2237 δεδυνημένοι.
1495 2161 1634 2221 άλλά
1664 2163 1768 2237 γὰρ

100 2275 139 2307 25
163 2246 409 2323 άνίωμεν
444 2251 531 2306 ἐπὶ
562 2247 627 2306 τά
658 2251 847 2322 πρῶτα
877 2251 990 2306 τῶν
1022 2252 1342 2322 εἰρημένων.

163 2400 374 2449 XXXIII.
746 2385 856 2446 “Ec
886 2393 949 2446 ἓν
978 2387 1038 2445 τὸ
1068 2391 1194 2446 πᾶν.
1793 2408 1814 2439 d

298 2505 371 2558 Οἱ
405 2501 507 2573 μὲν
546 2493 648 2558 οὖν
687 2497 795 2557 άπὸ
835 2505 930 2573 τῆς
961 2505 1140 2567 Στοᾶς
1185 2504 1283 2558 ἕνα
1315 2500 1522 2574 κόσμον
1553 2498 1769 2574 άπεφή-

166 2608 361 2657 -ναντο,
392 2580 458 2641 ὃν
491 2584 559 2657 δὴ
590 2586 682 2642 καὶ
713 2583 772 2642 τὸ
802 2588 915 2642 πᾶν
946 2590 1162 2658 ἔφασαν
1194 2585 1334 2643 εἶναι
1365 2588 1456 2642 καὶ
1486 2585 1551 2642 τὰ
1582 2603 1757 2659 σωμα-

104 2692 144 2724 30
167 2693 303 2726 τικα.

280 2864 333 2902 26
366 2860 428 2905 Εἰ
446 2858 500 2905 ἓν
523 2860 571 2904 τὸ
596 2855 727 2915 πᾶνΫ
745 2863 978 2903 Plutarch.
1003 2864 1114 2904 Mor.
1138 2876 1180 2916 p.
1205 2864 1285 2904 879
1304 2876 1342 2902 a.
