2014 3146
574 111 786 151 PRAEP.
817 110 1038 152 EVANG.
1070 111 1196 152 xm.
1230 111 1268 151 8.
1302 112 1341 151 9.
1665 109 1765 160 183

154 232 356 301 χειρῶν
386 221 526 299 ἡμᾶς
561 231 910 298 διαφθεῖραι·
958 224 1212 299 πράττεις
1252 248 1310 282 τε
1349 223 1494 299 ὅπερ
1530 222 1599 282 ἂν
1632 229 1767 282 δοῦ-

155 319 248 378 λος
277 307 306 367 5
337 308 678 384 φαυλότατος
710 309 985 385 πράξειεν,
1017 307 1450 382 ἀποδιδράσκειν
1475 313 1767 383 ἐπιχειρῶν

155 393 303 469 παρὰ
341 394 436 462 τὰς
478 393 766 467 συνθήκας
807 418 864 452 τε
905 397 996 452 καὶ
1028 393 1320 467 ὁμολογίας
1361 393 1491 452 καθ’
1538 392 1601 461 ἃς
1631 392 1766 467 ἡμῖν

153 481 403 537 συνέθου
445 478 851 581 πολιτεύεσθαι.
942 484 991 536 2.
1061 483 1282 552 πρῶτον
1330 503 1432 551 μεν
1480 481 1583 536 οὐν
1631 477 1766 552 ἡμῖν

99 587 131 622 5
154 560 301 622 τοῦτ’
349 560 486 620 αυτὸ
527 556 849 638 ἀπόκριναι,
893 569 944 620 εἰ
981 561 1164 635 άληθῆ
1195 564 1427 636 λέγομεν
1458 562 1765 636 φάσκοντές

153 666 219 706 σε
249 646 659 721 ὡμολογηκέναι
690 647 1083 705 πολιτεύεσθαι
1113 644 1239 704 καθ’
1273 646 1412 720 ἡμᾶς
1444 654 1607 724 ε’ργῳ,
1639 645 1763 704 ἀλλ’

153 729 220 790 οὐ
262 731 436 809 λόγῳ,
488 729 521 803 ἢ
564 731 667 790 οὐκ
707 731 918 833 ἀληθὴς
964 738 1022 788 τί
1055 755 1249 804 φωμεν
1302 731 1439 806 πρὸς
1478 735 1677 804 ταῦτα,
1722 734 1764 788 ὠ

154 823 404 891 Κρίτων;
479 814 612 874 ἄλλο
642 841 692 873 τι
722 812 755 915 η’
786 813 1170 889 ὁμολογῶμενς

272 899 529 973 Ἀνάγκη,
564 893 606 957 ὦ
637 899 947 973 Σώκρατες.
1787 920 1810 953 d

88 1010 130 1040 10
274 983 437 1043 Ἀλλὰ
467 991 525 1042 τί
559 986 681 1057 οὐν,
725 982 794 1042 ἂν
824 1000 1018 1058 φαῖεν,
1059 982 1092 1058 ἢ
1138 983 1426 1057 συνθήκας
1458 983 1592 1058 πρὸς
1624 983 1764 1058 ἡμᾶς

151 1065 354 1135 αὐτοὺς
383 1071 475 1126 καὶ
507 1068 797 1142 ὁμολογίας
829 1076 1211 1143 παραβαίνεις,
1244 1068 1344 1143 οὐχ
1380 1068 1490 1126 ὑπὸ
1521 1067 1765 1142 ἀνάγκης

150 1153 519 1226 ὁμολογήσας,
561 1151 694 1211 οὐδε
732 1153 1065 1227 ἀπατηθεὶς,
1109 1151 1242 1212 ουδε
1282 1158 1343 1212 ἐν
1383 1151 1551 1230 ὀλίγῳ
1583 1152 1764 1230 χρόνῳ

150 1237 527 1310 ἀναγκασθεὶς
567 1238 1015 1311 βουλεύσασθαι,
1062 1236 1184 1296 ἄλλ’
1220 1243 1280 1297 ἐν
1313 1245 1491 1297 ἔτεσιν
1524 1240 1766 1345 ἑβδομή-

153 1346 350 1394 κοντα,
406 1327 465 1380 ἐν
504 1320 585 1390 οἷς
628 1326 754 1395 ἐξῆν
795 1343 881 1380 σοι
922 1321 1171 1396 ἀπιέναι,
1227 1330 1278 1382 εἰ
1326 1321 1399 1397 μὴ
1458 1322 1764 1398 ἠρέσκομεν

86 1429 129 1462 15
154 1406 329 1480 ἡμεῖς,
360 1408 501 1480 μηδε
532 1413 741 1464 δίκαιαι
774 1407 1068 1479 ἐφαίνοντό
1100 1428 1186 1466 σοι
1217 1433 1273 1465 αι
1264 1404 1579 1480 ”ὁμολογίαι
1605 1407 1763 1465 εἶναι.

151 1497 200 1549 3.
250 1491 320 1549 σύ
359 1492 421 1548 δὲ
459 1489 585 1549 οὔτε
627 1498 1021 1565 Λακεδαίμονα
1060 1497 1309 1567 προῃροῦ
1350 1490 1476 1549 οὔτε
1518 1491 1763 1564 Κρήτην,

150 1573 215 1642 ἃς
249 1575 317 1648 δὴ
359 1575 616 1633 ἑκάστοτε
655 1576 765 1651 φῂς
806 1574 1202 1650 εὐνομεῖσθαι,
1235 1575 1362 1634 οὔτε
1393 1574 1569 1648 ἄλλην
1598 1574 1765 1633 οὐδε-

151 1665 287 1733 μίαν
315 1664 428 1717 τῶν
449 1659 789 1733 Ἐλληνίδων
819 1660 1056 1733 πόλεων,
1086 1660 1221 1718 οὐδὲ
1250 1664 1362 1718 τῶν
1385 1663 1762 1734 βαρβαρικῶν,
1783 1685 1878 1730 [385]

151 1741 291 1801 ἄλλα
324 1743 525 1801 ἐλάττω
559 1748 610 1813 ἐξ
644 1742 810 1818 αὐτῆς
840 1742 1199 1819 ἀπεδήμησας
1230 1741 1263 1818 ἢ
1295 1751 1352 1803 οἱ
1388 1751 1560 1818 χωλοί
1585 1769 1643 1802 τε
1673 1747 1765 1802 καὶ

87 1852 130 1883 20
153 1831 354 1902 τυφλοὶ
391 1831 483 1886 καὶ
524 1834 582 1886 οἱ
620 1827 776 1887 ἄλλοι
805 1827 1095 1904 άνάπηροι.
1172 1829 1315 1887 οὕτω
1347 1848 1433 1887 σοι
1466 1828 1765 1907 διαφερόν-
1783 1856 1875 1899 (658)

152 1937 258 1980 τως
298 1919 411 1969 τῶν
451 1908 635 1970 ἄλλων
672 1911 986 1986 Ἀθηναίων
1026 1913 1259 1988 ἤρεσκεν
1298 1913 1331 1986 ἡ
1374 1912 1530 1981 πόλις
1574 1937 1632 1970 τε
1673 1915 1764 1970 καὶ

152 1993 310 2098 ημεῖς
339 2022 392 2054 οι
423 1996 581 2071 νόμοι
613 1998 894 2071 δηλονότι·
967 2005 1076 2056 τίνι
1109 2024 1213 2105 γαρ
1255 1995 1325 2056 ἂν
1355 1998 1512 2064 πόλις
1542 1995 1765 2070 άρέσκοι

152 2080 290 2140 άνευ
319 2081 533 2154 νόμων;
598 2086 707 2139 νῦν
740 2084 799 2139 δε
832 2083 900 2155 δὴ
931 2080 1032 2140 οὐκ
1065 2086 1312 2156 ἐμμένεις
1342 2098 1455 2147 τοις
1487 2080 1764 2154 ὡμολογη-

153 2169 366 2238 μένοις;
400 2164 497 2222 ἐαν
527 2163 660 2239 ἡμῖν
689 2191 753 2237 γε
783 2174 975 2241 πείθῃ,
1010 2169 1050 2223 ὠ
1085 2163 1424 2240 Σώκρατες’

89 2271 133 2304 25
284 2261 362 2309 IX.
428 2246 760 2323 ωὈστιςγόερ
801 2249 990 2323 νόμων
1022 2248 1365 2323 διαφθορεύς
1399 2252 1530 2320 εστι,
1544 2248 1763 2322 σφοδρα
1786 2275 1809 2307 b

156 2355 265 2390 που
298 2331 508 2400 δόξειεν
537 2331 607 2389 ἂν
638 2337 782 2391 νέων
810 2358 869 2390 τε
900 2336 991 2391 καὶ
1023 2333 1276 2406 ἀνοήτων
1298 2332 1619 2407 ἀνθρώπων
1646 2339 1763 2390 δια-

154 2415 406 2489 φθορεὺς
438 2417 594 2474 εἶναι.
656 2416 889 2490 πότερον
926 2411 1030 2475 οὖν
1073 2417 1249 2520 φεύξῃ
1280 2418 1374 2485 τάς
1404 2442 1463 2475 τε
1495 2414 1766 2491 εὐνομου-

155 2502 323 2574 μένας
364 2500 549 2568 πόλεις
592 2504 684 2558 καὶ
727 2525 837 2559 των
876 2500 1101 2575 ἀνδρῶν
1146 2501 1274 2568 τούς
1327 2501 1763 2575 κοσμιωτάτους;

156 2588 249 2642 καὶ
278 2588 437 2642 τοῦτο
468 2590 720 2643 ποιοῦντι
749 2610 855 2657 αρα
885 2584 1039 2654 ἄξιόν
1071 2604 1157 2644 σοι
1199 2591 1294 2659 ζῆν
1335 2594 1512 2656 ἔσται,
1558 2610 1591 2658 η
1623 2594 1766 2658 πλη-

90 2692 134 2724 30
159 2668 366 2736 σιάσεις
395 2694 607 2736 τουτοις
639 2672 730 2726 και
767 2666 1221 2744 άναισχυντήσεις
1263 2669 1652 2744 διαλεγόμενός
1682 2695 1765 2726 τι-

156 2777 256 2819 νας
295 2752 521 2826 λόγους,
563 2755 605 2810 ὠ
647 2753 970 2828 Σώκρατες,
1012 2779 1046 2826 η
1090 2753 1297 2829 οὕσπερ
1341 2753 1574 2854 ἐνθάδε,
1618 2778 1691 2819 ως
1729 2753 1763 2828 ἡ

154 2833 325 2912 άρετὴ
366 2841 457 2895 καὶ
497 2837 530 2911 ἡ
563 2837 889 2912 δικαιοσύνη
920 2845 1180 2898 πλείστου
1210 2838 1364 2908 άξιον
1393 2853 1508 2906 τοῖς
1537 2835 1764 2913 ἀνθρώ-
