2014 3146
235 129 333 181 172
909 127 1154 168 EUSEBH

231 243 433 310 αύτούς
464 242 661 316 γόητας
702 240 863 308 ὄντας
903 245 977 318 τῷ
1019 240 1385 315 μεταβάλλειν
1427 239 1654 310 ἑαυτούς
1695 241 1830 316 μήθ’

230 326 369 403 ἡμᾶς
396 327 626 395 ψεύδεσι
650 325 921 399 παράγειν
942 329 1002 384 ἐν
1024 324 1168 402 λόγῳ
1193 321 1226 398 ἦ
1252 332 1312 384 ἕν
1336 333 1504 403 ἔργῳ;
1531 330 1833 400 Συγχωρῶ.

231 418 312 470 35.
341 411 531 469 Πολλὰ
562 409 669 485 ἄρα
692 409 930 484 Ὁμήρου
964 414 1319 478 ἐπαινοῦντες
1358 409 1497 468 ἄλλα
1537 415 1694 468 τοῦτο
1735 409 1836 468 οὐκ

233 494 671 569 ἐπαινεσόμεθα,
719 494 820 568 τὴν
857 498 958 552 τοῦ
999 499 1267 552 ἐνυπνίου
1309 493 1532 568 πομπὴν
1560 492 1669 552 ὑπὸ
1701 495 1836 562 Διὸς

229 584 305 656 τῷ
332 578 718 653 Ἀγαμέμνονι·
777 576 897 636 οὐδ’
946 577 1259 652 Αἰσχύλου,
1300 578 1433 636 ὅταν
1473 582 1554 652 φῇ
1591 579 1626 652 ἡ
1660 582 1834 652 Θέτις,
1859 603 1880 635 5

116 690 206 730 (647)
233 665 329 722 τὸν
352 663 599 722 Ἀπόλλω
634 668 693 720 ἐν
724 679 844 730 τοῖς.
867 662 1035 736 αὐτῆς
1065 662 1257 736 γάμοις
1288 661 1494 739 ᾅδοντα

443 765 775 814 ἐνδατεῖσθαι
781 785 866 824 τας
894 759 973 825 ἔας
999 759 1276 825 εὐπαιδίας,

443 832 605 886 νόσων
630 832 675 885 τ’
687 831 936 924 απείρους
973 835 1056 885 καὶ
1082 837 1394 917 μακραίωνος
1420 836 1558 900 βίου,

444 902 699 969 ξύμπαντα
725 904 767 955 τ’
799 900 947 956 εἰπὼν
974 910 1223 967 θεοφιλεῖς
1250 899 1367 970 ε’μας
1393 905 1541 971 τύχας

444 971 620 1025 Παιῶν
642 974 1015 1056 ἐπευφήμησεν,
1045 970 1282 1040 εὐθυμῶν
1309 975 1401 1040 ε’μέ.
1862 985 1904 1017 10

444 1040 581 1113 κάγώ
608 1041 659 1097 τὸ
691 1048 880 1122 Φοίβου
906 1051 1048 1096 θεῖον
1074 1042 1287 1108 ἀψευδὲς
1312 1043 1466 1110 στόμα

444 1115 648 1180 η’λπιζον
675 1122 822 1167 εἶναι.
852 1121 1066 1200 μαντικῇ
1089 1113 1247 1182 βρύον
1271 1117 1432 1186 τέχνῃ.

444 1185 469 1238 ὁ
497 1183 545 1236 δ’
573 1181 718 1246 αυτὸς
743 1181 944 1252 ὑμνῶν,
973 1182 1122 1247 αυτὸς
1149 1187 1201 1236 ἐν
1226 1189 1377 1267 θοίνῃ
1401 1180 1601 1251 παρών,

442 1250 592 1318 αὐτὸς
617 1252 728 1307 τάδ’
759 1254 932 1317 εἰπὼν,
961 1251 1110 1318 αὐτός
1137 1258 1264 1307 ἐστιν
1291 1278 1316 1308 ο
1345 1253 1540 1307 κτανών

444 1324 529 1378 τὸν
554 1330 710 1378 παῖδα
736 1325 821 1378 τὸν
847 1326 979 1393 ἐμόν.
1861 1361 1903 1396 15

229 1430 312 1482 36.
346 1423 479 1482 ὅταν
508 1448 588 1491 τις
618 1429 845 1482 τοιαῦτα
876 1428 1008 1499 λέγῃ
1040 1427 1166 1497 περὶ
1197 1427 1378 1496 θεῶν,
1419 1426 1840 1498 χαλεπανοῦμέν

184 1535 206 1566 b
230 1534 288 1567 τε
333 1512 424 1566 καὶ
468 1509 632 1582 χορὸν
677 1507 743 1566 οὐ
786 1508 1068 1582 δῶσομεν,
1122 1506 1255 1566 οὐδὲ
1294 1507 1427 1574 τούς
1469 1507 1839 1576 διδασκάλους

231 1594 465 1666 ἐάσομεν
498 1597 586 1650 ἐπὶ
617 1599 842 1668 παιδεία
873 1599 1115 1667 χρῆσθαι
1139 1597 1250 1650 τῶν
1273 1596 1435 1663 νέων,
1471 1599 1521 1650 εί
1542 1595 1839 1666 μέλλουσιν

228 1674 364 1751 ἡμῖν
403 1682 456 1734 οἱ
501 1677 747 1750 φύλακες
791 1686 1080 1750 θεοσεβεῖς
1111 1702 1169 1735 τε
1200 1680 1291 1735 καὶ
1332 1688 1481 1735 θεῖοι
1522 1684 1837 1756 γίγνεσθαι,

231 1761 363 1819 καθ’
394 1761 527 1819 ὅσον
567 1760 852 1837 ἀνθρώπῳ
887 1767 974 1819 ἐπὶ
1006 1770 1265 1820 πλεῖστον
1306 1759 1426 1818 οἷόν
1464 1785 1536 1819 τε.
1611 1760 1837 1819 Παντά-
1859 1783 1902 1815 20

230 1864 430 1916 πασιν,
478 1854 612 1918 ἔφη,
656 1854 827 1917 ἔγωγε
866 1845 991 1913 τούς
1030 1844 1238 1912 τύπους
1278 1844 1506 1911 τούτους
1549 1850 1837 1919 συγχωρῶ,

231 1933 322 1987 καὶ
355 1927 427 1996 ῶς
471 1929 660 2001 νόμοις
690 1927 760 1986 ἂν
791 1930 975 1996 αὐτοῖς
1006 1929 1248 2005 χρῴμην.
1258 1928 1286 1948 ”

357 2019 441 2073 37.
499 2018 682 2072 Ταῦτα
735 2015 838 2087 μὲν
871 2010 910 2090 Δὁ
951 2014 1203 2073 Πλάτων.
1288 2012 1470 2086 εύροις
1520 2013 1570 2070 δ’
1626 2009 1698 2071 ἂν
1736 2013 1840 2086 τὴν

224 2094 495 2171 Ἐβραίων
524 2098 747 2172 γραφὴν
776 2096 1031 2171 οὐδαμῶς
1054 2099 1156 2171 μὲν
1177 2097 1394 2170 μύθους
1420 2097 1678 2171 αισχροὺς
1710 2102 1835 2170 περὶ

229 2187 328 2240 τοῦ
358 2186 470 2239 τῶν
500 2182 645 2240 ὅλων
675 2187 841 2254 θεοῦ,
874 2181 1000 2240 ἀλλ’
1035 2180 1169 2240 οὐδὲ
1200 2185 1325 2256 περὶ
1349 2187 1460 2240 τῶν
1490 2180 1628 2255 ἀμφ’
1667 2179 1837 2240 αὐτὸν
1859 2205 1901 2238 25

118 2287 210 2330 [380]
233 2274 409 2324 θείων
440 2265 708 2339 ἀγγέλων,
742 2265 880 2325 οὐδέ
906 2293 968 2340 γε
999 2270 1126 2340 περὶ
1156 2271 1267 2325 τῶν
1296 2271 1583 2339 θεοφιλῶν
1613 2263 1839 2340 ἀνδρῶν

229 2347 430 2423 ὁμοίως
460 2365 578 2416 ταῖς
602 2350 944 2423 Ἑλληνικαῖς
975 2358 1289 2424 θεολογίαις
1321 2355 1705 2426 περιέχουσαν,
1740 2350 1838 2408 τὸν

190 2462 206 2482 c
233 2435 295 2491 δε
324 2431 435 2490 υπὸ
465 2442 563 2491 τοῦ
596 2435 894 2503 Πλάτωνος
928 2439 1223 2494 ἐκτεθέντα
1253 2437 1456 2508 τύπον,
1498 2460 1579 2492 οτι
1610 2459 1669 2492 τε
1700 2433 1834 2507 ἄγα-

228 2518 335 2583 θὸς
367 2543 445 2574 ων
474 2515 502 2574 ὁ
534 2517 666 2584 θεὸς
696 2520 973 2592 τυγχάνει,
1007 2523 1098 2578 καὶ
1128 2545 1194 2576 τα
1218 2520 1352 2593 πρὸς
1373 2519 1549 2578 αὐτου
1570 2518 1837 2591 γεγονότα

227 2601 407 2659 πάντα
438 2607 675 2659 τοιαῦτα.
737 2608 820 2660 38
856 2603 944 2677 ἐφ’
984 2604 1194 2680 ἑκάστῳ
1222 2603 1272 2660 δ’
1309 2606 1412 2662 οὐν
1434 2607 1545 2661 τῶν
1571 2609 1835 2676 δημιουρ-
1859 2626 1899 2658 30

227 2684 488 2758 γημάτων
528 2685 556 2742 ὅ
597 2687 907 2759 θαυμάσιος
941 2692 1152 2761 Μωσης
1185 2687 1463 2760 ἐπιλέγει
1469 2686 1583 2744 ‘acal
1626 2683 1829 2744 εἶδεν
1805 2711 1833 2744 ο

628 2768 641 2787 l
701 2768 727 2789 ’2

229 2770 360 2836 θεὸς
392 2769 474 2826 ὅτι
506 2779 689 2828 καλου.
795 2776 890 2828 ε’πί
914 2796 970 2828 τε
1004 2777 1134 2829 πᾶσι
1166 2772 1262 2829 τὸν
1292 2774 1416 2845 περὶ
1449 2770 1673 2828 πάντων
1703 2788 1834 2843 συγ·

228 2852 699 2928 κεφαλαιούμενος
731 2854 895 2928 λόγον
925 2859 1062 2930 φησὶ
1087 2853 1215 2913 “καὶ
1247 2857 1395 2914 εἶδεν
1434 2851 1462 2912 ὁ
1494 2855 1624 2922 θεὸς
1655 2854 1835 2913 πάντα
