2014 3146
527 144 740 186 PRAEP.
771 143 992 186 EVANG.
1023 143 1127 186 ΧΠ.
1160 146 1228 185 23.
1262 146 1329 187 24.
1625 142 1724 195 109

120 263 230 327 νῶς
296 260 772 334 πεπαιδευμένους
823 262 1039 333 τέρπει,
1090 258 1326 333 μάλιστα
1369 260 1428 317 δὲ
1467 257 1584 332 ἥτις
1627 263 1724 317 ἕνα
1744 283 1835 326 (597)
1903 310 1919 326 s

116 345 215 403 τὸν
243 341 413 418 ἀρετῇ
440 367 500 401 τε
529 346 620 401 καὶ
652 350 877 420 παιδείᾳ
909 347 1259 418 διαφέροντα.
1335 349 1382 401 2.
1432 342 1524 401 διὰ
1552 348 1725 401 ταῦτα

120 430 183 487 δὲ
213 426 410 502 ἀρετῆς
440 428 625 502 φαμὲν
658 434 882 487 δεῖσθαι
905 427 1031 497 τούς
1053 427 1266 487 τούτων
1288 427 1493 503 κριτὰς,
1524 426 1607 487 ὅτι
1631 433 1725 501 τῆς

115 537 178 571 τε
207 507 376 586 ἄλλης
405 512 668 587 μετόχους
699 511 902 580 αὐτοὺς
944 514 1086 571 εἶναι
1133 519 1224 571 δεῖ
1257 512 1582 587 φρονήσεως
1634 516 1724 571 καὶ

77 620 97 652 5
123 597 192 670 δὴ
222 600 314 655 καὶ
344 602 439 670 τῆς
470 597 747 670 ἀνδρείας.
817 603 863 655 3.
895 596 1021 656 οὔτε
1051 596 1156 670 γὰρ
1188 598 1336 698 παρὰ
1369 597 1608 671 θεάτρου
1642 604 1732 656 δεῖ

118 683 216 740 τόν
255 706 320 756 γε
359 681 544 755 ἀληθῆ
596 681 788 757 κριτὴν
829 689 1043 755 κρίνειν
1094 681 1454 756 μανθάνοντα
1499 684 1591 739 καὶ
1638 686 1728 739 ἐκ-

120 766 500 840 πληττόμενον
537 763 648 824 υπὸ
688 770 785 824 τοῦ
822 765 1075 840 θορύβου
1116 769 1228 824 τῶν
1258 772 1480 823 πολλῶν
1510 769 1601 823 καὶ
1632 773 1728 839 τῆς

118 849 293 909 αὐτοῦ
320 848 715 957 ἀπαιδευσίας,
760 848 878 908 οὔτ’
924 875 995 907 αυ
1033 849 1415 952 γιγνώσκοντα
1446 848 1520 908 δι’
1556 849 1730 908 ἀναν-

122 941 285 1008 δρίαν
314 938 408 993 καὶ
438 940 652 993 δειλίαν
683 938 742 992 ἐκ
770 939 868 993 τοῦ
899 932 1071 993 αὐτοῦ
1094 934 1377 1009 στόματος,
1402 927 1577 1008 οὐπερ
1601 959 1729 1002 τους

57 1047 98 1078 10
120 1020 289 1088 θεοὺς
315 1021 694 1093 ἐπεκαλέσατο,
719 1023 936 1094 μέλλων
959 1027 1191 1092 κρίνειν,
1218 1024 1278 1078 ἐκ
1300 1019 1497 1077 τούτου
1521 1018 1730 1087 ψευδό-
1755 1041 1776 1072 '0

120 1129 291 1179 μενον
333 1103 751 1177 ἀποφαίνεσθαι
793 1103 1062 1181 ῥᾳθύμως
1100 1104 1203 1177 τὴν
1252 1112 1463 1179 κρίσιν·
1509 1101 1576 1161 οὐ
1624 1102 1730 1178 γὰρ

121 1187 403 1263 μαθητὴς,
445 1187 584 1246 ἀλλὰ
628 1188 986 1262 διδάσκαλος,
1022 1188 1094 1256 ῶς
1125 1214 1188 1262 γε
1218 1188 1279 1247 τὸ
1312 1195 1558 1262 δίκαιον,
1590 1199 1732 1246 θεα-

121 1278 233 1331 τῶν
274 1276 483 1347 μᾶλλον
525 1269 554 1331 ὃ
598 1272 784 1347 κριτὴς
824 1280 1067 1347 καθίζει,
1121 1276 1213 1330 καὶ
1266 1272 1730 1347 ἐναντιωσόμενος

122 1372 236 1426 τοῖς
264 1355 366 1430 τὴν
396 1356 609 1430 ἡδονὴν
638 1356 712 1431 μὴ
744 1358 1131 1431 προσηκόντως
1161 1359 1303 1431 μηδὲ
1331 1357 1515 1430 ὀρθῶς
1539 1356 1730 1415 ἀποδι-

59 1466 100 1499 15
127 1446 286 1501 δοῦσι
315 1440 593 1508 θεαταῖς.”

250 1531 300 1585 4.
347 1528 458 1584 Καὶ
497 1524 630 1600 παρ’
666 1526 939 1599 Ἑβραίοις
980 1526 1039 1584 τὸ
1081 1525 1318 1584 παλαιὸν
1359 1525 1424 1584 οὐ
1463 1531 1561 1584 τοῦ
1592 1525 1732 1600 πλή-

123 1623 265 1678 θους
296 1602 366 1683 ἦν
395 1609 455 1668 τὸ
486 1618 698 1684 κρίνειν
728 1636 855 1679 τους
889 1616 948 1669 ἐκ
987 1619 1152 1669 θείου
1182 1609 1492 1684 πνεύματος
1522 1633 1733 1685 προφε-

125 1698 392 1770 ρομένους
433 1695 631 1768 λόγους
672 1699 764 1753 καὶ
804 1696 900 1763 τὰς
943 1699 1174 1762 ἐνθέους
1207 1694 1380 1773 ῶδάς,
1424 1692 1546 1752 ἀλλ’
1592 1698 1735 1768 ἦσαν

127 1788 348 1855 βραχεις
379 1782 471 1836 καὶ
502 1779 756 1853 σπάνιοι,
798 1784 1014 1855 μέτοχοι
1055 1783 1146 1838 καὶ
1179 1777 1335 1838 αυτοὶ
1367 1786 1532 1838 θείου
1562 1779 1733 1838 πνεύ-

62 1892 104 1924 20
127 1889 292 1938 ματος
334 1868 678 1937 διακριτικοῦ
717 1869 830 1922 τῶν
871 1867 1214 1939 λεγομένων,
1269 1862 1350 1930 οἷς
1404 1867 1496 1921 καὶ
1547 1864 1735 1938 μόνοις
1762 1896 1777 1917 c

129 1953 257 2022 ἐξῆν
289 1952 566 2022 ἐγκρίνειν
595 1952 686 2006 καὶ
718 1948 991 2024 ἀφιεροῦν
1028 1949 1123 2016 τὰς
1153 1952 1455 2022 προφητῶν
1485 1956 1734 2022 βίβλους,

126 2034 222 2099 τοὶς
255 2035 317 2090 δὲ
346 2037 458 2090 τῶν
487 2032 561 2107 μὴ
591 2033 858 2092 τοιούτων
887 2033 1327 2107 ἀποδοκιμάζειν.

255 2129 422 2179 XXIV.
463 2114 614 2176 “Kal
652 2117 788 2192 ὅπερ
827 2115 856 2176 ὃ
898 2118 1058 2191 λόγος
1103 2122 1162 2175 ἐν
1204 2117 1399 2190 ἀρχαῖς
1433 2116 1735 2189 ἐβουλήθη,
1762 2135 1780 2165 d

130 2201 231 2274 τὴν
259 2207 336 2278 τῷ
377 2206 475 2260 τοῦ
516 2202 801 2260 Διονύσου
842 2207 990 2278 χορῷ
1028 2201 1298 2274 βοήθειαν
1340 2204 1606 2268 ἐπιδεῖξαι
1637 2225 1737 2258 κα-

67 2312 108 2343 25
132 2290 238 2352 λῶς
303 2290 632 2358 λεγομένην,
686 2293 763 2351 εἰς
816 2285 1055 2359 δύναμιν
1108 2294 1308 2359 εἴρηκε.
1400 2284 1738 2359 σκοπώμεθα

133 2369 202 2439 δὴ
246 2375 296 2425 εἰ
332 2367 498 2426 τοῦθ’
549 2368 693 2426 οὕτω
738 2371 945 2442 γέγονε.
1035 2368 1370 2444 θορυβώδης
1414 2372 1516 2443 μέν
1558 2393 1667 2427 που
1708 2366 1736 2427 ὁ

134 2451 394 2526 ξύλλογος
432 2449 460 2509 ὁ
500 2457 743 2520 τοιοῦτος
786 2457 838 2522 ἐξ
882 2450 1125 2528 ἀνάγκης
1168 2453 1468 2527 προϊούσης
1512 2458 1607 2527 τῆς
1638 2453 1735 2512 πό-

134 2556 272 2604 σεως
304 2545 382 2594 ἔτι
411 2541 622 2610 μᾶλλον
651 2535 737 2594 ἀεὶ
769 2541 1059 2612 ξυμβαίνει
1089 2538 1403 2612 γενόμενος,
1434 2536 1570 2611 ὅπερ
1601 2537 1740 2596 ὑπε-

133 2624 352 2694 θέμεθα
393 2619 515 2679 κατ’
559 2619 727 2695 ἀρχὰς
769 2620 1076 2695 ἀναγκαῖον
1117 2623 1258 2681 εἶναι
1311 2630 1571 2696 γίνεσθαι
1613 2626 1735 2695 περὶ

71 2729 112 2762 30
135 2711 247 2763 τῶν
275 2710 384 2763 νῦν
414 2710 741 2779 λεγομένων.

251 2902 305 2940 23
334 2898 428 2942 Καὶ
460 2892 575 2953 ὅπερ
606 2903 677 2949 -]
709 2900 826 2944 Ibid.
856 2915 897 2954 p.
931 2903 1010 2942 671
1036 2915 1075 2941 a.
