2014 3146
258 126 326 178 92
922 124 1172 168 EUSEBII

261 241 530 300 ἐπιτάττει
560 239 697 298 κατὰ
726 242 926 314 τέχνην
949 239 1268 312 ἐπιτάττων,
1298 237 1436 297 ἀλλὰ
1457 244 1532 317 τῷ
1563 238 1865 318 ἀρχομένῳ.

261 351 340 384 ων
381 326 450 397 δὴ
491 329 681 395 ἕνεκα,
736 348 809 390 ως
850 330 1020 396 ἔοικε,
1073 323 1280 397 μισθὸν
1322 329 1411 382 δεῖ
1443 320 1716 398 υπάρχειν
1753 338 1870 391 τοῖς

259 414 556 484 μέλλουσιν
589 407 879 480 ἐθελήσειν
907 432 1126 482 αρχειν,
1167 405 1201 481 ἢ
1232 405 1500 483 ἀργύριον
1537 404 1572 481 ἦ
1610 407 1801 482 τιμὴν,
1833 404 1868 481 ἢ

262 500 486 567 ζημίαν
520 491 617 550 ἐὰν
646 490 720 566 μὴ
751 490 908 566 ἄρχῃ

150 602 241 642 (583)
386 590 445 639 Χ.
494 580 619 636 Τῶν
648 575 779 650 παρ’
805 576 1080 650 Ἑβραίοις
1110 581 1315 648 λογίων
1354 573 1485 641 τούς
1515 574 1645 649 παρ’
1683 573 1871 645 αὐτοῖς
1894 597 1917 631 5

261 660 545 735 προφήτας
594 663 686 718 καὶ
728 666 976 727 δικαίους
1016 658 1226 732 ἄνδρας
1274 657 1466 733 ὕβρεις
1508 658 1735 733 ἐσχάτας
1779 663 1873 718 καὶ

261 743 748 820 προπηλακισμούς
790 743 970 802 πάντα
1007 767 1068 801 τε
1099 750 1371 802 κίνδυνον
1412 743 1704 816 εὐθαρσῶς
1733 742 1870 802 ὑπο-

215 855 234 887 b
260 827 899 903 μεῖνάι’διδασκόντων,
939 827 1006 885 τὰ
1046 826 1276 905 συνῳδὰ
1314 834 1409 900 τῆς
1439 827 1740 895 Πλάτωνος
1780 830 1873 885 καὶ

261 917 388 988 περὶ
429 913 628 972 τούτου
672 913 831 986 δόξης
871 911 1072 986 μάθοις
1102 937 1173 970 αν
1203 909 1309 970 ἀπὸ
1347 916 1526 970 τῶνδε
1557 909 1734 970 αύτοῦ
1761 919 1874 970 τῶν

262 1003 498 1072 φωνῶν,
530 1022 595 1064 ας
627 1001 687 1055 ἐν
715 1002 790 1074 τῷ
808 1000 1067 1098 δευτέρῳ
1096 1001 1340 1054 τέθειται
1370 1000 1466 1069 τῆς
1495 1001 1788 1063 Πολιτείας
1896 1018 1941 1050 10

390 1088 438 1140 2,
474 1078 630 1140 “Tbv
674 1080 722 1138 δ’
760 1106 863 1139 ουν
891 1085 1146 1139 τοιοῦτον
1174 1083 1369 1148 θέντες
1407 1079 1505 1138 τὸν
1544 1086 1762 1138 δίκαιον
1802 1074 1875 1137 αὗ

263 1165 392 1241 παρ’
431 1163 599 1224 αὐτὸν
631 1170 867 1239 ιστῶμεν
890 1190 964 1242 τῳ
988 1164 1153 1242 λόγῳ,
1186 1164 1367 1239 ἄνδρα
1392 1161 1608 1222 απλοῦν
1631 1167 1723 1222 καὶ
1744 1189 1876 1237 γεν-

262 1264 450 1323 ναῖον,
493 1247 612 1307 κατ’
659 1249 942 1323 Αἰσχύλον
980 1248 1046 1307 οὐ
1079 1255 1294 1321 δοκεῖν,
1326 1246 1450 1306 ἀλλ’
1485 1249 1627 1308 εἶναι
1657 1246 1876 1322 ἀγαθὸν

263 1338 543 1393 ἐθέλοντα.
605 1332 935 1408 ἀφαιρετέον
967 1335 1028 1391 δὲ
1057 1332 1117 1391 τὸ
1150 1339 1351 1391 δοκεῖν.
1417 1339 1467 1391 εἰ
1494 1332 1598 1408 γάρ
1624 1332 1768 1401 δόξει
1796 1338 1875 1390 δί-

263 1443 416 1486 καιος
449 1418 618 1491 εἶναι,
653 1423 869 1476 ἔσονται
900 1415 1052 1494 αύτῷ
1083 1420 1233 1491 τιμαὶ
1263 1420 1355 1475 καὶ
1380 1419 1583 1491 δωρεαὶ
1617 1420 1873 1475 δοκοῦντι
1898 1435 1941 1468 15
1987 1448 1991 1453 ·

263 1502 493 1579 τοιούτῳ
526 1503 682 1560 εἶναι.
737 1500 948 1574 ἄδηλον
977 1496 1080 1560 οὖν
1112 1512 1221 1559 εἴτε
1250 1504 1351 1559 τοῦ
1381 1507 1600 1559 δικαίου
1633 1510 1741 1558 εἴτε
1763 1506 1876 1559 τῶν

266 1591 493 1661 δωρεῶν
522 1610 583 1643 τε
614 1589 706 1643 καὶ
735 1590 909 1660 τιμῶν
941 1589 1102 1643 ἕνεκα
1131 1590 1376 1652 τοιοῦτος
1407 1595 1507 1659 εἴη.
1569 1591 1616 1643 3.
1649 1609 1876 1660 γυμνω-

217 1704 234 1726 c
264 1673 382 1738 τέος
401 1669 469 1743 δὴ
493 1670 718 1728 πάντων
741 1668 888 1742 πλὴν
913 1670 1287 1743 δικαιοσύνης,
1319 1672 1410 1727 καὶ
1437 1673 1687 1744 ποιητέος
1712 1673 1876 1728 ἐναν-

264 1761 392 1822 τίως
447 1760 791 1827 διακείμενος
841 1758 916 1830 τῷ
958 1757 1230 1830 προτέρῳ·
1299 1755 1476 1828 μηδεν
1515 1753 1620 1827 γὰρ
1662 1753 1875 1811 ἀδικων

268 1837 434 1907 δόξαν
487 1842 650 1911 ἐχέτω
690 1842 784 1911 τῆς
833 1845 1092 1911 μεγίστης
1138 1839 1386 1911 ἀδικίας,
1436 1844 1530 1896 ἵνα
1574 1845 1876 1911 βεβασανι-
1898 1856 1942 1888 20

266 1926 462 1996 σμένος
491 1923 520 1996 ᾗ
547 1928 623 1989 εἰς
650 1922 1028 1995 δικαιοσύνην,
1060 1947 1135 1999 τῳ
1159 1922 1233 1996 μὴ
1257 1926 1553 2028 τέγγεσθαι
1575 1921 1685 1980 ὑπὸ
1710 1947 1876 1980 κακο-

267 2010 452 2075 δοξίας
503 2009 595 2063 καὶ
634 2011 747 2063 τῶν
786 2003 885 2063 ἀπ’·
930 2004 1097 2078 αὐτῆς
1136 2010 1506 2079 γιγνομένων
1567 2005 1687 2064 ἀλλ’
1735 2014 1874 2064 ἔστω
1924 2051 1925 2054 ¹

264 2090 631 2164 ἀμετάστατος
661 2094 818 2164 μέχρι
846 2089 1126 2164 θανάτου,
1172 2093 1352 2148 δοκῶν
1381 2091 1483 2163 μὲν
1515 2090 1657 2148 εἶναι
1687 2088 1876 2157 ἄδικος

268 2174 360 2232 διὰ
394 2181 548 2248 βίου,
583 2172 662 2232 ὢν
693 2178 754 2232 δὲ
786 2181 1013 2240 δίκαιος.
1027 2172 1056 2193 ”

393 2263 443 2316 4.
491 2261 602 2316 Καὶ
632 2282 767 2332 μετα
797 2262 1004 2334 βραχέα
1037 2262 1274 2330 ἐπιλέγει
1897 2275 1940 2308 25

389 2338 667 2400 “Λεκτέον
697 2344 822 2399 οὖν·
879 2346 969 2400 καὶ
1003 2344 1101 2433 δη,
1142 2339 1247 2400 κᾶν
1278 2341 1684 2419 ἀγροικοτέρως
1712 2343 1877 2441 λέγη-

220 2446 242 2477 «1
267 2448 385 2494 ται,
437 2425 510 2497 μὴ
555 2427 646 2497 ἐμε
685 2436 806 2483 οἴου
847 2430 1071 2499 λέγειν,
1104 2452 1146 2484 ω
1193 2426 1515 2500 Σώκρατες,
1567 2424 1706 2483 ἀλλά
1746 2449 1876 2492 τους

269 2511 631 2574 ἐπαινοῦντας
655 2509 760 2582 πρὸ
782 2509 1136 2583 δικαιοσύνης
1160 2510 1396 2568 ἀδικίαν.
1433 2513 1620 2584 ἐροῦσι
1640 2511 1702 2567 δε
1723 2508 1875 2580 τάδε,
1904 2566 1914 2575 ,

266 2589 349 2648 ὅτι
380 2591 524 2648 οὕτω
558 2598 902 2666 διακείμενος
931 2590 960 2650 ὁ
999 2599 1209 2659 δίκαιος
1249 2593 1676 2667 μαστιγώσεται,
1717 2612 1876 2665 στρε-

267 2674 566 2749 βλώσεται,
602 2675 921 2749 δεδήσεται,
955 2677 1311 2750 ἐκκοπήσεται
1340 2677 1414 2734 τώ
1444 2675 1742 2750 ὀφθαλμώ,
1785 2700 1873 2735 τε-
1895 2691 1940 2725 30

383 2870 432 2907 11
473 2863 568 2909 Τὸν
591 2860 638 2908 δ’
663 2856 750 2910 οὖν
769 2866 842 2922 —-]
877 2869 1010 2909 Plato
1032 2870 1145 2922 Rep.
1171 2871 1191 2909 1
1215 2883 1258 2922 p.
1281 2871 1377 2910 361.
