2014 3146
190 177 195 180 ,
271 115 372 168 164
662 77 665 79 μ
946 115 1193 158 EUSEBII

268 231 443 307 φάναι
486 230 744 304 ἐκγόνους
789 230 932 287 εἶναι
962 234 1074 288 τῶν
1106 233 1259 288 θεῶν
1293 230 1420 298 τούς
1459 231 1684 306 ποιητὰς
1715 241 1880 306 χλευ-

188 357 193 359 ⁴
269 317 416 386 άζειν
446 340 537 389 μοι
571 321 750 388 δοκεῖ,
794 313 868 380 ῶς
899 316 991 371 καὶ
1031 317 1144 372 τῶν
1173 322 1328 373 θεῶν
1357 313 1678 390 ἀνθρώπων
1717 341 1880 390 γεγο-

226 425 245 456 b
269 401 448 458 νότων
488 402 580 456 καὶ
619 414 732 464 τοῖς
778 397 1024 471 ἐκγόνοις
1053 395 1260 472 ὁμοίων
1289 398 1392 472 τὴν
1421 399 1607 473 φύσιν.
1668 406 1718 457 4.
1755 407 1878 458 δια-

268 483 460 557 βάλλει
487 481 541 541 δ’
570 487 690 556 ἑξῆς
716 482 977 557 ἄντικρυς
999 482 1127 550 τούς
1149 483 1470 558 θεολόγους,
1495 482 1591 552 οὕς
1616 484 1878 558 ἐκγόνους

269 575 478 642 ἔφησεν
520 567 662 625 εἶναι
701 571 854 625 θεῶν
898 566 971 624 δι’
1021 560 1099 625 ῶν
1143 567 1333 640 ἐπάγει
1374 569 1606 641 φάσκων
1643 566 1878 643 “καίπερ

268 652 406 711 ἄνευ
431 651 658 710 εἰκότων
689 655 780 709 καὶ
810 651 1130 724 ἀναγκαίων
1153 651 1492 721 ἀποδείξεων
1509 651 1770 726 λέγουσι”
1809 653 1875 711 δι’

271 730 350 795 ῶν
379 761 438 794 τε
470 744 803 811 προστίθησι
834 735 893 794 τὸ
917 733 1030 802 ((ῶς
1062 734 1331 808 ἐ’φασαν.”
1405 745 1618 807 παίζειν
1649 736 1702 794 δ’
1739 744 1882 815 ἔοικε

270 818 701 895 λέγων«“σαφῶς
719 826 784 894 γέ
797 844 905 878 που
924 821 1050 888 τοὺς
1075 825 1290 895 ἑαυτῶν
1313 822 1620 895 προγόνους
1646 820 1876 880 εἰδόσι·”

271 908 362 964 καὶ
408 906 468 963 τὸ
509 902 828 963 “άδύνατον
871 909 1024 963 θεῶν
1070 909 1261 963 παισὶν
1305 903 1615 964 άπιστεῖν.”
1690 910 1782 964 καὶ
1819 900 1880 965 τὸ

271 989 419 1064 παρὰ
450 989 678 1064 γνῶμην
710 992 771 1047 δὲ
801 994 972 1047 ταῦτα
991 993 1172 1062 λέγειν
1187 994 1299 1047 τῶν
1317 990 1503 1064 νόμων
1534 994 1695 1048 ἕνεκα
1729 997 1879 1065 διαρ-

271 1074 451 1150 ρήδην
495 1081 855 1149 παρίστησιν,
902 1070 1242 1148 ὁμολογήσας
1287 1073 1370 1131 ὅτι
1417 1077 1532 1132 δέοι
1579 1078 1882 1149 ἑπομένους

223 1193 240 1216 c
270 1164 345 1237 τῷ
377 1159 526 1236 νόμῳ
558 1159 841 1217 πιστεύειν
866 1156 1068 1226 αὐτοῖς.
1122 1165 1170 1217 5.
1197 1156 1280 1216 ὅτι
1305 1160 1363 1216 δὲ
1388 1157 1542 1216 ταῦτ’
1571 1158 1712 1218 ἐνόει
1751 1159 1884 1217 ἐπά-

272 1263 479 1301 κουσον
517 1241 666 1311 ὅπως
706 1248 889 1318 γυμνῇ
930 1246 1021 1300 καὶ
1064 1242 1502 1321 ἀκατακαλύπτῳ
1551 1251 1712 1318 φωνῇ
1753 1244 1880 1312 τούς

274 1328 342 1402 δὴ
373 1327 674 1401 θεολόγους
705 1325 950 1394 ἅπαντας
983 1328 1299 1401 διαβάλλει,
1332 1327 1551 1386 κόπτων
1583 1332 1642 1386 ἐν
1665 1327 1883 1389 Ἐπινο-

272 1419 394 1487 μίδι
427 1412 642 1479 τούτοις
672 1427 786 1479 τοῖς
817 1411 1056 1487 ῥήμασιν

245 1565 250 1574 ..
378 1509 434 1557 II.
467 1494 816 1570 “&eoyovc'ocv
826 1504 1020 1555 τοίνυν
1032 1499 1124 1555 καὶ
1146 1503 1447 1575 ζωογονίαν
1462 1495 1784 1570 ἀναγκαῖον,
1808 1495 1880 1565 ῶς

162 1577 253 1651 [3⁷2]
273 1589 477 1654 ἔοικεν,
504 1581 724 1656 πρῶτόν
744 1581 838 1655 μοι
868 1586 1047 1649 κακῶς
1070 1581 1492 1639 ἆπεικασάντων
1531 1586 1642 1640 τῶν
1676 1589 1883 1655 ἔμπρο-

274 1677 432 1737 σθεν,
452 1670 671 1739 βέλτιον
694 1664 988 1724 ἀπεικάσαι
1011 1665 1149 1724 κατὰ
1172 1666 1268 1730 τὸν
1290 1665 1523 1742 ὕστερον
1546 1665 1731 1738 λόγον,
1751 1665 1882 1724 ἀνα-

275 1751 517 1824 λαβόντα
546 1748 611 1808 ὃν
642 1750 776 1823 πρὸς
815 1753 942 1818 τοὺς
982 1750 1202 1823 ἀσεβεῖς
1243 1753 1624 1825 ἐπικεχείρηκα
1656 1749 1876 1823 λόγον.”

401 1840 448 1890 2.
480 1834 595 1892 Ὅτι
642 1834 694 1892 δ’
744 1832 985 1907 εὐλόγως
1025 1835 1126 1907 τὴν
1166 1838 1276 1892 τῶν
1317 1834 1551 1909 πρῶτων
1581 1842 1882 1907 θεολογίαν

276 1933 619 1992 παραιτεῖται
663 1918 911 1975 διδάσκει
955 1923 1015 1975 ἐν
1045 1922 1123 1995 τῷ
1163 1923 1404 1995 δευτέρω
1444 1923 1539 1991 τῆς
1569 1926 1880 1993 Πολιτείας,

277 2011 417 2061 ἔνθα
456 2003 552 2061 τὸν
596 2007 735 2060 νοῦν
767 2006 1052 2075 ἐπιστῆσαι
1094 2001 1248 2071 ἄξιον
1289 2001 1465 2060 ὁπόσα
1504 2006 1596 2060 καὶ
1635 2001 1725 2060 οἷα
1755 2006 1883 2078 περὶ

276 2091 388 2145 τῶν
418 2085 603 2145 αὐτῶν
633 2090 876 2160 ποιητῶν
915 2111 973 2145 τε
1004 2090 1095 2144 καὶ
1124 2086 1409 2159 θεολόγων
1439 2090 1550 2145 τῶν
1593 2111 1654 2159 γε
1687 2091 1746 2144 ἐκ
1777 2111 1883 2144 πα-

276 2176 435 2229 λαιοῦ
449 2174 918 2246 παραδεδομένων
942 2175 1068 2246 περὶ
1090 2176 1202 2229 τῶν
1217 2170 1552 2244 Ἑλληνικῶν
1566 2174 1719 2229 θεῶν
1746 2174 1882 2240 διέξ-

280 2275 450 2329 εισιν,
484 2249 594 2314 ῶδε
625 2255 864 2331 ῥήμασιν
896 2255 1082 2323 αὐτοῖς
1113 2255 1345 2329 φάσκων

173 2363 261 2405 (641)
406 2352 483 2399 ΙΙΙ.
523 2338 655 2398 “Ἐν
686 2355 797 2407 τοῖς
827 2348 1096 2414 μείζοσιν,
1129 2334 1197 2414 ἦν
1223 2338 1276 2397 δ’
1307 2339 1439 2413 ἐγῶ,
1475 2338 1714 2413 [μύθοις]
1749 2338 1885 2409 ὀψό-

279 2434 425 2497 μεθα
450 2427 540 2480 καὶ
564 2424 691 2499 τοὺς
717 2423 986 2492 ἐλάττους.
1052 2431 1142 2481 δεῖ
1159 2425 1263 2498 γὰρ
1291 2423 1358 2497 δὴ
1388 2423 1485 2481 τὸν
1515 2422 1688 2481 αὐτὸν
1710 2422 1885 2482 τύπον

281 2508 423 2565 εἶναι
455 2510 546 2564 καὶ
583 2507 784 2564 ταύτὸν
826 2507 1106 2567 δύνασθαι
1136 2508 1263 2576 τούς
1294 2533 1352 2566 τε
1381 2513 1597 2582 μείζους
1638 2510 1728 2565 καὶ
1759 2507 1885 2575 τοὺς

282 2590 550 2659 ἐλάττους.
612 2589 646 2663 ἢ
677 2590 778 2649 οὐκ
809 2602 938 2662 οἰέι;
967 2591 1204 2666 Ἔγωγε,
1237 2599 1368 2666 ἔφη·
1424 2591 1544 2648 ἀλλ’
1581 2589 1683 2649 οὐκ
1714 2595 1884 2648 ἐννοῶ

397 2815 413 2852 l
453 2811 718 2865 Θεογονίαν
738 2811 808 2865 -]
843 2813 978 2853 Plato
1000 2814 1209 2865 Epinom.
1231 2827 1273 2865 p.
1297 2815 1379 2854 980
1402 2826 1438 2851 c.

398 2872 415 2907 l
446 2863 525 2909 Ἐν
548 2873 645 2917 τοῖς
667 2868 875 2921 μείζοσιν
898 2867 965 2921 —]
998 2870 1132 2909 Plato
1156 2871 1268 2921 Rep.
1291 2883 1332 2922 p.
1356 2871 1451 2910 377.

1904 988 1986 1044 10-

1902 1433 1943 1465 15

1905 1853 1946 1888 20

1904 2277 1944 2309 25
