2014 3146
629 133 842 174 PRAEP.
873 133 1094 175 EVANG.
1126 135 1231 174 XII.
1261 136 1330 177 49.
1661 134 1762 186 135

152 273 332 308 παντα
361 248 428 306 τὰ
455 253 681 307 τοιαῦτα
711 253 806 322 τῆς
836 252 949 306 τῶν
979 247 1298 307 ἀκουόντων
1332 254 1609 323 διανοίας,
1641 247 1795 308 ὅσοι
1789 266 1808 297 ¹

153 332 226 408 μὴ
267 341 452 408 ἔχουσι
490 332 784 407 φάρμακον
836 331 895 390 τὸ
949 335 1157 391 εἰδέναι
1200 333 1340 390 αὐτὰ
1381 331 1470 391 οἷα
1500 359 1759 408 τυγχανει

152 416 299 476 όντα.
363 421 456 490 Πῆ
486 417 579 491 δὴ,
614 424 738 491 ἔφη,
774 417 1166 492 διανοούμενος
1199 420 1403 491 λέγεις;
1428 415 1659 493 Ρητέον,
1691 421 1762 492 ἠν

156 501 210 559 δ’
249 500 381 576 ἐγω,
423 510 600 560 καίτοι
640 509 798 576 φιλία
829 505 894 575 γέ
919 509 1002 570 τίς
1031 527 1098 576 με
1130 504 1221 559 καὶ
1252 502 1422 571 αἰδώς
1465 506 1524 560 ἐκ
1563 503 1761 570 παιδὸς

107 613 130 646 5
154 592 354 660 ἔχουσα
396 590 521 661 περὶ
554 583 791 661 Ὁμήρου
829 584 1143 644 ἀποκωλύει
1183 589 1379 659 λέγειν.
1460 594 1602 645 ἔοικε
1654 587 1759 662 γαρ

150 675 262 728 τῶν
303 676 488 729 καλῶν
529 670 791 728 ἁπάντων
834 669 1047 728 τούτων
1086 674 1198 727 τών
1239 675 1516 744 τραγικών
1546 676 1760 773 πρῶτος

154 754 487 823 διδασκαλός
527 780 586 813 τε
627 757 718 812 καὶ
766 751 991 828 ἡγεμων
1028 758 1308 827 γενέσθαι.
1379 753 1499 812 ἄλλ’
1546 780 1613 813 ου
1653 781 1758 831 γαρ

151 838 258 946 πρό
287 864 350 912 γε
378 843 473 912 τῆς
503 836 770 946 ἀληθείας
800 841 1047 912 τιμητέος
1078 837 1239 912 ἀνὴρ,
1273 836 1395 896 αλλ’
1431 837 1459 896 ὃ
1492 843 1632 912 λέγω
1666 846 1759 915 ρη-

151 926 292 982 τέον.
353 922 519 981 Πάνυ
551 925 652 996 μὲν
681 925 816 995 οὐν,
850 930 971 996 ἔφη.

87 1035 128 1067 10
277 1012 324 1065 3.
356 1005 493 1066 Εἶθ’
521 1010 642 1081 ἑξῆς
674 1010 912 1080 ἐπιλέγει

269 1087 441 1151 “Τών
470 1093 572 1165 μὲν
600 1099 796 1150 τοίνυν
835 1090 1021 1149 αλλων
1051 1093 1175 1166 πέρι
1215 1091 1289 1165 μὴ
1321 1088 1640 1165 απαιτῶμεν
1671 1092 1759 1150 λό-

149 1201 250 1249 γον
265 1175 527 1250 Ὅμηρον,
560 1177 700 1249 μηδε
719 1174 888 1234 ἄλλον
906 1173 1167 1234 ὁντινοῦν
1191 1179 1304 1234 τών
1326 1181 1588 1250 ποιητῶν,
1624 1180 1763 1252 ε’ρω-

148 1265 377 1334 τῶντες,
421 1266 472 1318 εί
509 1260 749 1335 ἰατρικός
779 1285 858 1328 τις
889 1285 960 1334 ην
992 1259 1203 1333 αὐτῶν,
1245 1257 1384 1317 αλλα
1422 1260 1495 1335 μὴ
1527 1261 1760 1335 μιμητὴς

148 1343 322 1418 μόνον
355 1348 618 1418 ἰατρικῶν
649 1343 857 1418 λόγων,
889 1351 1043 1410 τίνας
1074 1343 1249 1417 ὑγιεῖς
1280 1344 1506 1450 ποιητής
1537 1371 1616 1412 τις
1646 1349 1760 1403 τῶν

86 1453 126 1486 15
152 1434 403 1487 παλαιῶν
453 1425 487 1502 ἢ
526 1432 639 1487 τών
676 1431 821 1487 νέων
871 1430 1086 1501 λέγεται
1135 1431 1521 1502 πεποιηκέναι,
1573 1427 1758 1504 ώσπερ

142 1512 497 1587 Ἀσκληπιὸς,
552 1538 586 1586 η
637 1521 790 1580 τίνας
837 1511 1088 1586 μαθητας
1131 1515 1375 1586 ἰατρικῆς
1415 1520 1755 1587 κατελιπετο,
1779 1530 1872 1573 (619)

151 1597 335 1671 ώσπερ
360 1600 569 1665 ἐκεῖνος
587 1622 715 1665 τους
739 1598 1020 1670 ἐκγόνους·
1067 1596 1195 1671 μηδ’
1235 1599 1306 1654 αὐ
1329 1600 1454 1672 περὶ
1475 1596 1570 1665 τὰς
1590 1597 1758 1666 αλλας

147 1684 341 1756 τέχνας
371 1680 544 1739 αὐτὸν
575 1686 892 1755 ἐρωτῶμεν,
925 1678 1053 1782 αλλζ
1087 1685 1278 1755 ε’ωμεν.
1321 1686 1368 1739 4.
1402 1684 1528 1755 περὶ
1556 1683 1617 1740 δε
1647 1707 1757 1740 των
1774 1698 1870 1746 [363]

149 1772 422 1840 μεγίστων
452 1790 511 1824 τε
532 1769 623 1823 καὶ
647 1773 975 1838 καλλίστων,
1011 1790 1089 1823 ων
1114 1769 1378 1839 ἐπιχειρεῖ
1396 1768 1577 1839 λέγειν
1592 1764 1758 1840 Ὄμη-

83 1876 129 1908 20
149 1874 243 1924 ρος
261 1895 276 1923 ,
307 1852 564 1924 πολέμων
593 1874 652 1908 τε
681 1853 806 1923 πέρι
827 1852 918 1907 καὶ
941 1868 1288 1924 στρατηγιων
1311 1852 1402 1907 καὶ
1431 1850 1760 1924 διοικήσεων

150 1933 395 2007 πόλεων,
428 1936 520 1991 καὶ
551 1936 805 2001 παιδείας
846 1937 973 2008 πέρι
1004 1931 1353 2007 ανθρώπων,
1399 1939 1616 1993 δίκαιον
1647 1959 1757 1993 που

151 2023 362 2091 ἐρωτᾶν
392 2016 563 2076 αυτὸν
593 2021 1086 2092 πυνθανομένους,
1120 2010 1163 2074 ὦ
1194 2025 1324 2091 φίλε
1341 2017 1566 2125 Όμηρε,
1601 2029 1755 2094 εἴπερ

149 2103 222 2176 μὴ
252 2110 431 2175 τρίτος
462 2100 569 2160 απὸ
609 2107 703 2177 τῆς
734 2102 1000 2175 ἀληθείας
1032 2102 1084 2159 εἴ
1118 2099 1314 2175 ἀρετῆς
1354 2106 1479 2176 πέρι
1520 2102 1756 2160 εἰδώλου

152 2187 513 2261 δημιουργὸς,
562 2184 629 2244 ὃν
670 2186 739 2259 δὴ
788 2185 1027 2260 μιμητὴν
1076 2182 1424 2258 ωρισάμεθα,
1477 2183 1616 2243 ἀλλὰ
1665 2189 1757 2244 καὶ

86 2294 129 2326 25
155 2270 432 2343 δεύτερος,
463 2273 552 2327 καὶ
585 2267 698 2336 οἷός
727 2294 786 2328 τε
815 2262 966 2342 ἦσθα
988 2267 1283 2341 γινώσκειν
1303 2283 1434 2326 ποῖα
1467 2269 1758 2342 ἐπιτηδεύ-

150 2377 293 2426 ματα
334 2359 584 2424 βελτίους
622 2349 655 2426 ἢ
698 2360 916 2426 χείρους
958 2350 1295 2425 ἀνθρώπους
1335 2369 1485 2412 ποιει
1512 2359 1631 2412 ἰδία
1662 2357 1754 2412 και
1781 2375 1804 2406 b

155 2442 420 2512 δημοσία,
452 2439 578 2509 λέγε
608 2433 742 2510 ἡμῖν
790 2443 872 2504 τίς
911 2461 1024 2494 των
1063 2435 1282 2494 πόλεων
1325 2436 1416 2494 διὰ
1446 2439 1508 2495 σε
1538 2440 1756 2511 βέλτιον

151 2519 398 2598 ω’κησεν,
431 2518 615 2595 ώσπερ
648 2519 740 2578 δια
770 2528 1101 2595 Λυκοῦργον
1129 2527 1501 2596 Λακεδαίμων
1539 2525 1631 2580 καὶ
1677 2520 1754 2580 δι’

150 2603 351 2672 αλλους
382 2605 618 2672 πολλοὺς
657 2607 854 2662 πολλαὶ
898 2604 1133 2678 μεγαλαι
1171 2629 1229 2663 τε
1269 2609 1362 2663 καὶ
1392 2613 1631 2681 σμικραί.
1694 2609 1756 2664 σε

86 2709 130 2743 30
156 2690 216 2745 δὲ
255 2696 337 2756 τίς
378 2693 613 2747 αι’τιᾶται
655 2690 811 2756 πόλις
849 2686 1068 2762 ἆγαιθὸν
1107 2692 1419 2763 νομοθέτην
1467 2692 1759 2764 γεγονέναι

267 2883 318 2922 10
351 2875 474 2923 Εἴθ’
498 2875 622 2936 ἑξῆς]
656 2883 773 2924 Ibid.
795 2897 837 2936 p.
861 2885 956 2924 599.
