2014 3146
264 105 370 158 410
939 107 1188 149 EUSEBn

262 222 382 295 γάρ.
444 220 678 294 σελήνης
711 222 773 278 δὲ
803 218 1000 295 ἡμέραι
1031 222 1102 279 λ’.
1146 215 1304 290 οὗτος
1334 222 1438 297 γὰρ
1469 219 1497 280 5
1529 227 1730 290 τέλειος
1762 221 1874 319 μὴν

266 304 371 362 ἀπὸ
402 305 622 378 φάσεως
655 311 732 372 εἰς
763 304 1020 364 σύνοδον.

388 394 435 447 2.
479 387 588 448 Τὸν
619 391 680 446 δε
709 394 884 463 μέγαν
916 390 1172 448 ἐνιαυτὸν
1211 395 1267 449 οἰ
1292 391 1394 463 μὲν
1426 394 1486 448 ἐν
1515 393 1584 465 τῇ
1613 388 1873 464 ὀκταετη-

157 479 377 545 [493]ρίδι
407 481 681 532 τίθενται·
729 479 783 531 οἱ
822 475 883 531 δὲ
926 478 985 532 ἐν
1023 477 1092 548 τῇ
1133 479 1764 550 ἐννεακαιδεκαετηρίδι·
1820 481 1875 532 οἱ

264 559 324 615 δὲ
360 561 418 614 ἐν
448 572 559 624 τοῖς
601 556 653 625 ξ’
684 556 805 625 ἑνὸς
838 561 1077 617 δέουσιν.
1143 556 1518 632 Ἡράκλειτος,
1563 562 1621 616 ἐκ
1651 567 1869 633 μυρίων
1893 576 1911 607 5

261 641 684 715 ὀκτακισχιλίων
706 641 965 715 ἡλιακῶν.
1021 646 1311 716 Διογένης,
1348 646 1406 700 ἐκ
1430 646 1593 701 πέντε
1626 647 1718 700 καὶ
1750 643 1873 716 ἑξή-

261 751 429 784 κοντα
453 729 544 783 καὶ
568 734 907 800 τριακασίων
933 730 1203 785 ἐνιαυτῶν
1225 726 1523 800 τοσούτων,
1556 725 1704 784 ὅσων
1735 729 1871 784 κατὰ

215 831 234 863 d
256 809 613 885 “Ηράκλειτον
643 810 671 867 ὁ
705 810 978 877 ἐνιαυτός·
1035 810 1190 869 ἄλλοι
1222 813 1282 869 δὲ
1316 810 1407 868 διὰ
1439 809 1612 881 ψοζ’.”

389 900 435 951 3.
483 897 592 955 Καὶ
634 898 760 969 περὶ
800 897 903 968 μὲν
941 900 1052 952 τῶν
1092 893 1376 970 οὐρανίων
1419 899 1510 953 καὶ
1559 903 1872 969 μεταρσίων

260 983 500 1036 τοσαῦτα
529 992 644 1045 τοῖς
676 983 1078 1053 δεδηλωμένοις
1102 1003 1236 1054 προς
1259 979 1530 1052 ἀλλήλους
1557 985 1871 1038 διεστασία-
1894 995 1933 1027 10

261 1082 398 1120 σται.
458 1067 564 1121 θέα
599 1065 658 1120 δὲ
689 1067 781 1121 καὶ
812 1063 877 1120 τὰ
909 1067 1034 1138 περὶ
1065 1067 1180 1136 γῆς.

263 1217 355 1265 LV.
891 1201 1072 1280 “ῌερὶ
1105 1207 1217 1278 γῆς.

389 1321 573 1389 Θαλῆς
605 1318 696 1373 καὶ
727 1321 785 1374 οἱ
811 1313 910 1373 ἀπ’
945 1314 1119 1374 αὐτοῦ
1148 1323 1282 1390 μίαν
1315 1317 1457 1374 εἶναι
1488 1315 1590 1389 τὴν
1620 1319 1738 1390 γῆν.

385 1405 433 1458 2.
460 1397 657 1474 Ἱκέτης
697 1397 725 1458 5
770 1400 1158 1475 Πυθαγόρειος
1199 1400 1329 1474 δύο,
1382 1399 1590 1474 ταύτην
1632 1403 1723 1458 καὶ
1768 1399 1870 1473 τὴν

260 1482 580 1558 ἀντίχθονα.
1890 1497 1930 1530 15

387 1575 434 1627 3.
475 1574 549 1627 Οι
577 1572 839 1641 Στωικοὶ,
870 1568 972 1642 τὴν
1001 1574 1108 1642 γῆν
1139 1577 1271 1643 μίαν
1303 1572 1393 1627 καὶ
1427 1571 1901 1643 πεπερασμένην.

384 1658 433 1711 4.
467 1653 790 1726 Ξενοφανης
823 1657 882 1710 ἐκ
911 1659 1009 1711 τοῦ
1040 1657 1351 1727 κατωτέρου
1381 1656 1582 1727 μέρους
1608 1660 1685 1720 είς
1717 1652 1868 1711 ἄπει-

261 1762 359 1810 ρον
392 1742 751 1812 ἐρριζῶσθαι,
787 1741 839 1806 ἐξ
871 1736 1030 1813 ἀέρος
1063 1739 1124 1795 δὲ
1166 1741 1256 1795 καὶ
1288 1738 1463 1811 πυρὸς
1494 1741 1864 1811 συμπαγῆναι.

150 1840 242 1880 (850)
387 1826 434 1878 5.
471 1819 849 1896 Μητρόδωρος
879 1822 981 1894 τὴν
1011 1822 1114 1894 μὲν
1131 1827 1237 1894 γῆν
1259 1820 1570 1879 ὑπόστασιν
1603 1822 1744 1878 εἶναι
1776 1824 1866 1878 καὶ

260 1904 435 1978 τρύγα
465 1911 562 1962 τοῦ
592 1902 821 1978 ὕδατος,
855 1904 951 1963 τὸν
985 1907 1045 1963 δὲ
1076 1903 1235 1978 ἥλιον
1265 1912 1362 1963 τοῦ
1395 1902 1610 1978 ἄέρος.”
1889 1917 1930 1950 20

260 2057 374 2106 LVI.
747 2044 930 2118 “Περὶ
962 2045 1232 2120 σχήματος
1263 2049 1375 2118 γῆς.

387 2161 571 2230 Θαλῆς
603 2160 693 2214 καὶ
727 2163 784 2215 οι
811 2160 1081 2230 Στωικοὶ,
1114 2158 1443 2231 σφαιροειδῆ
1472 2157 1574 2230 τὴν
1605 2162 1724 2231 γῆν.

384 2246 433 2299 2.
462 2240 890 2317 Ἀναξίμανδρος
938 2250 1081 2300 λίθω
1113 2250 1257 2300 κίονι
1289 2248 1578 2316 προσφερῆ
1609 2249 1722 2299 τῶν
1755 2245 1864 2299 ε’πι-

259 2327 459 2383 πέδων.

384 2413 432 2467 3.
462 2405 812 2483 Ἀναξιμένης
844 2414 1216 2484 τραπεζοειδῆ.
1534 2416 1536 2418 ’
1886 2419 1926 2453 25

383 2497 430 2549 4.
465 2493 783 2560 Λεύκιππος
814 2497 1206 2567 τυμπανοειδῆ.

383 2580 430 2633 5.
475 2577 821 2651 Δημόκριτος
865 2581 1148 2651 δισκοειδῆ
1186 2584 1260 2654 τῷ
1309 2576 1529 2650 πλάτει,
1572 2584 1763 2650 κοίλην
1803 2578 1864 2634 δὲ

257 2685 332 2737 τω
362 2658 572 2738 μέσῳ.”

372 2855 422 2893 12
456 2851 574 2907 Περὶ
595 2851 701 2908 γῆς]
736 2854 971 2895 Plutarch.
996 2869 1039 2908 p.
1064 2856 1145 2896 895
1165 2868 1202 2897 c.
