2014 3146
573 129 788 174 PRAEP.
819 129 1039 171 EVANG.
1072 130 1152 170 XI.
1176 130 1358 170 28—30.
1692 126 1761 180 65

278 249 325 302 2.
365 241 533 302 “Ποῖν
575 246 633 302 δὲ
678 238 749 302 αὖ
788 243 847 302 τὸ
875 243 1218 324 ζγιγνόμενον
1256 241 1358 301 ὑπ’
1391 250 1573 302 αἰτίου
1613 244 1762 312 τινὸς

153 333 207 398 ἐξ
248 326 492 402 ἀνάγκης
531 336 850 402 γίγνεσθαι·
910 328 1088 402 πάντη
1128 328 1232 403 γὰρ
1273 327 1554 387 ἀδύνατον
1594 331 1760 402 χωρὶς

152 420 334 471 αἰτίου
364 417 586 487 γένεσιν
617 413 814 487 ἕχειν.”

281 502 329 556 3.
375 500 486 555 Καὶ
519 502 757 571 ἐπιλέγει

86 607 108 640 5
270 578 371 640 “‘0
412 580 481 654 δὴ
522 585 626 648 πᾶς
667 579 901 656 ουρανὸς
942 577 974 654 ἢ
1007 580 1235 655 κόσμος,
1282 580 1313 654 ἢ
1352 584 1444 638 καὶ
1475 579 1608 640 ἄλλο
1649 580 1678 639 ὅ
1709 607 1761 639 τι

150 667 280 724 ποτε
320 665 719 740 ὀνομαζόμενος
758 665 991 739 μαλιστα
1031 661 1102 723 οἶν
1143 669 1384 738 δέχοιτο,
1429 665 1589 724 τοῦθ’
1627 665 1761 740 ἡμῖν

151 749 491 822 ὠνομασθω·
538 752 804 808 σκεπτέον
835 751 938 807 οὐν
968 752 1095 823 περὶ
1128 749 1299 808 αὐτοῦ
1338 771 1584 823 πρωτον,
1625 748 1760 824 ὅπερ

147 831 434 891 ὑπόκειται
473 836 598 908 περὶ
613 833 843 901 παντὸς
884 838 944 891 ἐν
973 832 1113 908 ἀρχῇ
1148 839 1268 891 δεῖν
1298 847 1554 906 σκοπεῖν,
1601 833 1764 891 πότε-

150 942 250 989 ρον
280 911 350 991 ἧν
381 916 494 989 ἀεὶ,
527 922 794 991 γενέσεως
825 916 1002 992 ἀρχὴν
1034 925 1175 991 ἔχων
1205 915 1502 990 οὐδεμίαν,
1536 915 1570 990 ἢ
1602 922 1763 991 γέγο-

86 1029 128 1060 10
150 1027 250 1060 νεν
288 1001 384 1059 ἀπ’
431 999 599 1077 αρχῆς
639 1027 786 1068 τινος
827 999 1145 1076 αρξαμενος.
1221 1006 1269 1071 4.
1323 1003 1577 1075 γέγονεν
1634 999 1761 1076 ὁρα-

149 1085 238 1153 τὸς
269 1111 374 1161 γαρ
405 1085 573 1154 απτός
603 1089 666 1144 τέ
693 1090 805 1144 ἐστι
836 1089 928 1144 καὶ
959 1091 1116 1159 σῶμα
1149 1093 1304 1160 ἔχων.
1375 1084 1555 1144 πάντα
1590 1087 1650 1143 δε
1691 1111 1758 1143 τα
1776 1110 1870 1153 (008)

147 1175 374 1228 τοιαῦτα
430 1170 698 1244 αἰσθητα,
753 1196 820 1228 τα
871 1170 923 1227 δ’
979 1171 1222 1244 αἰσθητὰ
1280 1170 1411 1245 δόξῃ
1456 1170 1762 1244 περιληπτὰ

150 1257 242 1312 καὶ
275 1278 477 1327 γενητα
519 1254 710 1329 ἐφανη.
786 1259 862 1332 τῷ
908 1253 960 1312 δ’
997 1256 1066 1312 αὐ
1106 1258 1388 1332 γενομένῳ
1433 1279 1617 1329 φαμεν
1655 1252 1754 1313 υπ’

151 1345 331 1396 αἰτίου
371 1337 518 1406 τινὸς
558 1336 808 1411 ἀναγκην
848 1338 991 1397 εἶναι
1030 1341 1312 1411 γενέσθαι.
1388 1339 1486 1396 τὸν
1527 1363 1630 1412 μεν
1659 1363 1762 1397 ουν
1780 1358 1871 1403 [308]

86 1446 127 1480 15
150 1421 385 1496 ποιητὴν
415 1425 506 1480 καὶ
539 1421 880 1496 δημιουργὸν
908 1426 1072 1481 τοῦδε
1101 1429 1198 1481 τοῦ
1238 1416 1444 1489 παντὸς
1486 1419 1673 1497 εὑρεῖν
1704 1449 1760 1481 τε

148 1514 312 1582 ἔργον
342 1510 434 1564 καὶ
466 1505 700 1580 εὑρόντα
733 1513 810 1573 εἰς
841 1530 1049 1573 παντας
1079 1504 1362 1565 αδύνατον
1392 1505 1630 1579 λέγειν.”

277 1596 325 1648 5.
370 1594 482 1648 Καὶ
511 1584 678 1658 αὖθις
709 1594 830 1664 ἑξῆς
861 1609 1034 1664 φησιν

273 1671 508 1742 “Οῦτως
535 1677 640 1733 οὐν
671 1675 739 1749 δὴ
764 1699 901 1734 κατα
931 1675 1097 1748 λόγον
1119 1675 1216 1733 τὸν
1248 1673 1430 1733 εἰκότα
1463 1681 1552 1733 δεῖ
1579 1677 1761 1748 λέγειν

149 1757 313 1823 τόνδε
342 1758 439 1817 τὸν
469 1758 677 1834 κόσμον
709 1763 846 1837 ζῷον
886 1766 1134 1833 εμψυχον
1174 1767 1377 1818 ἔννουν
1415 1764 1481 1835 τῇ
1523 1758 1762 1835 ἀληθεία

87 1842 244 1900 20·διὰ
273 1842 376 1916 τὴν
404 1848 503 1902 τοῦ
534 1851 675 1902 θεοῦ
706 1848 972 1918 γενέσθαι
1004 1841 1325 1916 πρόνοιαν.”
1787 1865 1807 1897 b

277 1938 424 1989 XXX.
474 1927 659 1986 Πάλιν
701 1931 952 1995 Μωσέως
1000 1931 1094 1986 καὶ
1134 1927 1363 1994 τούτους
1415 1927 1558 1986 εἶναι
1600 1951 1759 2001 γενη-

150 2011 278 2078 τοὺς
329 2010 650 2080 διδάξαντος
703 2011 775 2070 δι’
825 2005 904 2070 ὧν
955 2020 1126 2086 ἔφησε
1168 2009 1300 2069 “καὶ
1347 2012 1501 2070 εἶπεν
1540 2008 1568 2069 6
1609 2011 1761 2083 θεὸς,

150 2094 555 2168 γενηθήτωσαν
585 2103 873 2172 φωστῆρες
906 2100 965 2154 ἐν
994 2100 1072 2173 τςᾶ
1102 2095 1436 2171 στερεώματι
1465 2099 1567 2153 τοῦ
1594 2094 1761 2170 οὐρα-

152 2184 274 2252 νοῦ,
307 2178 449 2237 ὥστε
481 2188 707 2254 φαίνειν
739 2183 827 2238 ε’πὶ
858 2186 952 2254 τῆς
983 2186 1106 2253 γῆς·
1155 2182 1246 2236 καὶ
1279 2187 1526 2237 ἔστωσαν
1559 2185 1636 2245 εἰς
1667 2199 1760 2251 ση-

46 2284 51 2302 ·
87 2287 129 2320 25
150 2279 280 2338 μεῖα
327 2266 420 2322 καὶ
461 2271 538 2332 εἰς
580 2263 805 2339 καιρούς
846 2267 936 2321 καὶ
969 2271 1046 2330 εἰς
1076 2260 1282 2337 ἡμέρας
1321 2266 1414 2320 καὶ
1455 2269 1532 2330 εἰς
1576 2266 1756 2320 ἐνιαυ-
1781 2297 1798 2318 e

27 2377 61 2476 ἔ

24 2435 61 2627 ³

35 2677 72 2725 12⁴

56 2737 60 2749 .

151 2346 292 2414 τούς.
368 2350 461 2404 καὶ
493 2351 750 2420 ἐποίησεν
780 2344 807 2404 6
848 2345 980 2414 θεὸς
1010 2347 1137 2414 τοὺς
1171 2347 1270 2405 δύο
1309 2353 1604 2421 φωστῆρας
1628 2346 1759 2414 ’τοὺς

152 2429 426 2504 μεγαλους
460 2434 551 2488 καὶ
582 2432 710 2499 τοὺς
743 2430 999 2506 ἀστέρας
1043 2434 1134 2489 καὶ
1168 2438 1328 2489 ἔθετο
1360 2429 1560 2498 αὐτούς
1594 2435 1655 2489 ἐν
1683 2437 1758 2508 τῷ

153 2513 486 2588 στερεώματι
516 2519 612 2572 τοῦ
644 2514 902 2589 οὐρανου.
1018 2521 1066 2573 2.
1111 2514 1311 2589 ὁμοίως
1342 2514 1370 2573 6
1402 2514 1641 2574 Πλάτων

272 2594 328 2618 (θ’

326 2602 396 2666 Eg
428 2601 531 2657 οὐν
562 2599 730 2672 λόγου
761 2603 901 2657 θεοῦ
930 2602 1021 2656 καὶ
1055 2605 1302 2666 διανοίας
1335 2601 1521 2674 (φησὶ)
1570 2598 1730 2657 τοιαύ

298 2767 318 2804 1
354 2764 464 2805 Πᾶν
487 2759 539 2805 δε
562 2763 634 2817 ——]
666 2764 799 2805 Plato
821 2764 934 2807 Tim
963 2779 1004 2817 p
1028 2767 1095 2806 ⁶28.

270 2821 320 2860 18
346 2812 518 2883 Οῦτως
540 2817 626 2861 οὐν
646 2817 719 2873 -]
755 2820 888 2860 Plato
911 2822 1024 2863 Tim.
1047 2835 1089 2874 p.
1113 2823 1178 2862 30.

266 2877 319 2916 29
346 2868 419 2927 Ἐξ
443 2874 528 2918 οὐν
549 2879 619 2924 —-]
655 2877 788 2916 Plato
811 2877 926 2938 Tim.
948 2890 989 2930 p.
1012 2879 1114 2920 380.

239 2957 471 2986 EUSEBILS
505 2960 556 2989 11.
801 2979 808 2983 .
1470 2961 1503 2995 Ο
