2014 3146
261 125 333 176 40
933 125 1182 167 EUsEssn

217 263 238 294 b
266 247 513 308 διανοίας
545 236 621 307 ὥς
652 238 758 313 ἄρα
792 238 1130 312 “βλέποντος
1160 241 1263 314 μὲν
1292 242 1384 298 καὶ
1421 243 1863 315 ἐπεστραμμένου

263 326 398 399 πρὸς
440 322 598 399 ἡμῶν
638 329 871 382 ἕκαστον
910 327 1010 381 τοῦ
1045 329 1186 382 θεοῦ
1227 331 1522 398 συμβαίνει
1561 330 1656 398 ζῆν
1685 349 1744 382 τε
1774 327 1863 383 καὶ

262 409 604 511 βιώσκεσθαι
642 407 764 465 τότε
813 407 880 465 τὰ
929 407 1154 482 σώματα
1200 407 1532 481 κηδεύοντος
1578 413 1680 468 τοῦ
1725 413 1867 468 θεοῦ

260 507 374 560 τοῖς
416 491 864 567 ἀκροβολισμοῖς,
905 494 1373 567 μεταστρέφοντος
1405 494 1466 550 δὲ
1497 499 1575 560 εἰς
1603 492 1705 565 τὴν
1735 497 1867 552 ἑαυ-

260 583 357 636 τοῦ
388 575 679 649 περιωπὴν
707 581 806 634 τοῦ
835 580 978 634 θεοῦ
1004 581 1178 634 ταῦτα
1209 573 1733 649 ἀποσβέννυσθαι;”
1885 602 1906 635 5

391 667 470 718 13.
514 660 698 719 Πάλιν
741 658 792 718 δ’
827 653 899 718 αὐ
928 665 1026 718 τοῦ
1058 667 1334 735 σωτηρίου
1363 659 1532 734 λόγου
1566 660 1696 735 παρ’
1734 661 1864 735 ἡμῖν

259 745 466 819 φάντος
499 744 651 817 “ἐγω’
692 751 803 819 είμι
840 742 875 818 ἡ
917 743 1183 818 άμπελος,
1225 744 1254 802 ὁ
1286 744 1465 820 πατήρ
1495 770 1603 819 μου
1634 745 1662 803 5
1693 769 1867 819 γεωρ-

259 829 382 903 γὸς,
423 826 581 903 ὑμεῖς
610 829 677 886 τὰ
707 827 993 903 κλήματα”
1025 825 1054 887 5
1084 829 1406 903 Νουμήνιος
1439 829 1750 888 ἐπάκουσον
1780 826 1866 888 οἷα

259 917 387 988 περὶ
417 918 515 971 τοῦ
549 917 814 987 δευτέρου
846 919 1027 971 αἰτίου
1056 922 1317 986 θεολογεῖ

388 1003 468 1055 14.
508 995 761 1070 ““ῼσπερ
803 999 865 1055 δὲ
903 997 1072 1055 πάλιν
1111 996 1270 1070 λόγος
1313 1000 1424 1055 ἐστὶ
1463 1002 1694 1075 γεωργῷ
1731 997 1866 1073 πρὸς
1889 1022 1930 1054 ιο

258 1081 354 1140 τὸν
393 1082 707 1155 φυτεύοντα
747 1079 1191 1157 ἀναφερόμενος,
1231 1082 1328 1139 τὸν
1358 1081 1528 1140 αὐτὸν
1559 1081 1725 1155 λόγον
1761 1082 1868 1157 μά-

259 1166 415 1225 λιστά
458 1170 607 1224 ἐστιν
645 1165 674 1223 5
715 1171 929 1241 πρῶτος
968 1166 1100 1233 θεὸς
1130 1166 1265 1238 πρὸς
1295 1166 1392 1224 τὸν
1423 1166 1778 1241 δημιουργόν.
1837 1165 1866 1224 5

258 1255 361 1325 μέν
390 1276 454 1323 γε
486 1248 565 1309 ὢν
595 1253 810 1324 σπέρμα
840 1249 1018 1323 πάσης
1050 1255 1228 1324 ψυχῆς
1261 1258 1474 1324 σπείρει
1505 1257 1583 1318 εἰς
1613 1251 1679 1307 τὰ
1703 1275 1871 1324 μετα-

259 1335 606 1409 λαγχάνοντα
647 1334 818 1392 αὐτοῦ
849 1334 1097 1408 χρήματα
1127 1334 1445 1408 σύμπαντά
1493 1331 1522 1392 5
1564 1339 1868 1409 νομοθέτης

261 1421 322 1477 δὲ
363 1419 592 1492 φυτεύει
634 1421 724 1476 καὶ
770 1422 1018 1493 διανέμει
1058 1422 1148 1477 καὶ
1188 1417 1557 1492 μεταφυτεύει
1597 1426 1676 1486 εἰς
1723 1416 1865 1493 ἡμᾶς
1887 1440 1930 1474 15

260 1503 530 1570 ἑκάστους
559 1503 626 1561 τὰ
658 1507 879 1561 ἐκεῖθεν
907 1500 1529 1577 προκαταβεβλημένα.”

387 1594 468 1646 15.
521 1589 634 1645 Καὶ
676 1590 797 1660 ἑξῆς
842 1589 902 1644 δὲ
941 1586 1109 1644 πάλιν
1148 1591 1276 1662 περὶ
1314 1592 1413 1645 τοῦ
1453 1590 1569 1655 πῶς
1611 1585 1720 1645 ἀπὸ
1769 1590 1868 1645 τοῦ

256 1670 480 1745 πρώτου
511 1677 692 1729 αἰτίου
721 1670 782 1728 τὸ
815 1670 1078 1745 δεύτερον
1106 1670 1315 1745 ὑπέστη
1345 1671 1530 1729 τοιάδε
1557 1677 1735 1745 φησίν

391 1754 624 1813 “Οπόσα
678 1757 738 1813 δε
790 1758 1026 1814 δοθέντα
1073 1759 1283 1830 μέτεισι
1331 1755 1466 1831 πρὸς
1513 1755 1613 1813 τὸν
1654 1754 1869 1828 λαμβά-

255 1863 455 1912 νοντα,
487 1838 807 1897 ἀπελθόντα
839 1843 899 1897 ἐκ
928 1845 1027 1898 τοῦ
1059 1839 1391 1913 δεδωκότος,
1426 1842 1540 1897 ἐστὶ
1570 1845 1863 1913 θεραπεία,
1887 1858 1930 1891 20

255 1922 535 1998 χρήματα,
578 1923 819 1997 νόμισμα
849 1933 1065 1996 κοῖλον,
1107 1929 1400 1997 ἐπίσημον
1446 1926 1603 1981 ταυτὶ
1633 1948 1735 1996 μεν
1765 1924 1868 1981 οὐν

255 2011 369 2065 ἐστι
410 2007 592 2081 θνητὰ
631 2010 722 2065 καὶ
762 2005 1124 2080 ἀνθρώπινα,
1179 2008 1246 2065 τὰ
1295 2010 1355 2065 δε
1405 2006 1537 2065 θεῖά
1587 2011 1736 2065 ἐστιν
1777 2005 1868 2064 οἶα

254 2096 635 2165 μεταδοθέντα
690 2089 915 2150 ἐνθένδ’
973 2096 1151 2150 ἐκεῖθι
1203 2094 1570 2165 γεγενημένα,
1633 2093 1867 2149 ἐνθένδε

206 2196 210 2200 ·
255 2200 315 2233 τε
346 2175 448 2234 οὐκ
479 2175 819 2249 ἀπελήλυθε,
853 2176 1078 2234 κάκεῖθι
1107 2176 1377 2250 γενόμενα
1406 2176 1503 2233 τὸν
1532 2177 1634 2248 μὲν
1665 2173 1864 2249 ὤνησε,

254 2258 354 2317 τὸν
387 2260 438 2316 δ’
475 2259 580 2317 οὐκ
611 2268 846 2333 ἔβλαψε,
889 2264 982 2318 καὶ
1012 2260 1340 2335 προσώνησε
1369 2264 1434 2335 τῇ
1465 2262 1593 2334 περὶ
1624 2284 1704 2317 ων
1733 2258 1862 2332 ἠπί-
1887 2278 1930 2312 25

253 2361 416 2400 στατο
453 2341 774 2416 ἀναμνήσει.
853 2350 932 2402 16.
968 2351 1082 2402 ἐστι
1114 2346 1177 2402 δε
1206 2348 1366 2402 τοῦτο
1395 2344 1456 2402 τὸ
1487 2341 1657 2401 καλὸν
1686 2347 1867 2418 χρῆμα

253 2425 523 2499 ἐπιστήμη
557 2424 591 2499 ἡ
623 2426 791 2499 καλὴ,
832 2421 897 2499 ἧς
928 2426 1106 2486 ω’νατο
1145 2453 1247 2502 μεν
1277 2428 1306 2486 5
1338 2427 1552 2501 λαβών,
1594 2425 1699 2485 οὐκ
1728 2425 1868 2485 ἀπο-

251 2516 497 2567 λείπεται
554 2509 607 2567 δ’
656 2509 826 2582 αὐτῆς
866 2510 894 2567 5
937 2511 1210 2578 δεδωκώς.
1282 2510 1402 2569 οἷον
1441 2509 1512 2569 ἂν
1555 2518 1692 2577 ἴδοις
1744 2515 1866 2579 ἐξα-

253 2596 472 2666 φθέντα
504 2591 606 2667 ἀφ’
641 2597 831 2667 ἑτέρου
862 2593 1069 2668 λύχνου
1101 2593 1307 2667 λύχνον
1337 2599 1456 2667 φῶς
1487 2601 1700 2667 ἔχοντα,
1731 2591 1762 2651 5
1790 2618 1864 2666 μη

158 2677 349 2744 317]τὸν
379 2676 653 2751 πρότερον
682 2675 966 2751 ἀφείλατο,
998 2676 1136 2735 ἀλλά
1164 2682 1260 2751 τῆς
1292 2682 1351 2736 ἐν
1381 2677 1530 2754 αὐτῷ
1559 2676 1697 2750 ὕλης
1725 2675 1861 2751 πρὸς
1884 2704 1928 2737 30

254 2760 315 2819 τὸ
356 2765 573 2819 ἐκείνου
614 2768 725 2834 πῦρ
769 2765 1117 2836 ἐξαφθείσης.
1195 2767 1273 2819 17.
1311 2769 1560 2820 τοιοῦτον
1590 2759 1650 2818 τὸ
1681 2760 1862 2836 χρῆμά

256 2848 367 2903 ἐστι
418 2845 478 2903 τὸ
529 2849 623 2919 τῆς
678 2845 1003 2920 ἐπιστήμης,
1063 2844 1098 2918 ἢ
1154 2851 1386 2904 δοθεῖσα
1437 2848 1529 2903 καὶ
1581 2853 1863 2919 ληφθεῖσα
