2014 3146
265 98 366 150 162
935 99 1184 140 EUSEBII

262 218 362 288 νῆς
393 213 704 287 κτισμάτων
734 211 1019 286 αναλόγως
1052 212 1081 270 5
1113 212 1500 289 γενεσιουργὸς
1523 209 1869 288 θεωρεῖταιῗ

264 302 356 359 καὶ
395 297 454 355 τὸ
505 295 590 355 τὰ
632 297 736 371 γὰρ
779 295 987 369 ἀόρατα
1027 295 1199 355 αὐτοῦ
1249 296 1357 356 ἀπὸ
1399 305 1625 364 κτίσεως
1664 297 1872 371 κόσμου

262 397 376 449 τοῖς
407 381 670 455 ποιήμασι
699 381 977 455 νοούμενα
1007 386 1332 456 καθορᾶται,
1365 380 1398 456 ἦ
1419 407 1477 440 τε
1501 381 1678 448 ἀΐδιος
1700 381 1874 440 αὐτοῦ

267 466 500 540 δύναμις
533 469 624 524 καὶ
654 465 889 540 θειότης.
899 463 928 485 ”
979 465 1118 523 ἄλλα
1140 469 1231 523 καὶ
1253 464 1311 524 τὸ
1327 463 1609 539 “ε’ζη’λωσα
1642 469 1730 524 ἐπὶ
1758 480 1872 533 τοῖς

263 550 516 625 ἀνόμοις,
562 550 788 625 εἰρήνην
828 547 1169 624 αμαρτωλων
1198 547 1471 626 θεωρῶν”
1525 549 1915 625 μεταπεφροὲ-ῑ)

266 646 400 694 σθαι
431 661 522 710 μοι
565 642 720 693 δοκεῖ
746 634 855 693 ὑπὸ
885 639 984 693 τοῦ
1014 634 1314 702 Πλάτωνος
1357 635 1447 692 δια
1491 639 1589 693 τοῦ
1610 633 1677 693 “ὁ
1710 633 1874 704 αὐτὸς

265 722 325 778 δὲ
367 719 526 794 λόγος
567 738 653 778 σοι
693 723 783 776 καὶ
827 723 955 794 περὶ
999 723 1227 777 ἐκείνων
1269 716 1342 778 ἂν
1387 729 1470 793 εἴη
1511 723 1623 777 τῶν
1663 717 1762 786 οὓς
1802 718 1874 777 σύ

219 828 240 860 <1
265 803 507 870 κατιδων
563 808 621 861 ἐκ
659 809 872 878 μικρῶν
912 803 1185 877 μεγάλους
1235 804 1528 877 γεγονότας
1578 803 1876 878 ἀνοσιουρή

263 889 561 963 γήσαντας,
592 888 698 963 ἤτι
722 892 972 946 τοιοῦτον
1003 888 1332 964 πράξαντας,
1367 888 1557 966 ᾠήθης
1583 893 1636 957 ἐξ
1657 885 1874 947 ἀθλίων

267 973 600 1048 εὐδαίμονας
632 971 975 1046 γεγονέναι.”
1028 976 1121 1030 καὶ
1159 973 1225 1031 τὰ
1266 972 1406 1031 ἄλλα
1439 975 1500 1031 δὲ
1530 971 1632 1031 ὅσα
1661 971 1874 1039 τούτοις
1900 997 1938 1028 10

265 1054 465 1132 ὁμοίως
498 1068 708 1133 εἴρηται
738 1056 1019 1132 προῦλαβε
1057 1058 1159 1131 τὴν
1200 1065 1277 1125 εἰς
1318 1057 1518 1125 πλατος
1553 1061 1875 1116 ἐκτεθεισαν

263 1149 362 1200 τοῦ
417 1141 715 1210 Πλατωνος
759 1145 1059 1215 ερμηνειάν
1100 1147 1160 1200 ἐν
1213 1157 1326 1210 τοῖς
1360 1139 1633 1218 Εβραίων
1677 1141 1873 1214 λόγοις.

267 1230 500 1285 ἕκαστον
532 1226 581 1283 δ’
619 1251 725 1284 ουν
756 1228 943 1284 αὐτῶν
974 1251 1110 1284 κατα
1140 1229 1302 1300 μέρος
1325 1226 1505 1301 εὕροις
1535 1252 1605 1285 αν
1634 1224 1876 1300 ακριβῶς

267 1310 529 1381 ἐξεταζων
586 1326 700 1378 τοῖς
751 1314 1025 1385 Ἑβραίων
1095 1310 1519 1386 συμφερόμενον
1577 1330 1873 1386 γραμμασι.

254 1395 532 1471 Ἑβραίων
564 1397 624 1453 δὲ
657 1396 800 1454 εἶναι
840 1395 1039 1469 λόγους
1079 1393 1146 1454 οὐ
1187 1396 1361 1469 μόνον
1401 1396 1466 1454 τὰ
1497 1394 1645 1470 παρὰ
1675 1404 1880 1454 Μωσεῖ
1898 1418 1940 1451 15

266 1479 423 1553 λόγια
473 1505 641 1554 φημι,
692 1478 830 1538 αλλὰ
870 1483 962 1538 καὶ
1000 1480 1065 1539 τὰ
1114 1506 1226 1539 των
1265 1479 1449 1539 αλλων
1490 1480 1625 1555 μετὰ
1665 1483 1877 1538 Μωσέα

266 1569 553 1638 θεοφιλων
583 1564 837 1640 ἀνδρων,
885 1575 994 1623 εἴτε
1034 1588 1337 1670 προφητων
1379 1575 1486 1624 εἴτε
1517 1567 1608 1623 καὶ
1641 1562 1879 1623 αποστό-

268 1658 381 1707 λων
412 1654 510 1707 τοῦ
550 1654 795 1722 σωτῆρος
835 1648 1022 1723 ἡμῶν,
1067 1675 1146 1708 ων
1187 1650 1219 1723 ἡ
1260 1654 1372 1708 τῶν
1415 1649 1706 1724 δογματων
1736 1668 1878 1722 συμ-

267 1739 452 1806 φωνία
482 1739 607 1806 μιᾶς
649 1733 869 1801 εἰκότως
901 1732 1105 1801 αυτούς
1145 1737 1236 1792 καὶ
1275 1739 1370 1807 τῆς
1403 1732 1571 1807 αὐτῆς
1601 1751 1878 1808 προσηγο-

270 1825 390 1889 ρίας
422 1815 720 1886 ἀξιώσειεν.
1898 1840 1939 1872 20

649 2137 904 2178 BIBAION
936 2137 1493 2178 ΤΡΙΣΚΑΙΔΕΚΑΤΟΝ.

160 2231 248 2269 (639)
892 2231 1226 2266 ΠΡΟΟΙΜΙΟΝ.
1899 2237 1941 2270 25

158 2344 251 2386 [375]
392 2318 611 2394 Ἐπειδὴ
642 2325 894 2395 πέφηνεν
927 2327 986 2380 ἐν
1016 2337 1129 2389 τοῖς
1160 2321 1264 2393 πρὸ
1289 2321 1486 2380 τούτου
1516 2319 1878 2395 συγγράμμα-

271 2422 361 2461 σιν
400 2400 433 2476 ἡ
475 2406 611 2462 κατὰ
655 2406 926 2464 Πλάτωνα
964 2413 1268 2480 φιλοσοφία
1307 2407 1442 2463 κατὰ
1474 2414 1704 2463 πλεῖστα
1735 2415 1876 2463 Μω-

269 2491 407 2555 σέως
439 2492 530 2546 καὶ
559 2496 671 2547 τῶν
702 2488 831 2562 παρ’
858 2490 1130 2565 Ἑβραίοις
1173 2495 1338 2565 ίερῶν
1370 2489 1550 2562 λόγων
1580 2493 1878 2563 ἑρμηνείαν

271 2570 456 2645 ὥσπερ
501 2575 589 2629 ἐπὶ
630 2571 731 2645 τὴν
754 2570 984 2631 Ἐλλάδα
1025 2574 1222 2648 φωνὴν
1251 2578 1608 2648 περιέχουσα,
1651 2581 1875 2646 ἔρχομαι

225 2680 245 2711 b
270 2659 377 2713 νῦν
406 2653 543 2729 ὁμοῦ
574 2660 665 2713 καὶ
705 2656 770 2712 τὰ
811 2665 1070 2716 λείποντα
1112 2662 1563 2732 προσαποδοῦναι
1602 2660 1680 2732 τῷ
1709 2655 1874 2733 λόγῳ,
1897 2679 1939 2711 30

271 2743 362 2797 καὶ
391 2739 456 2797 τὰ
487 2754 598 2808 τοῖς
629 2740 734 2814 πρὸ
768 2737 922 2814 ἡμῶν
955 2749 1030 2810 εἰς
1061 2743 1188 2808 τοὺς
1209 2741 1408 2808 τόπους
1435 2743 1694 2814 εἰρημένα
1727 2747 1875 2799 διελ-

266 2835 428 2898 θεῖν,
470 2823 609 2897 ὁμοῦ
652 2828 742 2882 καὶ
784 2831 1044 2899 διαβολῆς
1085 2825 1318 2898 εὐλόγου
1370 2832 1552 2883 αἰτίαν
1602 2823 1873 2883 ἀπολυσό-
