2014 3146
266 107 372 161 256
957 109 1204 150 EUsEssn

268 224 515 298 φανερὸν
553 232 717 295 οἴσω,
758 221 826 280 οὕ
865 247 915 280 τι
958 247 1067 280 που
1107 225 1372 296 μισέλλην
1419 221 1550 281 οὐδὲ
1589 223 1880 298 μισολόγος

268 334 348 375 τις
381 305 488 379 ὧν,
522 311 732 364 πολλοῦ
761 330 822 380 γε
857 311 992 380 δέω,
1031 309 1291 379 διαβολῆς
1336 306 1385 363 δ’
1423 314 1607 366 αἰτίαν
1637 308 1881 367 ἀπολυό-

267 417 459 467 μενος,
491 391 574 449 ὅτι
606 391 674 464 δὴ
714 396 810 463 τῆς
835 387 1153 464 Ἑλληνικῆς
1185 396 1442 458 παιδείας
1485 391 1682 464 ἥκιστα
1712 417 1880 466 μετα-

267 479 594 550 ποιηθέντες
626 475 691 534 τοὶ
716 475 990 549 Εβραίων
1021 475 1180 548 λόγια
1210 475 1696 550 προτετιμήκαμεν.

221 583 242 614 b
394 566 583 621 ΙΙΙ.οί
609 564 711 634 μέν
740 584 804 633 γε
825 560 1070 633 Εβραῖοι
1094 558 1319 618 ἀνωθεν
1352 563 1403 628 ἐξ
1436 563 1634 628 αι’ωνος
1665 566 1877 635 μακροῦ
1901 584 1920 615 5

269 648 358 702 καὶ
391 645 590 719 αὐτῆς,
625 670 697 712 ως
730 652 857 711 ἔπος
890 652 1097 717 εἰπεῖν,
1131 642 1236 702 ἀπὸ
1269 643 1487 717 πρώτης
1517 643 1879 720 ἀνθρωπογο-

268 737 389 796 νίας
435 729 537 803 τὴν
578 729 868 802 εὐσέβειαν
909 733 999 786 καὶ
1038 727 1223 803 ἀληθῆ
1265 736 1603 803 φιλοσοφίαν
1642 728 1879 804 ἀνηρευ-

269 814 522 887 νηκότες,
577 813 856 888 ἀκήρατον
911 817 1000 871 καὶ
1055 816 1142 871 ἐπὶ
1184 814 1315 880 τοὺς
1355 817 1643 887 μετέπειτα
1673 814 1881 888 ταύτην

270 898 719 973 διατετηρήκασι,
763 914 891 966 παῖς
935 897 1084 973 παρὰ
1135 898 1337 973 πατρὸς
1377 897 1670 972 θησαυρὸν
1700 898 1880 972 λόγων

265 981 498 1057 ἀληθῶν
540 980 947 1056 ὑποδεξάμενοί
992 1008 1050 1040 τε
1090 985 1181 1040 καὶ
1221 982 1591 1056 φυλάξαντες,
1635 1008 1708 1050 ως
1748 981 1876 1090 μήτ’
1902 1005 1943 1036 10

269 1072 548 1125 ἐπιθεῖναι
587 1065 714 1142 μήτ’
747 1067 1016 1171 ἀφελεῖν
1037 1093 1160 1126 τινα
1199 1083 1312 1134 τοῖς
1353 1066 1495 1135 ἅπαξ
1537 1070 1880 1142 κεκριμένοις

266 1156 547 1225 τολμῆσαι.
619 1158 667 1209 2.
703 1149 826 1209 οὔτ’
861 1153 964 1209 οὐν
994 1150 1022 1209 ὁ
1054 1152 1339 1225 πάνσοφος
1370 1156 1611 1225 Μωσῆς,
1655 1152 1880 1210 πάντων

222 1275 239 1296 0
268 1261 369 1310 μεν
391 1235 671 1310 Ελλήνων
701 1236 1076 1312 πρεσβύτατος
1106 1234 1458 1309 ἀποφανθεὶς
1502 1236 1592 1293 δια
1631 1261 1743 1295 των
1784 1245 1879 1311 ἔμ-

268 1332 547 1395 προσθεν,
591 1321 817 1379 πάντων
867 1322 928 1378 δὲ
959 1320 1190 1388 ὕστατος
1220 1320 1321 1393 τὴν
1351 1317 1573 1395 ἡλικίαν
1602 1325 1715 1379 τῶν
1744 1324 1879 1396 πρὶν

256 1405 530 1479 Ἐβραίων
571 1405 843 1479 γεγονώς,
890 1410 1120 1478 κινῆσαί
1153 1431 1204 1463 τι
1250 1407 1343 1462 καὶ
1385 1417 1712 1479 μεταθεῖναι
1763 1410 1876 1464 ταῖν
1901 1424 1940 1456 15

158 1515 245 1557 [421]
267 1506 379 1557 τοῖς
410 1490 750 1565 προπάτορσι
783 1489 1070 1558 δοξάντων·
1100 1494 1195 1563 τῆς
1229 1494 1559 1563 δογματικῆς
1590 1493 1714 1563 πέρι
1744 1502 1876 1548 θεο-

265 1581 452 1648 λογίας
478 1574 847 1648 διανενόηται,
880 1575 1026 1647 πλὴν
1046 1572 1180 1632 ὅσον
1201 1589 1313 1642 τοῖς
1337 1571 1432 1631 ὑπ’
1459 1572 1627 1633 αὐτὸν
1650 1573 1878 1648 ἀνθρώ-

264 1682 387 1725 ποις
417 1658 636 1733 ἀγωγῆς
667 1666 795 1732 βίου
827 1659 1172 1732 καταλλήλου
1195 1659 1401 1734 τρόπον
1425 1666 1520 1717 καί
1536 1684 1684 1726 τινος
1707 1663 1876 1733 μέσης

265 1750 541 1810 πολιτείας
571 1751 912 1816 νομοθεσίαν
943 1747 1386 1815 καταβαλέσθαι,
1419 1749 1466 1800 3.
1494 1742 1621 1801 οὗθ’
1658 1749 1712 1801 οἱ
1741 1743 1874 1817 μετὰ

263 1828 427 1885 τόνδε
457 1832 769 1901 προφῆται,
803 1835 1025 1902 μυρίαις
1055 1846 1209 1894 οσαις
1239 1827 1474 1902 ὕστερον
1519 1831 1657 1885 ἐτι-ὅν
1686 1827 1874 1902 περιό-
1896 1846 1936 1878 20

268 1916 383 1978 δοις
416 1911 818 1985 ε’κλάμψαντες,
864 1911 1149 1984 διάφωνόν
1187 1937 1238 1968 τι
1277 1915 1422 1986 ῥῆμα
1463 1911 1599 1986 πρός
1637 1935 1698 1969 τε
1730 1919 1874 1986 σφᾶς

266 1993 465 2061 αὐτοὺς
505 1992 538 2068 ἢ
579 1995 714 2070 πρὸς
752 2022 817 2053 τα
850 2006 1055 2054 Μωσεῖ
1089 1998 1180 2053 καὶ
1221 2010 1333 2063 τοῖς
1374 1995 1543 2052 πάλαι
1584 2004 1873 2069 θεοφιλέσι

217 2103 240 2134 d
264 2083 600 2154 νομισθέντα
631 2083 904 2155 προέσθαι
934 2085 999 2154 τῇ
1025 2085 1186 2154 φωνῇ
1211 2078 1620 2154 τετολμήκασιν.
1662 2085 1710 2138 4.
1746 2080 1866 2138 ἀλλ’

265 2165 397 2223 οὐδὲ
428 2165 486 2222 τὸ
529 2162 661 2222 καθ’
694 2162 835 2238 ἡμᾶς
870 2170 1289 2237 διδασκαλεῖον,
1324 2167 1543 2222 ἐκεῖθέν
1574 2175 1753 2223 ποθεν
1782 2162 1871 2238 ὁρ·

264 2248 521 2322 μώμενον
569 2253 659 2306 καὶ
703 2247 776 2307 δι’
821 2253 1021 2308 ἐνθέου
1065 2248 1351 2323 δυνάμεως
1382 2246 1523 2322 ὁμοῦ
1550 2253 1733 2307 πᾶσαν
1755 2248 1870 2308 Ἐλ-
1894 2276 1934 2308 25

265 2333 405 2390 λάδα
444 2358 502 2390 τε
544 2336 638 2390 καὶ
678 2333 781 2406 τὴν
822 2333 1109 2409 βάρβαρον
1150 2337 1461 2408 ἐμπλῆσαν,
1506 2333 1791 2407 διάφωνόν
1821 2359 1871 2391 τι

261 2432 377 2483 τοῖς
409 2416 660 2490 πρόσθεν
705 2422 1161 2492 ε’μπεριείληφεν,
1205 2425 1256 2476 εἰ
1294 2417 1368 2492 μή
1407 2441 1486 2485 τις
1517 2425 1655 2492 φαίη
1685 2417 1767 2475 ὅτι
1797 2417 1871 2492 μὴ

260 2500 434 2574 μόνον
483 2516 596 2568 τοῖς
651 2502 884 2575 δόγμασι
935 2506 1030 2575 τῆς
1075 2509 1395 2576 θεολογίας,
1457 2501 1600 2560 ἀλλὰ
1659 2504 1752 2559 καὶ
1793 2507 1868 2578 τῷ

263 2583 447 2660 τρόπω
477 2589 575 2641 τοῦ
605 2592 734 2657 βίου
764 2586 866 2659 τὴν
897 2584 1072 2659 αὐτὴν
1096 2586 1320 2661 ἀγωγὴν
1339 2600 1454 2653 τοῖς
1478 2585 1583 2660 πρὸ
1614 2587 1867 2652 Μωσέως

262 2671 591 2740 θεοφιλέσιν
607 2666 878 2743 Ἐβραίοις
909 2677 1276 2745 παραδίδωσι,
1329 2675 1375 2728 5.
1411 2672 1502 2727 καὶ
1522 2694 1587 2727 τα
1608 2693 1711 2742 μεν
1733 2665 1866 2742 ῆμέ-
1889 2693 1929 2725 30

263 2777 393 2827 τερα
423 2757 665 2826 τοιαῦτα,
697 2757 796 2830 μιᾷ
817 2761 1036 2830 διανοίᾳ
1056 2759 1152 2831 μιᾷ
1174 2779 1232 2812 τε
1263 2757 1428 2829 φωνῇ
1455 2749 1568 2810 υπό
1585 2777 1696 2810 των
1719 2752 1865 2859 πρώ-

263 2862 374 2894 των
405 2839 497 2893 καὶ
525 2861 637 2895 των
659 2841 844 2911 μέσων
867 2841 957 2895 καὶ
981 2863 1092 2896 των
1112 2838 1367 2897 ὑστάτων
1387 2839 1865 2912 μεμαρτυρημένα,
