2014 3146
245 362 266 394 b

187 2561 275 2604 [4231

286 138 391 189 260
961 137 1209 178 EUSEBH

287 277 421 312 ποτε
451 251 641 325 λάβοις
676 251 841 325 λόγον
870 249 1001 310 οὔτε
1031 251 1271 310 ἑκόντων
1310 250 1438 311 οὔτε
1467 250 1742 313 ἀκόντων·
1790 254 1897 312 αὐ-

291 337 416 404 τοὺς
450 338 510 394 δὲ
555 342 645 394 δεῖ
671 335 1092 410 παραλαβόντας
1124 333 1310 411 ὥσπερ
1349 336 1639 411 πρόβλημα
1673 344 1896 398 ε’πισκο*

287 432 532 479 πεϊσθαι.
568 427 613 478 6.
641 424 752 479 Καὶ
776 429 1010 495 μετρίως
1029 444 1092 494 γε
1109 424 1302 494 λέγεις.
1344 420 1404 479 τὸ
1430 424 1490 480 δὲ
1515 417 1584 495 δὴ
1604 423 1895 498 πρόβλημα

285 506 420 564 ἄλλο
450 531 502 563 τι
532 504 952 580 παρειλήφαμεν
992 503 1141 580 παρὰ
1180 506 1283 579 μὲν
1323 510 1436 564 τῶν
1465 504 1730 582 ἀρχαίων,
1760 508 1896 582 μετὰ

286 591 558 663 ποιήσεως
591 593 1082 664 ἐπικρυπτομένων
1111 590 1239 658 τοὺς
1269 589 1537 665 πολλοὺς,
1571 587 1644 659 ὦς
1675 591 1708 665 ἡ
1738 595 1897 665 γένε-
1918 618 1939 650 5

286 695 371 743 σις
401 678 513 733 τῶν
543 675 770 733 πάντων
796 672 1055 742 Ὠκεανός
1099 700 1158 733 τε
1199 677 1290 732 καὶ
1330 674 1520 749 Τηθύς
1561 681 1736 751 ῥεῦμα
1765 701 1900 750 τυγ-

287 759 440 834 χάνει
472 762 563 817 καὶ
594 757 765 818 οὐδὲν
795 763 1015 832 ἕστηκε,
1062 759 1211 834 παρὰ
1253 760 1313 817 δὲ
1343 764 1457 818 τῶν
1485 757 1763 834 ὑστέρων,
1804 760 1900 819 ἅτε

286 848 649 919 σοφωτέρων,
681 843 1010 917 ἀναφανδὸν
1040 842 1559 918 ἀποδεικνυμένων,
1600 851 1695 903 ἵνα
1725 848 1817 903 καὶ
1846 851 1905 903 015

287 928 612 1002 σκυτοτόμοι
655 927 842 986 αὐτῶν
880 929 982 1003 τὴν
1022 936 1229 1001 σοφίαν
1271 928 1530 1002 μάθωσιν
1560 929 1899 998 ἀκούσαντες

288 1017 379 1071 καὶ
411 1013 734 1071 παύσωνται
773 1011 1007 1086 ἠλιθίως
1049 1013 1291 1087 οἰόμενοι
1320 1012 1387 1071 τά
1426 1016 1529 1087 μὲν
1559 1013 1803 1088 ἑστάναι,
1834 1015 1900 1072 τά
1921 1038 1961 1070 ιο

292 1100 349 1155 δε
381 1109 661 1156 κινεῖσθαι
692 1122 803 1155 των
833 1097 1038 1171 ὄντων,
1085 1098 1362 1171 μαθόντες
1395 1097 1505 1156 δε
1484 1097 1567 1156 ότι
1599 1098 1777 1157 πάντα
1814 1124 1900 1201 m}

288 1198 464 1241 νεῖται
513 1202 744 1256 τιμωσιν
793 1182 1019 1253 αὐτους;
1073 1182 1266 1256 ὀλίγου
1320 1183 1382 1240 δε
1424 1183 1805 1258 ἐπελαθόμην,
1856 1208 1899 1241 ω

291 1267 574 1341 Θεόδωρε,
607 1266 689 1324 ὅτι
719 1265 875 1324 άλλοι
900 1269 971 1325 αὐ
993 1264 1259 1325 τάναντία
1281 1267 1495 1335 τούτοις
1519 1267 1898 1343 ἀπεφήναντο,

430 1415 541 1446 οιον
566 1389 802 1461 άκίνητον
828 1397 1015 1447 τελέθει
1041 1399 1108 1466 τῷ
1137 1392 1288 1446 πάντ
1316 1390 1455 1462 ὄνομ
1488 1394 1640 1453 εἶναι,

289 1523 381 1578 καὶ
412 1519 550 1577 ἄλλα
581 1520 683 1578 ὅσα
717 1525 996 1579 Μέλισσοί
1019 1546 1077 1579 τε
1108 1525 1201 1578 καὶ
1235 1527 1582 1596 Παρμενίδαι
1615 1521 1900 1580 ἐναντιού-
1923 1544 1964 1578 15

290 1630 446 1680 μενοι
488 1609 621 1662 πᾶσι
660 1605 873 1672 τούτοις
916 1611 1369 1680 διισχυρίζονται,
1412 1631 1484 1672 ως
1525 1609 1586 1663 έν
1626 1630 1683 1663 τε
1722 1606 1903 1665 πάντα

293 1693 406 1749 ἐστὶ
449 1693 540 1747 καὶ
573 1694 801 1764 ἕστηκεν
832 1688 966 1748 αὐτὸ
999 1695 1060 1749 ἐν
1089 1694 1292 1766 ἑαυτω,
1334 1689 1438 1748 οὐκ
1474 1697 1600 1766 ἕχον
1623 1690 1809 1765 χώραν
1841 1694 1902 1748 ἐν

291 1767 329 1849 ᾑ
359 1790 605 1832 κινεῖται.
679 1781 724 1831 7.
758 1774 971 1843 τούτοις
1011 1799 1144 1847 ουν,
1190 1769 1233 1831 ὠ
1266 1778 1474 1848 ἑταῖρε,
1518 1781 1653 1832 πᾶσι
1690 1782 1750 1832 τί
1773 1800 1900 1877 χρη-

293 1858 535 1932 σόμεθα;
567 1883 702 1916 κατα
733 1859 966 1931 σμικρὸν
995 1884 1099 1933 γαρ
1131 1858 1417 1933 προϊόντες
1459 1858 1773 1932 λελήθαμεν
1801 1885 1902 1933 αμ-

291 1946 542 2016 φοτέρων
589 1949 665 2009 εἰς
702 1941 763 2000 τὸ
801 1947 972 2016 μέσον
1016 1943 1387 2015 πεπτωκότες,
1434 1945 1526 2000 καὶ
1578 1943 1674 2000 ἐὰν
1712 1942 1787 2017 μή
1825 1968 1901 2017 πη
1924 1969 1965 2002 20

294 2025 632 2101 ἀμυνόμενοι
678 2027 1073 2100 διαφύγωμεν,
1120 2033 1283 2101 δίκην
1324 2026 1578 2101 δώσομεν
1625 2025 1809 2101 ὥσπερ
1849 2033 1908 2086 οἰ

296 2115 355 2169 ἐν
384 2125 503 2178 ταῖς
535 2118 894 2186 παλαίστραις
927 2112 1018 2169 διὰ
1042 2116 1291 2187 γραμμῆς
1311 2119 1611 2184 παίζοντες,
1642 2109 1777 2171 ὅταν
1797 2108 1897 2170 ὑπ’

293 2196 624 2271 ἀμφοτέρων
655 2200 964 2270 ληφθέντες
997 2200 1263 2257 ἕλκωνται
1295 2203 1371 2264 εἰς
1401 2193 1725 2255 τάναντία.”

430 2285 614 2339 Ταῦτα
653 2283 755 2355 μὲν
797 2285 856 2340 ἐν
897 2281 1191 2359 Θεαιτήτῳ.
1261 2280 1500 2356 μεταβὰς
1542 2283 1604 2339 δὲ
1646 2284 1768 2355 ἑξῆς
1810 2283 1900 2339 ἐπὶ

295 2365 392 2422 τὸν
433 2365 721 2439 Σοφιστὴν
751 2359 916 2433 αὖθις
947 2369 1074 2440 περὶ
1104 2370 1217 2424 τῶν
1246 2366 1351 2438 πρὸ
1383 2364 1555 2424 αὐτοῦ
1585 2369 1902 2440 γενομένων
1923 2389 1964 2422 25

297 2452 552 2521 φυσικῶν
581 2450 908 2524 φιλοσόφων
938 2450 1124 2508 τοιάδε
1154 2458 1328 2524 φησίν

415 2528 718 2600 “Εὖκόλως
748 2559 839 2607 μοι
874 2541 1031 2593 δοκεῖ
1049 2541 1407 2610 Παρμενίδης
1430 2532 1564 2609 ἡμῖν
1599 2537 1902 2608 διειλέχθαι

297 2619 389 2673 καὶ
421 2620 525 2683 πᾶς
555 2614 703 2684 ὅστις
734 2616 868 2691 ἡμῖν
891 2618 1112 2676 πώποτε
1139 2621 1226 2676 ἐπὶ
1250 2627 1436 2695 κρίσιν
1459 2619 1679 2694 ὥρμησε
1707 2624 1806 2676 τοῦ
1834 2616 1900 2675 τά

298 2699 432 2758 ὄντα
467 2706 823 2773 διορίσασθαι
853 2702 998 2760 πόσα
1036 2728 1096 2762 τε
1128 2706 1220 2761 καὶ
1253 2702 1385 2762 ποῖά
1413 2707 1539 2761 ἐστι,
1571 2736 1657 2747 ·—
1687 2700 1904 2761 Μῦθόν

412 2895 465 2935 58
498 2887 719 2944 Εὖκόλως
744 2894 810 2949 —]
844 2897 978 2936 Plato
1001 2896 1201 2951 Sophist.
1224 2912 1267 2951 p.
1290 2897 1386 2939 242.
1408 2897 1504 2940 245.
