2014 3146
288 107 390 157 124
958 106 1208 148 EUSEBII

286 247 375 280 ται
413 237 526 289 τοῖς
570 220 835 288 τοιούτοις
875 219 1150 294 ἀνδράσιν
1198 222 1473 278 ἐκλεκτέαι
1513 233 1796 278 συνοικεῖν
1837 245 1898 278 τε

288 308 378 364 καὶ
411 305 838 379 ξυμφυλαττειν,
874 307 1096 378 ἐπείπερ
1123 307 1312 363 εἰσὶν”
1289 306 1473 362 ικαναὶ
1500 306 1590 362 καὶ
1614 308 1897 378 ξυγγενεῖς

288 387 474 456 αὐτοις
504 387 607 460 τὴν
638 369 828 490 φύσιῖ).
840 385 868 406 ”

241 498 263 530 b
418 479 462 531 7.
496 471 787 540 Είκότως’
764 471 872 547 ἄρα
895 475 986 530 καὶ
1010 471 1039 530 ὃ
1064 470 1197 548 παρ’
1231 470 1364 546 ἡμῖν
1389 471 1547 545 λόγος
1569 473 1898 547 ὑποδέχεται

288 562 401 615 πᾶν
441 561 598 631 γένος
640 555 707 615 οὐ
747 556 919 631 μόνον
960 556 1216 631 ἀνδρῶν,
1259 556 1398 614 ἀλλὰ
1450 559 1542 614 καὶ
1593 561 1942 630 γυναικῶν,5

288 639 414 700 οὐδ’
452 645 768 715 ἐλευθέρων
799 644 892 699 καὶ
923 640 1146 700 δούλων
1167 640 1367 715 μόνον,
1400 639 1539 698 ἄλλα
1569 645 1662 699 καὶ
1692 641 1900 717 βαρβα-

290 751 405 801 ρων
435 729 527 784 καὶ
552 723 848 800 Ἑλλήνων,
882 732 958 794 εἰς
982 726 1083 799 τὴν
1107 726 1243 784 κατὰ
1274 725 1415 784 θεὸν
1444 732 1705 784 παιδείαν
1727 750 1787 784 τε
1809 728 1902 784 καὶ

288 806 642 884 φιλοσοφίαν.

250 930 267 951 0
418 906 632 956 XXXIII.
665 891 1059 968 “Σκεψῶμεθα
1100 894 1170 967 δή
1201 917 1276 968 πη
1317 899 1467 969 τῇδε.
1532 898 1698 971 φέρε,
1744 904 1798 952 εἴ
1821 919 1902 963 τις

291 984 468 1053 αἰγῶν
509 978 722 1054 τροφὴν
772 983 863 1037 καὶ
913 978 972 1037 τὸ
1023 983 1162 1056 ζῷον
1212 977 1374 1053 αὐτὸ,
1429 983 1606 1053 κτῆμα
1661 979 1733 1047 ὡς
1785 987 1901 1038 ἔστι
1926 1002 1967 1034 10

291 1062 491 1137 καλὸν,
526 1068 770 1136 ἐπαινοῖ,
814 1062 977 1131 αλλος
1011 1066 1077 1121 δέ
1110 1088 1190 1130 τις
1235 1064 1490 1138 ἑωρακώς
1539 1065 1697 1137 αἶγας
1739 1067 1904 1139 χωρὶς

291 1151 596 1223 νεμομένας
651 1149 886 1206 αἰπόλου
941 1152 1000 1205 ἐν
1042 1153 1358 1223 ἐργασίμοις
1412 1156 1634 1223 χωρίοις
1687 1147 1904 1223 δρώσας

294 1258 434 1291 κακα
466 1236 752 1335 διαψέγοι,
786 1235 878 1290 καὶ
909 1235 1021 1290 παν
1051 1236 1273 1307 θρέμμα
1303 1258 1546 1308 αναρχον
1575 1230 1609 1305 ἦ
1640 1257 1774 1307 μετα
1805 1257 1906 1290 κα-

293 1323 407 1375 κῶν
461 1315 745 1391 αρχόντων
798 1315 940 1375 ἰδων
983 1314 1126 1375 οὕτω
1169 1320 1463 1392 μέμφοιτο,
1517 1316 1614 1376 τὸν
1651 1316 1905 1376 τοιούτου

293 1401 469 1475 ψόγον
493 1399 785 1475 ἡγούμεθα
815 1402 966 1475 ὑγιὲς
998 1399 1069 1459 ἅν
1099 1425 1231 1461 ποτε
1261 1406 1420 1472 ψέξαι
1451 1405 1542 1460 καὶ
1572 1398 1790 1473 ὁτιοῦν;
1928 1422 1970 1454 15
2005 1402 2010 1407 ⁴

427 1489 533 1545 Καὶ
564 1483 747 1557 πῶς;”

420 1574 531 1629 Καὶ
563 1570 680 1644 μετ’
717 1568 877 1643 ὀλίγα

249 1664 270 1695 d
420 1661 468 1714 2.
514 1663 583 1712 Τι’
613 1656 674 1712 δε
698 1657 991 1728 ἐπαινέτην
1022 1652 1055 1728 ἢ
1088 1659 1298 1728 ψέκτην
1331 1662 1623 1722 κοινωνίας
1654 1651 1905 1729 ἡστινοσ-

295 1744 429 1812 οῦν,
462 1732 498 1813 ᾑ
522 1742 743 1812 πέφυκέ
770 1763 829 1796 τε
865 1739 1006 1797 εἶναι
1040 1765 1227 1814 αρχων
1266 1739 1383 1813 μετ’
1422 1744 1640 1798 ἐκείνου
1669 1762 1729 1796 τε
1761 1738 1908 1813 ὠφέ-

294 1823 449 1898 λιμός
483 1827 659 1881 ἐστιν
706 1820 734 1880 ὁ
769 1825 828 1880 δε
858 1822 993 1896 μήτε
1023 1821 1280 1898 ἑωρακῶς
1314 1834 1398 1896 εἴη
1428 1847 1559 1881 ποτε
1588 1822 1773 1897 ὀρθῶς
1805 1821 1908 1881 αὗ-
1929 1847 1971 1879 20

294 1906 397 1980 τὴν
430 1911 603 1981 ἑαυτῇ
632 1911 1018 1965 κοινωνοῦσαν
1047 1904 1167 1981 μετ’
1201 1905 1491 1980 ἄρχοντος,
1523 1904 1610 1964 ἀεὶ
1647 1908 1710 1965 δὲ
1740 1905 1907 1982 ἄναρ-

297 2017 395 2066 χον
424 1989 458 2066 ἢ
489 1991 623 2065 μετὰ
654 1995 841 2048 κακῶν
882 1988 1166 2065 ἀρχόντων
1209 1995 1513 2060 ξυνοῦσαν·
1571 1990 1803 2065 οἰόμεθα
1836 1991 1907 2064 δή

296 2099 428 2134 ποτε
450 2075 576 2143 τούς
599 2074 883 2146 τοιούτους
907 2076 1159 2150 θεωροὺς
1183 2081 1295 2134 τῶν
1317 2076 1583 2135 τοιούτων
1599 2079 1909 2135 κοινωνιῶν

297 2161 535 2236 χρηστόν
563 2186 614 2218 τι
645 2163 832 2229 ψέξειν
862 2155 896 2233 ἢ
929 2164 1311 2232 ἐπαινεῖσθαι;

425 2250 555 2312 Πῶς
589 2244 637 2301 δ’
678 2243 813 2316 biv?
1927 2268 1970 2301 25

425 2333 474 2385 3.
527 2328 609 2386 Οὐ
654 2327 722 2401 δὴ
765 2329 867 2402 χρὴ
898 2332 990 2386 καὶ
1021 2326 1153 2403 παρ’
1198 2325 1332 2431 ἡμῖν
1363 2339 1419 2387 εἴ
1441 2353 1586 2397 τινες
1616 2335 1907 2402 φαίνοιντο

301 2417 426 2485 δίχα
451 2432 759 2486 προστατου
784 2416 875 2470 καὶ
899 2411 1182 2487 ἄρχοντος,
1205 2409 1239 2486 ἢ
1258 2437 1393 2487 μετα
1417 2416 1602 2472 κακῶν
1625 2410 1909 2488 αρχόντων

301 2501 540 2567 δρῶντες
593 2520 733 2553 κακα
781 2499 975 2568 ψέγειν
1027 2496 1086 2555 τὸ
1137 2501 1250 2555 πᾶν
1289 2497 1447 2571 ἡμῶν
1497 2504 1906 2568 διδασκαλεῖον,

299 2585 508 2653 μᾶλλον
563 2581 622 2636 δὲ
674 2577 783 2638 ἀπὸ
826 2584 939 2638 τῶν
978 2580 1164 2655 ὀρθῶς
1204 2581 1506 2655 μετιόντων
1545 2580 1605 2639 τὸ
1646 2581 1907 2653 θεοσεβὲς

302 2671 607 2737 πολίτευμα
630 2663 951 2737 θαυμάζειν.
1927 2688 1966 2722 30

416 2860 440 2898 9
473 2854 781 2910 Σκεψώμεθα
801 2855 876 2911 —]
911 2857 1047 2898 Plato
1069 2858 1182 2911 Leg.
1210 2860 1229 2898 1
1253 2872 1295 2911 p.
1321 2859 1400 2899 639
1426 2872 1466 2901 a.
