2014 3146
561 143 774 184 PRAEP.
804 142 1027 186 EVANG.
1058 144 1186 184 xm.
1219 145 1285 186 15.
1583 181 1594 185 ..
1639 142 1742 194 227

133 259 395 334 δυνάμεις
419 261 511 317 καὶ
533 262 673 317 θεοῦ
696 257 1048 331 λειτουργοὺς
1071 255 1338 331 ἀγγέλους
1353 283 1412 316 τε
1427 261 1519 316 καὶ
1542 255 1742 334 άρχαγ-

129 348 324 418 γέλους
366 342 821 416 ἐπονομάζουσιν·
882 347 941 400 ἐκ
982 344 1043 400 δὲ
1082 346 1178 416 τῆς
1227 342 1440 401 τούτων
1488 342 1742 402 ἀποπτῶ-

129 450 267 497 σεως
299 431 391 486 καὶ
422 432 777 502 παρατροπῆς
817 427 877 484 τὸ
911 426 1191 501 δαιμόνων
1229 430 1387 501 γένος
1418 431 1509 486 καὶ
1540 432 1652 486 πᾶν
1681 427 1743 486 τὸ

127 518 224 587 τῆς
255 517 508 580 ἐναντίας
539 515 630 569 καὶ
653 516 938 586 μοχθηρᾶς
965 516 1243 586 ἐνεργείας
1269 512 1413 579 εἶδος
1440 512 1737 586 εἰσάγουσι.

64 621 85 654 5
131 597 322 671 διόπερ
353 597 487 655 οὐδὲ
509 596 677 663 θεοὺς
711 599 1100 670 ἐπιτρέπουσιν
1130 593 1391 669 ἡγεῖσθαι
1420 597 1547 664 τοὺς
1577 596 1651 672 μὴ
1682 597 1741 655 τὸ
1767 616 1789 651 d

127 681 298 740 καλὸν
339 684 431 740 καὶ
475 681 694 754 ἀγαθὸν
733 678 1040 755 ἀχώριστον
1079 684 1173 753 τῆς
1214 680 1435 754 φύσεως
1478 684 1740 756 ἐπαγομέ-

126 791 279 838 νους,
304 766 443 824 ἀλλὰ
466 769 558 824 καὶ
587 764 646 823 τὸ
680 765 823 823 εἶναι
853 762 920 822 οὐ
951 762 1085 839 παρ’
1120 768 1354 838 ἑαυτῶν,
1384 764 1532 836 παρά
1559 768 1618 824 δὲ
1641 772 1740 824 τοῦ

126 851 353 909 πάντων
393 857 573 908 αἰτίου
614 851 1112 922 ἐπενηνεγμένους,
1154 848 1215 906 τό
1258 873 1317 906 τε
1349 842 1411 907 εὖ
1445 851 1615 923 εἶναι,
1648 854 1741 907 καὶ

125 936 228 1009 τὴν
257 933 488 1008 ἀρετὴν,
522 932 656 992 αὐτό
686 958 745 991 τε
774 933 834 991 τὸ
864 932 1179 1006 ἀθάνατον,
1211 932 1339 992 οὔτε
1368 937 1446 1010 τῷ
1477 937 1567 991 ἐπὶ
1598 934 1742 992 πάν-

64 1046 105 1078 ιο
126 1045 239 1078 των
278 1024 396 1098 θεῷ
438 1015 639 1093 ὁμοίως
678 1017 806 1076 οὔτε
848 1021 927 1094 τῷ
971 1017 1044 1075 δι’
1091 1011 1157 1076 οὗ
1197 1018 1263 1075 τὰ
1293 1017 1472 1076 πάντα
1503 1022 1742 1093 συνέστη

127 1107 574 1178 ἐπιφερομένους.
649 1108 696 1160 3.
729 1102 759 1161 ὁ
802 1105 868 1160 δέ
902 1126 967 1175 γε
996 1102 1237 1162 Πλάτων
1276 1100 1598 1177 ἀσωμάτους
1639 1105 1743 1177 μὲν

126 1192 219 1246 καὶ
250 1187 446 1262 νοητὰς
477 1188 671 1254 οὐσίας
700 1188 795 1255 τὰς
826 1185 1048 1259 λογικάς
1080 1186 1278 1262 φύσεις
1308 1187 1509 1262 ὁμοίως
1525 1187 1740 1262 Ἑβραί-

126 1299 206 1341 οις
251 1273 545 1347 ὑφίστησι,
592 1279 875 1330 διαπίπτει
908 1273 968 1330 δὲ
998 1276 1093 1345 τῆς
1123 1271 1487 1345 ἀκολουθίας,
1519 1278 1740 1346 πρῶτον

125 1383 228 1432 μεν
257 1357 594 1431 άγεννήτους
628 1357 769 1414 εἶναι
800 1356 1034 1430 φάσκων
1066 1381 1265 1430 αυτας,
1278 1375 1482 1455 ωσπερ
1514 1360 1607 1414 καὶ
1638 1362 1738 1414 πᾶ-

64 1467 104 1500 15
127 1465 234 1500 σαν
284 1441 499 1517 ψυχὴν,
554 1449 740 1500 ἔπειτα
794 1445 848 1510 ἐξ
888 1438 1187 1515 άπορροίας
1231 1445 1326 1514 τῆς
1377 1467 1475 1500 του
1515 1441 1738 1544 πρώτου

126 1534 307 1585 αἰτίου
349 1531 618 1600 συστῆναι
657 1528 849 1599 λέγων.
920 1524 1052 1584 οὐδε
1092 1526 1196 1598 γὰρ
1242 1529 1300 1583 ἐκ
1338 1530 1437 1583 τοῦ
1477 1526 1550 1600 μὴ
1582 1551 1738 1594 ουτος
1760 1541 1858 1585 [407]

127 1636 296 1679 αυτας
327 1614 615 1685 γεγονέναι
648 1610 866 1668 διδόναι
895 1609 1166 1682 βούλεται.
1228 1615 1276 1667 4.
1312 1609 1397 1668 διὰ
1428 1614 1520 1668 καὶ
1551 1611 1740 1669 πλειό-

125 1721 242 1753 νων
281 1700 436 1754 θεων
474 1693 800 1754 υποτίθεται
841 1695 984 1753 εἶναι
1015 1698 1201 1768 γένος,
1244 1692 1545 1770 άπορροίας
1586 1721 1740 1764 τινας

126 1783 217 1837 καὶ
263 1779 537 1854 προβολας
577 1783 674 1838 τοῦ
714 1779 936 1855 πρώτου
968 1783 1061 1837 καὶ
1101 1804 1196 1838 του
1248 1782 1515 1855 δευτέρου
1557 1786 1738 1838 αἰτίου

62 1889 104 1922 20
126 1868 200 1942 τῷ
232 1864 379 1942 λόγῳ
418 1864 812 1939 ὑφιστάμενος·
858 1864 1008 1922 εἶναί
1039 1888 1098 1922 τε
1138 1863 1356 1937 ἀγαθάς
1401 1864 1504 1938 τὴν
1543 1863 1736 1939 φύσιν,

123 1948 381 2022 οὐδαμῶς
411 1953 529 2016 οἵας
560 1975 617 2007 τε
646 1953 742 2022 τῆς
773 1955 979 2016 οἰκείας
1011 1953 1268 2022 ἐκστῆναι
1310 1948 1535 2024 ἀρετῆς,
1569 1956 1738 2008 ἔνθεν
1759 1963 1859 2008 (695)-

124 2032 325 2099 αὐτοὺς
356 2036 449 2090 καὶ
480 2033 649 2100 θεοὺς
682 2032 825 2093 εἶναι
857 2033 1080 2103 δοξάζει.
1143 2039 1190 2091 5.
1223 2032 1436 2091 τούτων
1463 2036 1524 2091 δὲ
1547 2038 1737 2144 ἓῐτερον

126 2118 268 2175 εἶναι
298 2117 357 2175 τὸ
390 2117 673 2191 δαιμόνων
702 2123 886 2191 φῦλον
908 2117 1149 2191 ἡγεῖται,
1182 2117 1523 2191 φαυλότητος
1547 2143 1612 2175 ον
1643 2122 1735 2176 καὶ

125 2208 449 2308 μοχθηρίας
473 2204 562 2258 καὶ
602 2205 697 2275 τῆς
742 2204 830 2259 ἐπὶ
869 2202 930 2258 τὸ
970 2215 1156 2275 χεῖρον
1204 2205 1408 2274 τροπῆς
1454 2201 1732 2259 δεκτικόν·

61 2309 103 2342 25
127 2287 206 2342 ὠν
235 2287 363 2352 τοὺς
392 2310 494 2359 μεν
523 2284 801 2358 ἀγαθοὺς,
844 2309 970 2351 τους
1004 2286 1065 2341 δε
1095 2284 1346 2358 φαύλους
1378 2285 1526 2342 εἶναί
1551 2309 1610 2343 τε
1642 2290 1734 2344 καὶ

124 2369 506 2443 ὀνομάζεσθαι.
577 2374 749 2426 ταῦτα
797 2370 857 2426 δε
887 2392 1035 2443 παρα
1067 2394 1133 2426 τα
1157 2368 1431 2442 Εβραίοις
1464 2375 1734 2429 δοκοῦντα

123 2458 321 2512 τοῦτον
349 2450 694 2527 ὑποθέμενος
723 2454 819 2511 τὸν
847 2452 1071 2526 τρόπον,
1103 2451 1205 2510 οὐκ
1228 2452 1573 2513 ἀποδίδωσιν
1602 2454 1732 2513 ὁπό-

125 2549 231 2597 θεν
260 2535 569 2610 ὑποστῆναι
599 2537 772 2610 φάναι
804 2536 946 2603 εἰκὸς
969 2539 1097 2604 τοὺς
1130 2544 1411 2612 δαίμονας.
1467 2545 1512 2596 G.
1551 2544 1608 2596 ἐκ
1631 2541 1734 2612 μὲν

124 2620 228 2696 γὰρ
279 2627 376 2695 τῆς
426 2626 538 2679 τῶν
578 2621 848 2695 σωμάτων
893 2619 1028 2695 ὕλης
1068 2621 1254 2689 οὐδεὶς
1294 2620 1364 2681 ἂν
1406 2627 1544 2680 νοῦν
1590 2631 1735 2696 ἔχων

63 2727 105 2760 30
128 2716 295 2764 εἴποι
353 2705 549 2779 άλογος
579 2731 684 2779 γαρ
717 2705 883 2778 αὕτη·
946 2708 1136 2779 λογικα
1177 2704 1231 2764 δ’
1263 2707 1366 2764 οὐκ
1404 2706 1474 2764 άν
1514 2731 1644 2765 ποτε
1678 2712 1730 2775 ἐξ

127 2789 330 2862 ἀλόγου
360 2798 611 2864 τεχθείη,
644 2793 852 2862 λογικοὶ
879 2792 938 2848 δε
968 2795 1025 2848 οί
1051 2797 1323 2865 δαίμονες.
1379 2798 1427 2848 εἰ
1459 2788 1512 2848 δ’
1548 2796 1606 2848 ἐκ
1636 2797 1730 2864 τῆς
1755 2814 1778 2846 b

128 2878 239 2931 τῶν
277 2874 607 2949 κρειττόνων
648 2874 971 2949 ἀπορροίας
987 2877 1169 2948 οὑτοι,
1210 2878 1300 2934 καὶ
1341 2880 1457 2941 πῶς
1496 2900 1562 2933 ου
1601 2879 1729 2934 θεοὶ

1399 2968 1501 3020 15⁴⁹·
