2014 3146
611 171 826 214 PRAEP.
857 172 1076 213 EVANG.
1109 173 1188 213 XI.
1225 174 1291 212 14.
1683 171 1749 223 31

137 284 500 360 προσλαβών,
547 290 743 361 σκιρτᾷ
773 285 1056 361 ταράττων
1096 285 1274 346 πάντα
1316 285 1453 360 ἅμα,
1494 289 1587 344 καὶ
1616 295 1753 344 πολ-

138 382 252 438 λοῖς
282 373 428 428 τισὶν
458 375 647 439 ἔδοξεν
679 371 830 429 εἷναί
853 396 954 444 τις,
984 370 1120 445 μετὰ
1155 372 1216 428 δὲ
1247 370 1448 446 χρόνον
1478 370 1544 429 οὐ
1571 371 1751 429 πολῦν

136 452 400 529 ῦποσχοόν
438 462 710 529 τιμωρίαν
748 453 815 513 οῦ
854 456 1107 530 μεμπτὴν
1147 460 1212 531 τῇ
1255 461 1412 532 δίκῃ,
1455 456 1655 514 ἑαυτόν
1692 480 1751 514 τε

137 543 232 598 καὶ
263 539 418 598 οἷκον
447 542 540 596 καὶ
571 539 735 597 πόλιν
764 537 944 614 άρδην
974 538 1283 598 ἀνάστατον
1316 537 1597 613 ἐποίησε.”

95 644 115 677 5
261 630 313 725 6.
348 626 534 682 Ταῦτα
556 620 585 681 6
610 623 864 682 Πλάτων.
913 624 984 681 σὺ
1018 627 1084 682 δέ
1110 649 1174 698 γε
1202 628 1278 702 τῷ
1301 621 1369 682 “ὁ
1400 649 1502 698 μεν
1527 624 1596 696 δὴ
1619 624 1752 691 θεὸς

138 705 316 781 ἀρχὴν
354 709 447 764 καὶ
487 706 751 780 τελευτὴν
790 710 882 765 καὶ
921 711 1062 782 μέσα
1101 733 1214 765 των
1262 707 1442 766 ὄντων
1490 705 1752 767 απάντων

138 790 308 866 ἕχων”
337 792 586 864 παράθες
610 790 717 848 ἀπὸ
747 795 843 864 τῆς
861 789 1133 896 Ἑβραίων
1157 798 1498 866 προφητείας
1527 790 1616 849 τὸ
1622 791 1752 865 ’ἐγω

1456 877 1470 898 Χ
1509 872 1539 895 ‘C
1599 874 1613 894 9

134 874 267 942 θεὸς
297 897 538 950 πρωτος,
581 878 675 932 καὶ
707 876 812 948 ε’γω
843 900 979 949 μετα
1009 880 1206 934 ταῦτα
1308 900 1383 934 τω
1418 881 1478 933 δε
1551 883 1749 934 ευθεία
1774 904 1790 926 c

1362 957 1431 980 NH·
1487 959 1499 979 2

138 966 389 1034 περαίνει
419 983 557 1016 κατα
586 958 763 1032 φύσιν
795 959 1282 1036 ἐπιπορευόμενος”
1318 985 1378 1018 το
1442 959 1751 1034 ευθύτητας

75 1067 115 1099 ιο
140 1043 255 1101 εἶδε
295 1042 355 1101 τό
397 1043 698 1115 πρόσωπον
739 1042 927 1104 αὐτοῦ.
937 1043 966 1065 ”
1062 1051 1107 1104 7.
1152 1049 1243 1102 καὶ
1286 1045 1423 1118 πρὸς
1464 1044 1524 1102 τὸ
1547 1043 1660 1102 “n-5
1695 1042 1748 1102 δ’

138 1131 247 1186 αἰεὶ
298 1131 587 1196 ξυνέπεται
635 1134 761 1201 δίκη
803 1133 917 1187 τῶν
956 1129 1410 1203 ἀπολειπομένων
1448 1134 1546 1187 τοῦ
1587 1135 1751 1187 θείου

139 1211 312 1286 νόμου
359 1211 631 1286 τιμωρός”
692 1212 994 1286 σύγκρινον
1032 1213 1093 1272 τὸ
1133 1211 1386 1280 ’(δίκαιος
1427 1212 1617 1289 κύριος
1658 1215 1750 1271 καὶ

145 1295 499 1363 δικαιοσύνας
519 1294 871 1370 ἦγάπησεν·”
919 1300 1011 1355 καὶ
1040 1297 1100 1356 τὸ
1122 1297 1153 1318 “
1166 1301 1283 1372 ἐμοὶ
1310 1302 1608 1371 ἐκδίκησις,
1644 1297 1750 1371 ε’γω

140 1378 544 1454 ἀνταποδώσω,
588 1383 736 1453 λέγει
776 1380 1030 1456 κύριος·”
1092 1385 1184 1439 καὶ
1224 1380 1284 1439 τὸ
1315 1380 1496 1439 “διότι
1537 1387 1751 1449 ἔκδικος

76 1484 117 1518 15
140 1463 359 1538 κύριος,
420 1467 512 1521 καὶ
562 1462 977 1523 ἀνταποδίδωσι
1025 1481 1139 1534 τοῖς
1179 1470 1455 1541 περισσοῖς
1495 1470 1752 1524 ποιοῦσιν

138 1546 588 1623 ὑπερηφανίαν.”
644 1552 723 1627 τῷ
761 1550 824 1607 δὲ
854 1542 957 1622 “ἦς
994 1547 1022 1607 6
1068 1549 1496 1624 εὐδαιμονήσειν
1534 1552 1751 1623 μέλλων

142 1633 396 1707 ἐχόμενος
437 1635 730 1701 ξυνέπεται
768 1633 1024 1702 ταπεινὸς
1064 1632 1503 1708 κεκοσμημένος”
1553 1634 1752 1707 ἑπόμε-

139 1718 241 1776 νόν
283 1721 394 1775 ἐστι
437 1717 497 1774 τὸ
532 1714 747 1776 “ὀπίσω
788 1725 987 1790 κυρίου
1016 1723 1116 1776 τοῦ
1145 1722 1288 1777 θεοῦ
1318 1737 1421 1776 σου
1451 1716 1729 1793 πορεῦσῃῖ
1735 1714 1795 1764 ’d

141 1807 187 1862 8.
221 1826 297 1859 τω
339 1803 399 1859 δὲ
439 1800 508 1859 “ὁ
551 1799 605 1859 δ’
645 1805 897 1875 ἐξαρθεὶς
937 1802 1048 1861 ὑπὸ
1089 1809 1460 1877 μεγαλαυχίας
1499 1808 1754 1860 καταλεί-

695 1884 757 1907 -22
846 1888 858 1907 ἱ
898 1883 961 1907 “Q

76 1910 118 1944 20
141 1909 300 1944 πεται
341 1893 539 1960 ἔρημος
579 1897 719 1944 θεου
803 1911 863 1944 το
937 1912 966 1944 ο
1008 1886 1140 1954 θεὸς
1178 1884 1559 1962 ὑπερηφάνοις
1599 1885 1755 1945 ἀντι-

139 1970 416 2041 τάσσεται,
446 1986 726 2039 ταπεινοῖς
759 1972 821 2028 δε
852 1977 1051 2029 δίδωσι
1082 1971 1268 2046 χάριν·
1258 1971 1308 1998 '”
1359 1970 1479 2028 ual‘
1485 1968 1753 2046 χαρμονὴ

144 2057 205 2113 δὲ·
246 2053 467 2128 ἀσεβῶν
507 2058 702 2129 πτῶμα
748 2055 1042 2124 ἐξαίσιον.”
1134 2063 1309 2114 ταῦτα
1359 2080 1461 2129 μεν
1502 2057 1606 2113 οῦν
1646 2053 1753 2112 ἀπὸ

141 2145 360 2213 μυρίων
399 2139 599 2213 σμικρὰ
639 2142 767 2213 περὶ
805 2146 903 2197 τοῦ
944 2142 1032 2197 ε’πὶ
1069 2139 1296 2197 πάντων
1325 2144 1480 2197 θεοῦ.
1541 2141 1649 2195 θέα
1691 2139 1753 2195 δε

143 2225 234 2280 καὶ
266 2221 332 2279 τὰ
362 2226 489 2296 περὶ
517 2226 619 2280 τοῦ
645 2226 908 2297 δευτέρου
937 2229 1116 2280 αἰτίου
1140 2221 1231 2280 οἶα
1253 2227 1319 2296 τῇ
1346 2227 1565 2297 διανοίᾳ
1592 2228 1748 2279 εἰσίν.

81 2328 122 2362 25
272 2317 390 2366 XIV.
441 2305 520 2363 Τά
558 2308 660 2378 μὲν
702 2305 771 2378 δὴ
807 2308 933 2380 περὶ
964 2310 1064 2364 τοῦ
1093 2306 1316 2380 πρώτου
1346 2310 1458 2363 τῶν
1485 2303 1634 2363 ὅλων
1665 2312 1753 2362 αι’-

143 2396 265 2446 τίου
307 2392 505 2446 τοῦτον
545 2388 681 2463 ἡμῖν
720 2387 1170 2464 άνωμολογήσθω
1210 2390 1308 2449 τὸν
1347 2390 1569 2463 τρόπον.
1634 2393 1749 2447 ἐπί-
1770 2414 1858 2453 (532)

146 2485 344 2541 σκεψαι
391 2473 452 2529 δὲ
492 2475 582 2530 καὶ
624 2473 691 2530 τὰ
729 2477 856 2548 περὶ
899 2479 995 2532 τοῦ
1038 2478 1327 2549 δευτέρου,
1384 2473 1451 2532 ὃν
1495 2473 1563 2546 δὴ
1609 2478 1751 2532 θεοῦ

145 2555 311 2629 λόγον
351 2559 443 2613 καὶ
481 2557 619 2614 θεὸν
661 2561 720 2615 ἐκ
758 2562 900 2616 θεοῦ
930 2559 1073 2617 εἶναι
1101 2584 1167 2617 τα
1190 2559 1465 2633 Εβραίων
1496 2557 1752 2616 παιδεύει

144 2639 330 2714 λόγια,
372 2641 627 2716 καθάπερ
668 2645 760 2700 καὶ
789 2639 946 2717 ἡμεῖς
977 2643 1135 2701 αὐτοὶ
1165 2652 1458 2716 θεολογεῖν
1491 2642 1753 2715 δεδιδάγ-

83 2745 124 2779 30
146 2735 307 2798 μεθα.
368 2730 416 2783 2.
449 2725 478 2783 6
510 2751 612 2799 μεν
642 2720 745 2784 οῦν
775 2732 988 2801 Μωσῆς
1022 2727 1331 2802 διαρρήδην
1364 2726 1466 2784 δύο
1496 2735 1757 2834 θεολογεῖ

147 2817 393 2883 κυρίους,
427 2813 487 2867 ἐν
516 2807 597 2877 οἷς
628 2830 765 2884 φησι
807 2810 922 2869 ‘uoci
953 2815 1139 2887 ἔβρεξε
1169 2811 1356 2887 κύριος
1380 2811 1529 2885 παρὰ
1552 2816 1751 2884 κυρίου

148 2897 259 2967 πῦρ
299 2897 391 2950 καὶ
428 2904 591 2952 θεῖον
631 2898 720 2952 ἐπὶ
758 2897 862 2968 τὴν
899 2921 1012 2953 των
1051 2893 1272 2969 άσεβων
1310 2892 1519 2953 πόλιν·’
1610 2901 1751 2951 ἔνθα
