2014 3146
623 133 836 176 PRAEP.
864 133 1084 178 EVANG.
1112 134 1192 175 XI.
1224 135 1290 175 10.
1702 131 1772 184 25

165 254 510 325 δυναμένου,
553 255 675 307 οιόυ
707 247 1067 322 Πυθαγόρου.
1147 254 1226 306 1Ο.
1238 251 1416 351 λέγει
1446 251 1584 320 γοῦν
1616 246 1772 306 Πλά-

163 360 294 408 των,
334 333 459 409 φέρ’
489 331 835 406 ἀναμνησθῶ
866 337 980 400 πῶς
1012 335 1183 435 λέγει·
1238 329 1334 390 “τί
1357 330 1416 390 τὸ
1447 328 1514 390 ὃν
1543 331 1648 403 ἀεὶ,
1680 335 1773 405 γέ-
1797 347 1819 379 d

165 437 321 477 νεσιν
363 420 423 476 δε
465 415 567 476 οὐκ
608 425 760 491 ἔχον;
807 419 899 474 καὶ
938 423 996 474 τί
1029 416 1088 474 τὸ
1120 415 1415 490 γινόμενον
1445 417 1573 490 μὲν,
1614 411 1679 474 ὂν
1713 418 1771 473 δὲ

162 500 457 572 ούδέποτε;
505 500 564 559 τό
596 503 699 575 μὲν
730 500 797 574 δὴ
829 500 1017 572 νοήσει
1047 501 1182 574 μετὰ
1214 499 1383 573 λόγου
1415 499 1771 574 περιληπτὸν,

120 611 140 644 5
162 587 223 644 τὸ
270 585 324 645 δ’
370 578 444 644 αὖ
494 586 624 660 δόξῃ
677 584 813 659 μετὰ
865 584 1178 657 αἰσθήσεως
1229 584 1433 657 ἀλόγου
1488 581 1770 656 δοξαστὸν,

162 670 458 745 γινόμενον
487 673 580 728 καὶ
609 667 1023 743 ἀπολλύμενον,
1055 669 1226 734 ὅντως
1260 670 1319 725 δὲ
1350 666 1618 726 οὐδέποτε
1649 667 1766 726 ὅν.”

166 760 248 812 11.
292 754 453 830 ἤρετο
492 754 628 828 γὰρ,
678 761 734 810 τί
777 757 891 810 ε’στι
929 748 1048 809 τὸ
1030 749 1124 824 ὂν,
1177 751 1286 826 φὰς
1330 751 1461 809 αὐτὸ
1505 750 1773 824 ἀγένητον

162 838 594 911 ἀναμφιλέκτως.
656 838 877 909 γένεσιν
917 834 1023 917 γάρ
1064 860 1167 894 ουκ
1208 843 1314 939 ἔφη
1347 837 1490 894 εἶναι
1520 842 1595 911 τῷ
1627 834 1769 893 όντι·

163 925 416 998 ἐτρέπετο
446 919 551 996 γὰρ
582 919 678 979 ἄν
725 919 1064 995 τρεπόμενον
1098 921 1158 978 δε
1189 919 1292 977 οὐκ
1322 912 1400 992 ἦν
1424 894 1622 978 ἀΐδιόν.
1633 917 1662 938 ”

101 1033 142 1064 10
296 1010 376 1063 12.
411 1006 548 1063 Εἶτα
578 1002 793 1077 υποβάς
824 1023 998 1077 φησιν

294 1085 406 1148 “Ec
441 1091 544 1163 μὲν
578 1089 645 1162 δὴ
676 1088 736 1146 τὸ
767 1086 832 1146 ὃν
863 1087 1081 1155 πάντως
1119 1087 1297 1160 πάντη
1338 1085 1523 1146 άΐδιόν
1561 1090 1624 1145 τέ
1661 1091 1772 1145 ἐστι

162 1177 254 1231 καὶ
303 1172 574 1247 ἄτρεπτον
625 1175 718 1230 καὶ
767 1172 1025 1246 οὐδαμῶς
1065 1169 1285 1245 οὐδαμῆ
1327 1171 1677 1246 ἐξιστάμενον
1719 1177 1771 1239 ἐξ

165 1260 393 1329 ἑαυτοῦ,
432 1260 585 1331 μένει
618 1258 678 1314 δὲ
709 1257 845 1313 κατὰ
874 1256 940 1314 τὰ
972 1255 1111 1314 αὐτὰ
1142 1259 1234 1313 καὶ
1267 1255 1526 1323 ὡσαύτως
1558 1260 1770 1329 ἕστηκε,

163 1344 324 1399 τοῦτο
367 1339 547 1414 δήπου
587 1338 658 1398 ἂν
699 1351 782 1412 εἴη
824 1340 884 1397 τὸ
923 1344 991 1415 τῇ
1031 1339 1221 1411 νοήσει
1251 1339 1384 1413 μετὰ
1416 1339 1583 1412 λόγου
1613 1363 1773 1414 περι-

101 1449 143 1483 15
165 1423 389 1498 ληπτόν.
455 1430 533 1483 13.
580 1431 629 1481 εἰ
669 1426 730 1482 δὲ
759 1423 818 1481 τὸ
851 1431 1007 1497 σῶμα
1039 1430 1131 1498 ῥεῖ
1157 1427 1248 1480 καὶ
1279 1427 1506 1497 φέρεται
1535 1422 1646 1481 ὑπὸ
1675 1429 1772 1495 τῆς

166 1508 310 1566 εὐθύ
341 1513 673 1582 μεταβολῆς,
716 1505 1115 1582 ἀποδιδράσκει
1155 1510 1247 1564 καὶ
1278 1506 1379 1565 οὐκ
1410 1515 1572 1565 ἔστιν.
1634 1505 1772 1565 ὅθεν
1793 1523 1885 1563 (527)

163 1590 231 1650 ού
263 1591 436 1664 πολλὴ
466 1600 637 1666 μανία
667 1592 741 1666 μὴ
773 1617 839 1649 ου
870 1617 1031 1650 τουτο
1063 1592 1206 1650 εἶναι
1236 1590 1513 1666 ἀόριστον,
1547 1591 1678 1665 δόξη
1713 1593 1772 1648 δε

163 1675 305 1752 μόνῃ
339 1676 628 1778 δοξαστὸν,
662 1679 753 1734 καὶ
786 1701 858 1743 ως
888 1695 1026 1749 φησι
1056 1675 1322 1748 Πλάτων,
1354 1675 1650 1750 γινόμενον
1680 1678 1771 1732 καὶ

163 1759 615 1834 ἆπολλύμενον,’
598 1760 770 1828 όντως
803 1762 864 1818 δε
895 1759 1162 1818 ουδέποτε
1190 1757 1310 1818 ὅν.”

100 1871 142 1904 20
295 1849 374 1902 14.
417 1849 603 1903 Ταῦτα
632 1869 736 1918 μεν
765 1869 870 1902 ουν
899 1844 928 1902 6
961 1844 1312 1918 Νουμήνιος,
1353 1843 1490 1917 ὁμοῦ
1520 1843 1585 1901 τὰ
1616 1843 1772 1902 Πλά-

162 1953 336 1996 τωνος
376 1931 468 1986 καὶ
510 1929 651 1987 πολὺ
692 1928 962 2003 πρότερον
1000 1927 1066 1986 τα
1096 1932 1348 1995 Μωσέως
1389 1931 1478 1986 ἐπὶ
1508 1927 1567 1985 τὸ
1599 1930 1773 2002 σαφέ-

164 2031 361 2087 στερον
405 2013 800 2087 διερμηνεύων.
861 2012 1082 2080 εἰκότως
1114 2017 1251 2086 δῆτα
1285 2019 1360 2080 είς
1392 2010 1561 2070 αὐτὸν
1593 2015 1771 2070 έκεῖνο

162 2097 223 2154 τὸ
263 2096 450 2169 λόγιον
490 2100 873 2172 περιφέρεται,
917 2096 990 2154 δι’
1027 2089 1098 2155 οὗ
1136 2096 1308 2170 φάναι
1349 2095 1769 2169 μνημονεύεται,

163 2187 222 2238 τί
245 2180 351 2254 γάρ
388 2184 501 2238 ἐστι
532 2181 792 2253 Πλάτων,
823 2178 857 2253 ἢ
889 2184 1103 2252 Μωσῆς
1133 2179 1446 2248 ἆττικίζων;

102 2288 143 2321 25
295 2269 374 2321 15.
412 2267 523 2321 Θέα
555 2266 615 2321 δὲ
646 2264 781 2337 πρὸς
811 2262 1024 2330 τούτοις
1057 2269 1107 2321 εἰ
1135 2261 1208 2336 μὴ
1239 2263 1336 2320 τὸν
1360 2262 1608 2335 παρόντα
1632 2269 1771 2320 νοῦν
1797 2285 1819 2316 b

167 2350 256 2404 ε’πὶ
295 2350 465 2404 πλέον
503 2350 594 2403 καὶ
634 2346 662 2404 6
694 2345 1052 2420 Πλούταρχος
1095 2350 1343 2415 ἐξαπλῶν
1382 2348 1670 2421 συντρέχοι
1701 2343 1770 2404 ἂν

164 2444 283 2496 ταῖς
332 2453 392 2487 τε
442 2433 826 2503 προκειμέναις
878 2445 1094 2502 φωναῖς
1143 2455 1256 2489 των
1306 2430 1633 2504 φιλοσόφων
1678 2434 1769 2488 και
1784 2455 1885 2498 [310]

163 2528 281 2580 ταῖς
313 2515 478 2580 αὐθις
498 2513 773 2621 Εβραίων
803 2517 1079 2588 κειμέναις
1112 2518 1172 2572 ἐν
1200 2517 1409 2586 ἑτέραις
1433 2522 1768 2587 θεολογίαις,

167 2596 241 2653 δι’
280 2622 358 2654 ων
397 2599 518 2654 τοτὲ
561 2623 663 2671 μεν
695 2598 970 2671 εἰσάγεται
1000 2590 1178 2671 λέγων
1206 2598 1235 2656 6
1266 2605 1610 2672 χρηματίζων
1638 2597 1770 2664 θεὸς

102 2704 142 2737 30
157 2679 338 2739 “διότι
369 2681 474 2754 ε’γω
506 2682 694 2756 κύριος
723 2682 752 2740 6
783 2682 916 2749 θεὸς
945 2679 1124 2756 υμῶν,
1155 2685 1248 2740 καὶ
1272 2708 1375 2740 ουκ
1398 2681 1726 2756 ἠλλοίωμαι·
1738 2679 1767 2700 ”

168 2769 248 2822 16.
299 2766 419 2823 τοτὲ
459 2763 512 2822 δ’
557 2773 634 2833 εἰς
674 2765 845 2824 αὐτὸν
884 2766 1114 2840 άφορῶν
1153 2767 1182 2824 6
1222 2765 1508 2874 προφήτης
1547 2764 1770 2824 άποτεί-

349 2847 427 2869 “Pl

165 2873 318 2906 νεται
396 2873 479 2906 οτι
520 2848 588 2923 δὴ
628 2850 694 2907 τὰ
732 2875 836 2923 μεν
864 2849 1034 2925 ὁρατα
1065 2850 1244 2908 πάντα
1273 2856 1506 2925 τραπείη
1537 2848 1608 2907 άν
1638 2873 1768 2907 ποτε
