2014 3146
585 121 798 162 PRAEP.
831 120 1053 162 EVANG.
1085 119 1203 163 XIV.
1226 122 1294 163 21.
1326 123 1396 161 2⁵2.
1687 118 1789 170 317

180 242 370 310 ἔτυχε,
413 238 728 309 χρωμένους
768 234 903 309 μήτε
944 235 1010 293 τὰ
1054 233 1210 308 πάθη
1255 234 1790 311 παραλαμβάνοντας

183 323 270 378 ἐπὶ
323 319 425 393 τὴν
475 319 752 393 τάληθοῦς
797 321 1116 393 διάγνωσιν.
1199 317 1232 393 ἢ
1275 318 1464 377 δεινόν
1506 317 1561 393 γ’
1603 316 1673 378 ἂν
1706 328 1789 391 εἰή

182 403 497 478 πεφυκότας
542 403 879 477 ἀνθρώπους
924 403 1154 477 ἡδοναῖς
1199 406 1291 461 καὶ
1337 404 1528 478 πόνοις
1572 401 1789 476 ἀλόγοις

183 491 495 560 ἐπιτρέπειν
534 488 796 562 ἑαυτοὺς,
838 488 1079 562 ἀφέντας
1123 487 1219 546 τὸν
1262 487 1554 547 θειότατον
1598 488 1791 562 κριτὴν

138 599 160 631 5
183 571 378 631 νοῦν.”

316 661 502 716 Ταῦτα
532 656 639 714 ἀπὸ
669 662 780 715 τῶν
807 655 1228 730 Ἀριστοκλέους.

309 753 453 803 XXII.
490 738 675 799 “Kaff
722 747 786 799 ἓν
816 745 1047 798 ἕκαστον
1077 748 1270 798 τοίνυν
1300 747 1413 798 τῶν
1443 743 1613 814 τριῶν
1654 739 1790 813 πρὸς

180 824 282 898 τὴν
323 825 536 898 ἡδονὴν
574 829 667 883 καὶ
705 824 801 883 τὸν
839 832 978 883 νοῦν
1016 831 1311 899 κρίνωμεν.
1375 831 1464 882 δεῖ
1500 822 1604 896 γὰρ
1649 830 1791 881 ι’δεῖν

179 912 391 986 ποτέρῳ
455 913 666 984 μᾶλλον
725 911 982 982 ξυγγενὲς
1045 913 1277 967 ἕκαστον
1340 908 1526 966 αὐτῶν
1587 907 1790 966 ἀπονε-

118 1022 158 1052 ιο
180 997 404 1067 μοῦμεν.

307 1078 561 1147 Κάλλους
603 1081 694 1135 καὶ
735 1075 1000 1151 ἀληθείας
1045 1080 1137 1135 καὶ
1169 1077 1515 1152 μετριότητος
1545 1079 1670 1149 πέρι
1702 1079 1791 1133 λέ-

180 1186 322 1235 γεις;

309 1253 439 1304 Ναί.
502 1251 721 1321 πρῶτον
763 1249 828 1304 δέ
863 1269 926 1319 γε
974 1243 1241 1319 ἀληθείας
1284 1250 1488 1320 λαβοῦ,
1541 1238 1584 1302 ὦ
1624 1245 1791 1318 Πρώ-

179 1355 374 1405 ταρχε,
422 1333 514 1389 καὶ
560 1330 895 1405 λαβόμενος,
941 1333 1149 1403 βλέψας
1196 1337 1273 1398 εἰς
1317 1337 1471 1405 τρία,
1517 1334 1657 1387 νοῦν
1702 1332 1791 1386 καὶ

118 1440 158 1474 15
181 1414 456 1488 ἀλήθειαν
485 1419 578 1474 καὶ
608 1413 847 1489 ἡδονὴν,
891 1415 1069 1474 πολῦν
1100 1415 1341 1490 ἐπισχὼν
1383 1413 1610 1489 χρόνον,
1653 1411 1791 1471 ἆπό-

181 1524 364 1571 κριναι
404 1505 591 1578 σαυτῷ
629 1500 863 1574 πότερον
903 1497 1078 1574 ἡδονὴ
1122 1501 1551 1574 ξυγγενέστερον
1594 1494 1791 1571 ἢνοῦς

181 1583 435 1661 ἀληθείᾳ.

310 1673 357 1726 2.
411 1676 479 1728 Τί
508 1671 568 1727 δὲ
599 1667 802 1743 χρόνου
835 1675 925 1726 δεῖ
933 1696 948 1739 ;
980 1667 1123 1726 πολὺ
1151 1667 1286 1742 γὰρ,
1318 1668 1497 1742 οἶμαι,
1531 1669 1792 1740 διαφέρε-

181 1777 293 1811 τον.
362 1749 536 1826 ἡδονὴ
567 1755 670 1827 μὲν
700 1752 803 1828 γὰρ
835 1752 1097 1810 ἁπάντων
1126 1753 1186 1810 τὸ
1218 1751 1674 1822 ἀλαζονέστατον·
1719 1750 1791 1821 ὡς

120 1862 162 1894 20
185 1838 247 1895 δὲ
278 1837 464 1911 λόγος,
497 1841 590 1895 καὶ
614 1842 675 1895 ἐν
696 1852 816 1905 ταῖς
840 1837 1070 1911 ἡδοναῖς
1092 1852 1211 1905 ταῖς
1235 1840 1359 1910 περὶ
1383 1837 1448 1895 τὰ
1471 1833 1791 1911 ἀφροδίσια,

182 1929 243 1979 αἵ
271 1921 340 1994 δὴ
371 1923 621 1996 μέγισται
653 1927 916 1981 δοκοῦσιν
948 1922 1118 1995 εἶναι,
1150 1924 1242 1980 καὶ
1266 1921 1326 1979 τὸ
1351 1926 1630 1995 ἐπιορκεῖν
1661 1942 1792 1993 συγ-

182 2005 410 2080 γνώμην
461 2015 653 2080 εἴληφε
693 2006 842 2081 παρὰ
891 2010 1075 2079 θεῶν,
1129 2006 1201 2074 ὡς
1263 2005 1520 2079 καθάπερ
1573 2011 1792 2063 παίδων

182 2095 294 2148 τῶν
322 2087 614 2164 ἡδομένων
642 2096 781 2149 νοῦν
811 2088 944 2148 οὐδὲ
981 2090 1078 2149 τὸν
1107 2088 1386 2163 ὀλίγιστον
1416 2092 1790 2163 κεκτημένων’

184 2179 317 2241 νοῦς
372 2176 432 2231 δὲ
483 2173 602 2247 ἤτοι
652 2175 854 2233 ταυτὸν
893 2177 985 2232 καὶ
1025 2172 1262 2247 ἀλήθειά
1305 2177 1455 2233 ε’στιν
1493 2171 1527 2246 ἢ
1567 2173 1792 2230 πάντων

123 2282 165 2316 25
187 2255 509 2346 ὁμοιότατόν
539 2283 597 2316 τε
627 2262 718 2317 καὶ
748 2258 1142 2332 ἀληθέστατον.

313 2348 360 2399 3.
399 2340 621 2401 Οὐκοῦν
642 2341 703 2400 τὸ
727 2342 860 2416 μετὰ
883 2346 1042 2401 τοῦτο
1066 2341 1167 2415 τὴν
1182 2341 1503 2416 μετριότητα
1528 2340 1792 2409 ωσαύτως

186 2430 392 2501 σκέψῃ,
426 2427 660 2534 πότερον
690 2423 867 2500 ἡδονὴ
897 2427 1247 2502 φρόνησεως,
1293 2423 1326 2501 ἢ
1357 2425 1628 2502 φρόνησις
1657 2423 1791 2500 ἡδο-

188 2515 287 2584 νῆς
318 2517 489 2570 πλείω
523 2515 804 2584 κέκτηται;

316 2594 640 2655 Εῦσκεπτόν
683 2620 746 2668 γε
790 2597 881 2653 καὶ
910 2594 1118 2669 ταύτην
1156 2597 1352 2666 σκέψιν
1391 2598 1787 2670 προβέβληκας.

125 2700 167 2736 30
190 2681 338 2754 οἶμαι
379 2679 483 2754 γὰρ
532 2676 736 2753 ἡδονῆς
785 2681 887 2754 μὲν
931 2682 1024 2737 καὶ
1069 2686 1421 2755 περιχαρείας
1466 2678 1636 2738 οὐδὲν
1679 2685 1791 2736 τῶν

302 2875 327 2914 7
359 2867 494 2916 Καθ’
515 2869 571 2916 ἓν
595 2868 792 2915 ἕκαστον
813 2871 886 2926 -]
920 2873 1054 2914 Plato
1078 2874 1255 2914 Phileb.
1278 2887 1321 2927 p.
1343 2875 1412 2915 65.
