2014 3146
661 140 875 182 PRAEP.
907 138 1125 180 EVANG.
1158 139 1237 179 XI.
1271 139 1310 178 6.
1715 136 1778 188 15

169 283 231 331 γε
274 255 446 314 αὐτὸν
475 260 587 314 τῶν
615 261 750 330 τῇδε
782 257 872 312 ἐπὶ
901 253 967 312 τὰ
998 251 1186 328 ἀφανῆ
1216 257 1309 311 καὶ
1337 257 1451 312 των
1479 249 1778 327 ὁρωμένων
1794 271 1885 314 [305]

171 345 424 399 ἐπέκεινα
474 339 738 414 προάγων
789 338 1086 416 εὐθυβόλςο
1136 340 1391 412 κέχρηται
1438 347 1776 414 μετωνυμίᾳ,

173 424 399 499 Οὐκέτι,
450 425 662 499 φήσας,
715 422 1054 496 κληθήσεται
1096 421 1156 480 τὸ
1198 421 1371 496 ὄνομά
1410 441 1512 480 σου
1540 421 1776 495 ’Ἁβραμ,

168 508 306 568 ἄλλα
323 508 570 583 Ἁβραάμ
596 516 746 567 ἔσται
772 507 832 566 τὸ
854 505 1027 580 ὄνομά
1058 527 1179 580 σου,
1210 504 1293 564 ὅτι
1324 509 1532 582 πατέρα
1556 513 1779 565 πολλῶν
1802 518 1825 552 d

124 620 144 652 5
171 599 357 653 ἐθνῶν
387 594 612 652 τέθεικά
643 611 719 650 σε.
785 597 868 649 27.
911 595 1071 650 τοῦτο
1115 588 1167 648 δ’
1200 587 1394 660 ὁποίας
1435 598 1615 665 ἔχεται
1656 597 1780 649 δια-

167 686 322 746 νοίας
362 678 569 751 μακρὸς
610 673 680 734 ἂν
721 685 806 750 εἴη
847 675 1022 748 λόγος.
1085 673 1328 748 ἀπαρκεῖ
1365 677 1425 732 δὲ·
1465 673 1569 732 κάν
1601 675 1777 752 τούτῳ

166 762 263 821 τὸν
293 761 569 820 Πλάτωνα
609 760 862 834 μάρτυρα
903 763 1001 817 τοῦ
1040 759 1208 832 λόγου
1240 762 1627 833 παραθέσθαι,
1669 758 1777 817 ὑπὸ

166 849 450 921 θειοτέρας
492 843 783 919 δυνάμεως
824 851 946 902 ἔνια
989 846 1101 901 τῶν
1147 841 1436 917 ὀνομάτων
1483 854 1778 901 τεθεῖσθαι

166 930 431 1004 φάμενον.
493 932 640 1003 λέγει
672 929 724 987 δ’
761 921 863 987 οὖν
894 927 1081 995 αὐτοῖς
1113 927 1353 1002 ῥήμασιν

103 1040 143 1072 10
293 1020 376 1072 28.
404 1011 864 1072 “Ἐσπουδάσθαι
893 1013 1000 1086 γὰρ
1034 1016 1280 1071 ἐνταῦθα
1311 1012 1545 1086 μάλιστα
1576 1015 1776 1087 πρέπει

164 1099 266 1173 τὴν
303 1102 468 1157 θέσιν
505 1102 617 1156 τῶν
656 1097 965 1171 ὀνομάτων·
1030 1107 1160 1165 ἴσως
1202 1098 1262 1154 δὲ
1303 1104 1424 1155 ἔνια
1465 1094 1654 1154 αὐτῶν
1684 1099 1776 1154 καὶ

165 1180 274 1241 ὑπὸ
342 1186 627 1257 θειοτέρας
688 1181 977 1256 δυνάμεως
1017 1178 1070 1254 ἢ
1129 1186 1224 1255 τῆς
1284 1185 1396 1239 τῶν
1454 1178 1778 1255 ἀνθρώπων

168 1265 467 1339 ἐγενήθη.”
963 1317 986 1335 0

293 1356 375 1408 29.
430 1349 605 1409 Τοῦτό
645 1353 712 1423 γέ
744 1375 827 1408 τοι
858 1348 993 1407 αὐτὸ
1026 1348 1118 1407 δια
1149 1348 1424 1407 πλειόνων
1454 1353 1546 1407 καὶ
1576 1346 1609 1422 ἡ
1640 1347 1773 1421 παρ’

102 1459 142 1491 15
158 1434 430 1538 Ἑβραίοις
463 1435 582 1507 ἱερὰ
624 1438 912 1492 πιστοῦται
952 1433 1167 1507 γραφή·
1228 1433 1442 1508 πρῶτός
1472 1458 1531 1492 τε
1563 1437 1777 1506 Μωσῆς

164 1518 445 1591 ἁπάντων,
478 1516 538 1586 ὃς
571 1522 629 1575 ἐκ
659 1521 945 1591 θειοτέρας
977 1517 1267 1591 δυνάμεως
1298 1517 1393 1574 τὸν
1407 1514 1652 1592 Αβρααμ
1683 1520 1775 1575 καὶ

164 1603 260 1661 τὸν
311 1602 510 1661 τούτου
560 1609 734 1661 παῖδα
785 1601 882 1660 τὸν
922 1599 1103 1661 Ἰσαὰκ
1155 1605 1248 1659 καὶ
1300 1608 1378 1659 ε’τι
1426 1602 1523 1659 τὸν
1562 1599 1776 1676 Ἰσραὴλ

166 1687 560 1761 ἐπωνομάσθαι
602 1690 832 1755 ἐδίδαξε.
896 1687 1074 1760 γέλως
1109 1687 1170 1743 δὲ
1207 1685 1236 1743 ὁ
1261 1684 1444 1744 Ἰσαὰκ
1475 1685 1776 1760 ἑρμηνεύε-
1792 1709 1883 1750 (519)

164 1797 280 1845 ται,
331 1773 392 1830 τὸ
443 1777 538 1845 τῆς
580 1775 843 1846 ἐναρέτου
883 1774 1054 1845 χαρᾶς
1095 1769 1432 1844 ἐπαγόμενος
1472 1772 1773 1844 σύμβολον,

100 1883 141 1916 20
164 1855 235 1928 ἣν
283 1872 397 1923 τοῖς
448 1859 742 1930 θεοφιλέσι
791 1858 954 1930 γέρας
1006 1860 1283 1928 ἐξαίρετον
1331 1854 1533 1913 δώσειν
1572 1854 1600 1912 ὁ
1642 1855 1774 1921 θεὸς

166 1940 507 2014 ἐπήγγελται.
583 1945 666 1998 30.
701 1937 730 1998 ὁ
763 1942 823 1998 δὲ
853 1939 1052 1998 τούτου
1081 1955 1212 2006 παῖς
1238 1937 1452 2014 Ἰσραὴλ
1483 1933 1553 2012 ἦν
1583 1941 1686 2013 μὲν
1715 1938 1774 1996 τὸ

165 2028 300 2100 πρὶν
339 2024 399 2083 τὸ
437 2029 538 2083 τοῦ
570 2023 764 2097 Ἰακώβ
808 2023 982 2098 ὄνομα
1026 2028 1489 2098 ἐπενηνεγμένος,
1540 2023 1664 2083 ἀντὶ
1714 2025 1774 2081 δὲ

164 2115 263 2167 τοῦ
287 2109 482 2182 Ἰακώβ
511 2109 540 2167 ὁ
571 2109 703 2177 θεὸς
735 2107 889 2186 αὐτῷ
917 2108 977 2167 τὸ
1007 2113 1106 2167 τοῦ
1128 2108 1343 2182 Ἰσραὴλ
1373 2109 1547 2180 ὄνομα
1581 2113 1774 2181 δωρεῖ-

164 2218 279 2266 ται,
322 2193 419 2252 τὸν
449 2193 695 2268 ἀσκητὴν
726 2198 818 2251 καὶ
847 2192 1151 2266 πρακτικὸν
1182 2194 1271 2248 ἐπὶ
1301 2191 1397 2248 τὸν
1426 2189 1773 2271 θεωρητικὸν

101 2303 141 2336 25
164 2277 654 2351 μεταστησάμενος.
716 2282 799 2334 31.
833 2275 1159 2349 πτερνιστὴς
1189 2300 1294 2348 γαρ
1324 2274 1353 2332 ὃ
1379 2274 1572 2347 Ἰακώβ
1605 2278 1774 2349 ἑρμη-

166 2361 390 2418 νεύεται
433 2385 505 2428 ως
544 2359 641 2418 τὸν
679 2359 875 2434 ἀρετῆς
908 2362 1164 2418 ἐναθλων
1193 2357 1408 2432 άγωνα
1463 2357 1678 2432 Ἰσραὴλ
1712 2359 1773 2415 δε

165 2443 313 2515 ὅρων
341 2442 506 2515 θεὸν,
550 2440 738 2511 ὁποῖος
768 2442 837 2502 άν
870 2455 954 2517 εἰη
984 2444 1012 2502 ὁ
1044 2444 1344 2517 γνωστικός
1375 2446 1467 2502 καὶ
1498 2454 1771 2516 θεωρητι-
1797 2467 1816 2499 b

166 2527 260 2594 κὸς
293 2531 352 2585 ἐν
382 2527 666 2606 ἀνθρώπῳ
707 2533 854 2597 νοῦς.
926 2533 1008 2586 32.
1051 2535 1109 2586 τί
1142 2553 1210 2602 με
1250 2535 1340 2586 δεῖ
1367 2531 1472 2586 νῦν
1502 2534 1600 2586 τοῦ
1631 2550 1771 2584 παν-

167 2611 345 2685 σόφου
377 2616 627 2679 Μωσέως
671 2610 704 2685 ἢ
745 2616 856 2671 τῶν
895 2610 1029 2683 παρ’
1067 2609 1339 2690 Ἑβραίοις
1370 2615 1534 2684 ίερῶν
1566 2618 1771 2684 λογίων

104 2720 146 2751 30
172 2694 262 2752 διὰ
312 2703 528 2768 μυρίων
576 2694 759 2754 ἄλλων
809 2697 910 2769 τὴν
951 2694 1225 2770 ὀρθότητα
1266 2701 1361 2769 τῆς
1399 2701 1511 2754 τῶν
1550 2703 1771 2753 οἰκείων

284 2891 335 2931 10
356 2882 718 2931 Ἐσπουὸοἱσθαι
751 2888 824 2943 -]
858 2891 995 2931 Plato
1029 2889 1153 2932 Crat.
1187 2903 1228 2942 p,
1263 2891 1396 2931 3971).
