2014 3146
613 135 829 178 PRAEP.
859 135 1080 178 EVANG.
1113 137 1234 177 XIV.
1260 138 1329 181 22.
1668 133 1771 185 319

158 277 280 326 μεν,
314 249 610 325 ἐπιστήμας
641 275 699 309 τε
723 253 814 308 καὶ
839 254 1030 325 τέχνας
1055 253 1146 309 καὶ
1166 250 1326 319 δόξας
1349 249 1526 325 ὀρθὰς
1558 257 1770 324 λεχθεί-

160 357 288 409 σας,
333 334 489 392 ταῦτ’
540 336 681 392 εἶναι
721 334 787 392 τὰ
827 335 962 410 πρὸς
1002 350 1115 402 τοῖς
1145 338 1291 410 τρισὶ
1333 338 1581 409 τέτταρα,
1616 344 1770 409 εἴπερ

161 424 259 479 τοῦ
291 419 511 493 ἀγαθοῦ
545 424 658 477 ἐστι
690 423 899 493 μᾶλλον
930 416 962 493 ἢ
993 423 1089 493 τῆς
1121 419 1325 493 ἡδονῆς
1357 422 1615 492 ξυγγενῆ,

296 503 423 578 Τάχ’
461 502 545 561 ἅν.
1803 536 1819 559 c

117 626 137 657 5
293 608 373 661 ]Ο.
411 604 670 676 Πέμπτας
710 609 903 661 τοίνυν
943 599 1006 669 ἂς
1046 601 1250 675 ἡδονὰς
1291 609 1493 676 ἔθεμεν
1524 600 1772 668 ἀλύπους

159 684 508 761 ὁρισάμενοι,
552 685 802 758 καθαρὰς
843 685 1280 759 ἐπονομάσαντες
1322 691 1417 758 τῆς
1458 690 1637 760 ψυχῆς
1670 683 1772 743 αὕ-

160 775 254 845 τῆς
288 770 611 844 ἐπιστήμας,
643 786 762 837 ταῖς
795 772 857 828 δὲ
888 770 1220 843 αἰσθήσεσιν
1252 773 1535 844 ἑπομένας.

272 854 448 922 Ἴσως.

164 949 245 999 11.
462 943 623 1018 ”Euty
652 943 695 998 δ’
725 948 777 999 ἐν
804 951 972 1018 γενεᾷ,

283 1053 296 1076 x
362 1048 375 1068 ,
546 1050 558 1068 ,

99 1075 139 1107 1⁰
162 1070 336 1124 φησιν
371 1060 622 1125 Ορφευς’
929 1099 1273 1153 καταπαύσατε
1301 1099 1485 1167 κόσμον
1512 1095 1700 1166 ἀοιδῆς,

160 1219 297 1291 ἀτὰρ
328 1219 650 1278 κινδυνεύει
679 1224 771 1278 καὶ
802 1219 830 1278 ὁ
861 1217 1120 1296 ἡμέτερος
1162 1219 1320 1292 λόγος
1353 1224 1413 1277 ἐν
1444 1223 1572 1293 ἕκτῃ
1604 1243 1771 1276 κατα-
1790 1226 1877 1270 [45¹1

161 1308 511 1378 πεπαυμένος
544 1306 686 1362 εἶναι
726 1312 917 1379 κρίσει.
970 1305 1031 1363 τὸ
1067 1307 1128 1363 δὲ
1151 1304 1285 1378 μετὰ
1314 1303 1479 1362 ταῦθ’
1515 1301 1649 1378 ἡμῖν
1679 1302 1771 1360 οὐ·

164 1390 260 1446 δὲν
282 1387 478 1447 λοιπὸν
501 1390 646 1462 πλὴν
671 1387 855 1465 ὥσπερ
879 1389 1128 1464 κεφαλὴν
1151 1388 1461 1447 ἀποδοῦναι
1482 1402 1594 1455 τοῖς
1622 1395 1772 1461 εἰρη-

98 1507 138 1539 15
161 1475 360 1547 μένοις.

293 1556 518 1615 Οὐκοῦν
548 1557 668 1631 χρή.

294 1660 372 1713 12.
392 1654 504 1714 Ἴθι
536 1655 633 1728 δὴ,
664 1655 723 1713 τὸ
754 1663 941 1732 τρίτον
979 1660 1057 1734 τῷ
1086 1663 1290 1730 σωτῆρι
1319 1654 1415 1714 τὸν
1447 1654 1618 1713 αὐτὸν
1650 1660 1771 1712 δια-
1794 1672 1817 1704 d

161 1738 574 1814 μαρτυράμενοι
605 1739 771 1813 λόγον
804 1743 1203 1815 ἐπεξέλθωμεν.

293 1833 471 1882 Ποῖον
502 1823 572 1897 δή
590 1853 603 1896 ;

98 1938 138 1969 ρο
293 1915 536 1982 Φίληβος
559 1905 808 1982 τᾶγαθὸν
832 1917 991 1968 ἔθετο
1013 1908 1147 1984 ἡμῖν
1168 1906 1379 1984 ἡδονὴν
1416 1910 1558 1967 εἶναι
1589 1911 1773 1966 πᾶσαν

163 1994 254 2050 καὶ
286 1998 543 2066 παντελῆ.

298 2077 370 2135 Τὸ
399 2084 615 2150 τρίτον,
657 2071 699 2135 ὦ
730 2077 1052 2152 Σώκρατες,
1095 2076 1167 2144 ὡς
1208 2084 1417 2149 ἔοικας,
1460 2083 1641 2149 ἔλεγες
1670 2075 1771 2149 ἆρ-

162 2168 290 2228 τίως
320 2162 417 2218 τὸν
448 2164 500 2228 ἐξ
531 2159 701 2234 ἀρχῆς
734 2165 1108 2235 ἐπαναλαβεῖν
1139 2168 1260 2219 δεῖν
1291 2162 1470 2234 λόγον.

295 2263 373 2316 13.
419 2266 550 2316 Ναί.
613 2258 672 2316 τὸ
715 2262 781 2316 δέ
822 2285 886 2333 γε
924 2258 1057 2333 μετὰ
1096 2265 1257 2317 τοῦτο
1298 2257 1601 2333 ἀκούωμεν.
1666 2256 1769 2331 ἐγώ

101 2371 142 2404 25
163 2343 269 2418 γὰρ
313 2343 381 2415 δὴ
426 2343 668 2401 κατιδών
697 2367 837 2418 απερ
868 2348 975 2402 νῦν
1006 2343 1343 2417 διελήλυθα,
1378 2346 1469 2401 καὶ
1503 2342 1771 2416 δυσχερα-

165 2453 264 2494 νας
308 2428 405 2484 τὸν
437 2426 686 2501 Φιλήβου
732 2427 897 2501 λόγον
941 2453 1007 2485 ου
1046 2427 1237 2502 μόνον,
1283 2426 1422 2485 αλλα
1463 2431 1555 2485 καὶ
1586 2426 1772 2484 αλλων

166 2510 426 2578 πολλακις
456 2519 701 2586 μυρίων,
746 2512 904 2570 εἷπον
945 2511 1018 2579 ὡς
1056 2510 1261 2587 ἡδονῆς
1298 2537 1362 2586 γε
1391 2516 1524 2579 νοῦς
1557 2521 1641 2585 εἴη
1672 2535 1770 2585 μα-

167 2600 303 2682 κρςό
310 2595 529 2669 βέλτιόν
558 2621 617 2654 τε
649 2599 741 2654 καὶ
771 2595 1000 2671 ἄμεινον
1037 2601 1116 2675 τῷ
1153 2602 1266 2655 τῶν
1297 2595 1616 2671 ἀνθρώπων
1648 2603 1767 2673 βίω.

284 2674 387 2738 ’Hv
417 2705 603 2739 ταυτα.

103 2805 144 2836 30
298 2783 376 2836 14.
404 2776 755 2837 Τποπτεύων
778 2781 844 2837 δέ
861 2804 924 2852 γε
954 2782 1046 2838 καὶ
1069 2779 1208 2838 ἄλλα
1243 2780 1383 2837 εἶναι
1414 2779 1589 2837 πολλὰ
1614 2778 1771 2834 εἶπον

170 2861 271 2936 ὡς,
316 2870 366 2920 εἰ
394 2870 596 2937 φανείη
628 2889 679 2921 τι
717 2862 928 2922 τούτων
956 2861 1166 2938 ἀμφοῖν
1204 2869 1449 2937 βέλτιον,
1488 2864 1629 2937 ὑπὲρ
1660 2865 1771 2919 τῶν
