2014 3146
269 101 339 152 26
949 102 1196 144 EUSEBII

271 219 362 275 καὶ
401 224 805 291 μεταβληθείη,
849 211 918 274 σύ
962 219 1022 274 δὲ
1060 217 1088 275 5
1121 216 1286 286 αὐτὸς
1319 219 1393 292 εἴ,
1434 221 1526 276 καὶ
1555 218 1620 277 τὰ
1651 227 1744 292 ἔτη
1776 223 1880 278 σοῦ

230 334 247 356 c
271 301 373 360 οὐκ
406 298 776 371 ἐκλείψουσι.”
825 301 1019 359 σκόπει
1058 306 1198 374 γοῦν
1229 309 1279 360 εἰ
1315 303 1389 376 μὴ
1421 302 1494 371 ῶς
1526 307 1586 361 ἐν
1617 303 1886 379 προτάσει·

270 390 367 444 τοῦ
398 411 457 444 τε
487 384 635 460 παρὰ
666 394 871 443 Μωσεῖ
906 385 1187 459 φήσαντος
1216 384 1365 459 “ἐγῶ
1397 393 1507 461 εἰμι
1535 383 1564 445 5
1597 385 1739 445 ῶν·”
1787 391 1880 446 καὶ

270 475 367 528 τοῦ
400 467 545 543 “ἐγῶ
576 468 764 543 κύριος
794 469 822 526 5
854 469 985 537 θεὸς
1014 468 1200 543 ὑμῶν,
1243 473 1335 528 καὶ
1373 469 1478 528 οὐκ
1506 469 1876 546 ἠλλοίωμαι·”

271 558 363 611 καὶ
401 557 501 611 τοῦ
531 550 645 611 “σῦ
679 555 740 610 δὲ
769 550 798 611 5
829 553 994 621 αὐτὸς
1026 551 1136 627 εἷ”,
1181 553 1333 623 δόξαι
1364 551 1435 613 ἂν
1463 553 1492 612 5
1527 555 1877 631 Πλούταρχος
1901 580 1921 612 5

273 642 333 696 ἐν
373 662 448 715 τῳ
489 640 634 712 Περὶ
675 641 774 695 τοῦ
816 639 891 696 Εἴ
936 642 1037 696 τοῦ
1077 642 1137 695 ἐν
1181 647 1427 711 Δελφοῖς
1476 637 1578 712 τὴν
1627 639 1880 698 διάνοιαν

272 721 690 796 ε’φερμηνεύειν,
723 721 856 780 τάδε
886 725 1068 796 λέγων
1098 721 1234 796 πρὸς
1265 727 1414 792 λέξιν

222 826 246 857 d
397 818 478 872 X1.
523 803 709 864 “Οὔτε
754 799 856 864 οὖν
894 804 1138 886 ἀριθμὸν
1185 805 1314 864 οὔτε
1359 807 1515 876 τάξιν
1562 805 1690 865 οὕτε
1741 805 1880 865 σύν-

271 897 475 964 δεσμον
513 889 638 948 οὔτε
677 889 811 948 ἄλλο
852 895 963 948 τῶν
1007 894 1247 949 ἐλλιπῶν
1287 899 1499 965 μορίων
1529 889 1698 949 οὐδεν
1727 891 1880 964 οἶμαι

268 974 328 1032 τὸ
382 973 605 1048 γράμμα
657 974 980 1048 σημαίνειν·
1054 971 1179 1034 ἀλλ’
1235 982 1384 1033 ἔστιν
1436 973 1731 1047 αὐτοτελὴς
1782 978 1882 1032 τοῦ
1895 1002 1944 1052 '10

269 1062 408 1116 θεοῦ
448 1058 886 1132 προσαγόρευσις
927 1061 1019 1116 καὶ
1058 1058 1480 1133 προσφώνησις,
1522 1057 1634 1133 ἅμα
1673 1062 1751 1136 τῷ
1780 1058 1882 1132 ῥή-

269 1167 399 1216 ματι
449 1140 546 1200 τὸν
594 1142 984 1216 φθεγγόμενον
1036 1149 1113 1209 εἰς
1163 1148 1385 1202 ἔννοιαν
1426 1145 1740 1201 καθιστᾶσα
1785 1146 1881 1215 τῆς

270 1229 370 1284 τοῦ
406 1231 547 1284 θεοῦ
588 1227 893 1300 δυνάμεως.
983 1232 1031 1284 2.
1074 1226 1103 1284 5
1143 1226 1247 1301 γὰρ
1287 1226 1422 1295 θεὸς
1463 1231 1695 1285 ἕκαστον
1728 1223 1882 1300 ἡμῶν

269 1314 381 1368 τῶν
433 1314 679 1368 ἐνταῦθα
726 1310 1071 1386 προσιόντων
1118 1308 1239 1369 οἷον
1283 1310 1657 1385 ἀσπαζόμενος
1709 1329 1884 1386 προσ-

274 1394 523 1467 αγορεύει
577 1394 647 1452 τὸ
700 1399 928 1467 γνῶθι
975 1395 1265 1468 σαυτὸν,
1325 1394 1355 1453 ὃ
1403 1400 1502 1453 τοῦ
1551 1410 1758 1470 χαῖρε
1811 1394 1944 1467 δὴιε)

272 1477 441 1538 οὐδὲν
479 1478 639 1552 μεῖόν
681 1482 854 1536 ἐστιν·
910 1476 1066 1552 ἡμεῖς
1109 1480 1170 1536 δὲ
1203 1479 1371 1536 πάλιν
1401 1478 1755 1552 ἀμειβόμενοι
1784 1478 1882 1536 τὸν

269 1561 408 1621 θεὸν
460 1563 522 1619 εἶ
567 1587 751 1636 φαμεν
796 1559 869 1629 ῶς
910 1561 1095 1637 αληθῆ
1139 1566 1231 1621 καὶ
1288 1562 1510 1636 ἀψευδῆ
1558 1565 1652 1620 καὶ
1703 1563 1882 1636 μόνην

268 1645 420 1722 μόνῳ
461 1646 854 1720 προσήκουσαν
891 1647 994 1720 τὴν
1033 1672 1131 1705 του
1173 1649 1238 1705 εἷ
1268 1646 1713 1755 προσαγόρευσιν
1742 1669 1884 1705 απο-

270 1728 578 1798 διδόντες.”

159 1829 252 1870 (528)
398 1819 446 1872 3.
486 1811 687 1888 “‘Hmv
725 1815 830 1889 γὰρ
870 1839 1043 1883 οντως
1082 1818 1181 1873 τοῦ
1221 1816 1365 1875 εἶναι
1404 1818 1658 1889 μέτεστιν
1691 1813 1879 1887 ουδεν,
1903 1839 1945 1872 20
2010 1822 2014 1830 '

269 1897 409 1957 ἄλλα
448 1905 595 1956 πᾶσα
634 1899 816 1972 θνητὴ
856 1899 1023 1972 φύσις
1065 1904 1125 1958 ἐν
1163 1903 1313 1977 μέσῳ
1352 1903 1571 1974 φθορας
1601 1902 1694 1956 καὶ
1723 1901 1883 1971 γενέ-

270 2002 409 2050 σεως
451 1985 720 2056 γενομένη
759 1982 952 2057 φάσμα
981 1987 1208 2058 παρέχει
1237 1987 1330 2041 καὶ
1361 1983 1591 2061 δόκησιν
1622 1982 1881 2058 ἀμυδρὰν

271 2069 363 2124 καὶ
393 2065 659 2138 ἀβέβαιον
689 2063 872 2140 αὐτῆς.
926 2072 974 2124 4.
1010 2063 1080 2125 ἂν
1111 2069 1172 2124 δὲ
1201 2066 1304 2140 τὴν
1336 2067 1590 2125 διάνοιαν
1621 2071 1880 2142 ἐπερείσῃ

271 2176 351 2218 τις
407 2153 680 2223 λαβέσθαι
731 2150 1096 2225 βουλόμενος,
1149 2148 1336 2226 ῶσπερ
1387 2149 1420 2225 ἡ
1463 2151 1680 2226 σφοδροὶ
1723 2157 1883 2225 περί-
1965 2201 1968 2203 .

271 2239 458 2308 δραξις
507 2234 708 2302 ὕδατος
758 2239 837 2312 τῷ
888 2237 1092 2305 πιέζειν
1143 2238 1236 2292 καὶ
1286 2242 1363 2303 εἰς
1402 2235 1567 2293 ταυτό
1592 2256 1878 2307 συναγειν
1900 2259 1940 2291 25

271 2321 531 2391 διαρρέον
569 2316 842 2377 απόλλυσι
880 2319 940 2377 τὸ
972 2319 1574 2425 περιλαμβανόμενον,
1591 2317 1735 2376 οὕτω
1766 2322 1879 2376 τῶν

270 2405 542 2475 παθητῶν
591 2404 683 2459 καὶ
724 2407 1082 2476 μεταβλητῶν
1123 2403 1359 2462 ἕκαστον
1398 2403 1500 2478 τὴν
1539 2401 1683 2476 ἄγαν
1725 2405 1880 2476 ε’νέρ-

270 2511 427 2559 γειαν
457 2482 484 2543 5
517 2484 676 2559 λόγος
710 2486 928 2544 διώκων
969 2485 1408 2561 ἆποσφαλλεται,
1451 2492 1518 2563 τῇ
1558 2512 1660 2560 μεν
1702 2493 1781 2553 εἰς
1818 2483 1879 2542 τὸ

230 2590 252 2622 b
275 2570 570 2644 γινόμενον
601 2567 800 2643 αὐτοῦ,
832 2574 898 2644 τῇ
931 2571 992 2627 δὲ
1025 2577 1102 2636 εἰς
1132 2570 1191 2628 τὸ
1222 2569 1616 2643 φθειρόμενον,
1648 2568 1878 2634 οὐδενὸς

271 2657 542 2726 λαβέσθαι
594 2657 883 2727 μένοντος,
938 2652 1071 2711 οὐδὲ
1120 2652 1277 2720 ὄντος
1331 2653 1504 2721 ὅντως
1551 2652 1874 2727 δυνάμενος.
1900 2677 1942 2709 3ο

383 2846 409 2886 5
442 2843 763 2900 Πλούταρχος]
797 2848 908 2890 Mor.
942 2860 983 2900 p.
1015 2848 1089 2888 391
1114 2846 1148 2889 f„
