2014 3146
0 16 171 176 j
274 91 379 143 402
958 93 1203 134 EUSEBII

274 221 506 270 XXXVII.
557 206 730 266 κἈπὸ
761 213 926 266 ποίου
957 207 1178 281 πρώτου
1209 206 1408 282 ἤρξατο
1438 205 1465 267 ὁ
1497 208 1628 277 θεὸς

897 307 1266 366 κοσμοποιεῖν.

405 403 480 454 Οἱ
506 400 732 470 φυσικοὶ
764 396 870 467 ἀπὸ
911 403 1012 470 γῆς
1043 395 1326 470 ἄρξασθαί
1351 419 1489 471 φασι
1529 397 1633 471 τὴν
1662 403 1883 472 γένεσιν

273 485 372 538 τοῦ
403 480 630 556 κόσμου,
664 481 918 556 καθάπερ
943 479 1050 539 ἀπὸ
1081 485 1338 557 κέντρου·
1387 480 1527 556 ἀρχὴ
1562 484 1622 540 δὲ
1643 491 1882 558 σφαίρας

272 565 331 623 τὸ
363 570 607 640 κέντρον.
1924 591 1946 623 5

400 656 446 707 2.
481 649 824 726 Πυθαγόρας
855 649 962 708 ἀπὸ
993 651 1166 725 πυρὸς
1197 653 1289 707 καὶ
1319 655 1418 708 τοῦ
1460 652 1711 725 πέμπτου
1742 670 1883 709 στοι-

274 741 440 807 χειόυ.

400 824 446 876 3.
475 816 843 893 Ἐμπεδοκλῆς
882 818 978 876 τὸν
1021 819 1124 892 μὲι
1166 821 1367 894 αἰθέρα
1408 823 1628 923 πρῶτον
1670 825 1885 894 διακρι-

271 907 471 1003 θῆναι,
515 902 778 976 δεύτερον
819 904 878 960 δὲ
916 901 975 959 τὸ
1017 907 1158 975 πῦρ,
1203 903 1287 976 ἐφ’
1340 929 1379 981 ω
1411 905 1513 976 τὴν
1554 909 1691 977 γῆν,
1736 907 1787 972 ἐξ
1820 905 1884 975 ἧς

271 986 414 1060 άγαν
445 990 946 1062 περισφιγγομένης
975 991 1041 1062 τῇ
1074 986 1219 1062 ρῦμῃ
1251 990 1345 1060 τῆς
1369 995 1609 1095 σφαίρας
1639 986 1881 1061 ἀναβλύ-
1905 1012 1948 1043 10

273 1092 365 1129 σαι
395 1070 454 1129 τὸ
484 1071 671 1144 ὕδωρ,
707 1076 759 1139 ἐξ
791 1097 856 1130 ου
889 1075 1243 1144 θυμιαθῆναι
1272 1071 1369 1129 τὸν
1398 1071 1559 1148 ἀέρα
1603 1076 1694 1129 καὶ
1725 1074 1883 1144 γενέ-

273 1167 408 1213 σθαι
448 1155 545 1213 τὸν
583 1157 686 1229 μὲν
716 1154 958 1227 οὐρανὸν
991 1158 1048 1212 ἐκ
1079 1162 1175 1213 τοῦ
1207 1159 1461 1229 αἰθέρος,
1504 1156 1602 1214 τὸν
1634 1158 1694 1213 δὲ
1723 1155 1882 1228 ἥλιον

273 1244 331 1297 ἐκ
345 1244 442 1298 τοῦ
463 1239 635 1314 πυρός
651 1257 661 1266 ·
703 1244 1012 1313 πιληθῆναι
1038 1241 1098 1297 δὲ
1114 1243 1172 1297 ἐκ
1193 1243 1305 1298 τῶν
1320 1239 1504 1299 ἄλλων
1524 1241 1589 1298 τὰ
1614 1247 1879 1314 περίγεια.

227 1350 247 1380 α
398 1330 446 1381 4.
481 1323 721 1383 Πλάτων
760 1323 960 1399 ὁρατὸν
1013 1324 1111 1382 τὸν
1150 1323 1356 1398 κόσμον
1406 1328 1695 1399 γεγονέναι
1747 1323 1882 1398 πρὸς

269 1407 619 1482 παράδειγμα
648 1413 747 1466 τοῦ
778 1412 979 1482 νοητοῦ
1007 1407 1246 1482 κόσμου·
1288 1413 1389 1466 τοῦ
1419 1411 1479 1467 δὲ
1509 1409 1712 1484 ὁρατοῦ
1743 1432 1881 1483 προ-
1905 1431 1945 1464 15

270 1496 435 1566 τέραν
474 1495 577 1567 μὲν
616 1493 719 1566 τὴν
749 1492 967 1566 ψυχὴν,
999 1492 1133 1566 μετά
1165 1494 1228 1551 δὲ
1258 1492 1466 1567 ταύτην
1495 1493 1555 1551 τὸ
1580 1514 1882 1567 σωματοει-

271 1580 389 1649 δὲς,
422 1578 481 1634 τὸ
516 1581 574 1635 ἐκ
605 1577 777 1652 πυρὸς
809 1579 911 1651 μὲν
941 1580 1033 1635 καὶ
1066 1581 1164 1650 γῆς
1195 1581 1433 1651 πρῶτον,
1464 1577 1666 1646 ὕδατος
1698 1578 1760 1635 δὲ
1791 1579 1883 1635 καὶ

270 1659 427 1735 ἀέρος
462 1661 739 1737 δεύτερον.

396 1751 444 1802 ἵ).
479 1745 821 1818 Πυθαγόρας
864 1748 1026 1804 πέντε
1068 1745 1362 1820 σχημάτων
1401 1744 1581 1804 ὅντων
1619 1749 1878 1821 στερεῶν,

270 1828 409 1903 ἅπερ
454 1838 700 1887 καλεῖται
741 1831 831 1886 καὶ
881 1829 1264 1903 μαθηματικὰ,
1316 1833 1374 1886 ἐκ
1412 1831 1514 1903 μὲν
1557 1834 1656 1886 τοῦ
1699 1828 1877 1901 κύβου
1900 1859 1942 1892 20

270 1916 407 1987 φησὶ
450 1916 738 1987 γεγονέναι
780 1914 882 1986 τὴν
924 1917 1051 1986 γῆν·
1123 1917 1181 1971 ἐκ
1225 1915 1283 1971 δὲ
1324 1918 1419 1986 τῆς
1460 1919 1769 1988 πυραμίδος
1819 1911 1879 1970 τὸ

270 2002 411 2071 πῦρ·
449 2002 506 2055 ἐκ
539 2000 599 2055 δὲ
629 2001 729 2056 τοῦ
757 1996 1059 2071 ὀκταέδρου
1090 1996 1186 2055 τὸν
1216 1994 1376 2073 ἀέρα·
1423 2001 1481 2054 ἐκ
1513 1999 1573 2055 δὲ
1603 2002 1701 2055 τοῦ
1734 2004 1879 2055 εἰκο-

272 2085 512 2155 σαέδρου
553 2083 612 2140 τὸ
646 2082 827 2157 ὕδωρ·
877 2086 936 2140 ἐκ
971 2083 1030 2140 δὲ
1075 2086 1177 2140 τοῦ
1222 2085 1611 2156 δωδεκαέδρου
1651 2079 1754 2154 τὴν
1784 2085 1881 2140 τοῦ

272 2167 475 2234 παντὸς
507 2182 769 2239 σφαῖραν.

397 2257 443 2308 6.
477 2250 716 2310 Πλάτων
748 2252 808 2308 δὲ
839 2253 930 2308 καὶ
964 2254 1023 2308 ἐν
1053 2250 1263 2317 τούτοις
1293 2247 1709 2324 πυθαγορίζει.”
1898 2278 1941 2311 25

269 2390 399 2437 XXX
410 2390 521 2438 VIII.
734 2374 915 2449 “Περὶ
945 2376 1144 2445 τάξεως
1175 2375 1398 2450 κόσμου.

398 2489 751 2556 Παρμενίδης
777 2482 1053 2555 στεφάνας
1079 2483 1221 2540 εἶναι
1243 2482 1752 2555 περιπεπλεγμένας
1785 2479 1869 2537 ἐπ’

157 2585 249 2624 (844)
268 2561 560 2639 ἀλλήλαις,
594 2567 694 2640 τὴν
725 2568 826 2639 μὲν
859 2570 917 2623 ἐκ
946 2570 1047 2624 τοῦ
1075 2564 1291 2640 ἀραιοῦ,
1323 2564 1425 2638 τὴν
1457 2566 1516 2622 δὲ
1549 2568 1607 2622 ἐκ
1636 2568 1734 2622 τοῦ
1767 2586 1876 2621 πυ-

269 2655 430 2708 κνοῦ·
465 2650 654 2724 μικτὰς
687 2651 749 2708 δὲ
779 2650 946 2718 ἄλλας
980 2654 1038 2708 ἐκ
1077 2650 1258 2724 φωτὸς
1290 2652 1382 2707 καὶ
1412 2648 1641 2715 σκότους
1670 2645 1873 2721 μεταξὺ

269 2734 500 2793 τούτων·
548 2737 638 2791 καὶ
669 2759 727 2792 το
759 2737 1013 2808 περιέχον
1046 2737 1105 2792 δὲ
1136 2733 1314 2801 πάσας
1345 2739 1529 2807 τοίχου
1561 2739 1724 2805 δίκην
1755 2753 1870 2790 στε-
1896 2759 1937 2790 30

267 2819 395 2894 ρεὸν
422 2817 687 2894 ὑπάρχον.
