2014 3146
567 108 783 150 PRAEP.
815 108 1033 150 EVANG.
1065 109 1165 153 XV.
1193 111 1374 152 14-16.
1667 109 1766 160 371

157 232 407 292 πολίταις
439 222 719 298 σύστημα,
760 222 904 281 οὕτω
946 226 1036 281 καὶ
1078 223 1106 282 ὁ
1149 222 1348 298 κόσμος
1399 228 1571 283 οἱονεὶ
1611 225 1768 293 πόλις

160 311 309 366 ἐστὶν
353 313 413 366 ἐκ
451 315 607 366 θεῶν
646 311 736 365 καὶ
776 307 1098 383 ἀνθρώπων
1128 313 1479 381 συνεστῶσα,
1521 314 1635 368 τῶν
1664 312 1767 383 μὲν

155 399 310 451 θεῶν
354 391 457 465 τὴν
501 389 804 466 ἡγεμονίαν
859 392 1124 466 ἐχόντων,
1180 397 1292 451 τῶν
1340 395 1399 451 δὲ
1444 391 1767 468 ἀνθρώπων

155 477 630 550 ὑποτεταγμένων.
691 482 739 534 5.
773 484 1073 535 κοινωνίαν
1107 475 1162 534 δ’
1195 475 1470 553 ὑπάρχειν
1501 477 1637 553 πρὸς
1667 478 1767 536 ἆλ-

111 586 131 618 5
156 560 384 634 λη’λους,
419 562 510 619 διὰ
540 555 599 619 τὸ
631 561 798 635 λόγου
828 565 1105 636 μετέχειν,
1137 562 1196 631 ὅς
1230 567 1342 620 ἐστι
1373 561 1541 636 φύσει
1571 562 1763 637 νόμος·

154 644 219 703 τὰ
254 644 308 703 δ’
342 645 481 703 ἄλλα
512 645 691 703 πάντα
722 649 1009 719 γεγονέναι
1039 646 1253 704 τούτων
1285 651 1459 705 ἕνεκα.
1511 645 1604 714 οἷς
1635 646 1766 706 ἀκο-

154 729 376 799 λούθως
414 735 703 804 νομιστέον
742 746 1005 806 προνοεῖν
1045 735 1158 788 τῶν
1201 731 1524 806 ἀνθρώπων
1562 732 1660 790 τὸν
1699 732 1765 790 τὰ

152 813 252 873 ὅλα
287 818 601 873 διοικοῦντα
641 814 810 888 θεὸν,
853 812 1199 889 εὐεργετικὸν
1240 813 1373 873 ὄντα
1404 819 1495 873 καὶ
1527 816 1764 890 χρηστὸν
1782 843 1876 884 (818)

154 902 245 956 καὶ
276 899 711 974 φιλάνθρωπον,
758 898 976 957 δίκαιόν
1015 924 1074 958 τε
1105 902 1196 957 καὶ
1228 899 1408 967 πάσας
1442 906 1635 974 ἔχοντα
1668 902 1763 968 τὰς

86 1009 127 1040 10
152 981 363 1057 ἀρετάς.
426 989 473 1043 6.
509 987 594 1041 διὸ
627 982 695 1055 δὴ
728 987 819 1041 καὶ
849 983 990 1050 Ζεὺς
1022 983 1287 1058 λέγεταιὸ
1319 983 1540 1058 κόσμος,
1573 985 1764 1058 ἐπειδὴ

150 1072 249 1126 τοῦ
293 1073 389 1142 ζῆν
430 1078 601 1135 αἴτιος
651 1067 785 1142 ἡμῖν
828 1071 957 1127 ἐστί,
1041 1068 1170 1127 καθ’
1217 1066 1352 1126 ὅσον
1396 1071 1455 1127 δὲ
1496 1073 1762 1149 εἰρομένῳ

151 1152 296 1230 λόγῳ
337 1152 516 1211 πάντα
570 1159 770 1211 διοικεῖ
805 1152 1175 1226 ἀπαραβάτως
1228 1157 1280 1222 ἐξ
1326 1151 1514 1212 οἷῖδιόυ
1558 1174 1764 1229 προσο-

149 1232 484 1311 νομᾶζεσθαι
525 1241 885 1312 εἱμαρμένην·
934 1237 1296 1313 Ἀδράστειαν
1340 1240 1430 1310 δὲ,
1471 1236 1554 1296 ὅτι
1594 1236 1763 1297 οὐδὲν

149 1329 299 1380 ἔστιν
339 1321 510 1380 αὐτὸν
549 1320 1004 1398 ἀποδιδράσκειν·
1061 1322 1347 1398 Πρόνοιαν
1388 1321 1465 1395 δ’,
1505 1323 1589 1381 ὅτι
1628 1323 1762 1398 πρὸς

86 1429 126 1462 15
148 1407 208 1464 τὸ
239 1407 510 1482 χρήσιμον
539 1414 823 1481 οἰκονομεῖ
849 1411 1066 1466 ἕκαστα.
1131 1413 1176 1465 7.
1211 1404 1541 1481 ἡγεμονικὸν
1574 1409 1634 1465 δὲ
1665 1414 1763 1467 τοῦ

149 1490 357 1565 κόσμου
388 1491 672 1550 Κλεάνθει
711 1493 815 1566 μὲν
842 1490 1009 1566 ἤρεσε
1048 1486 1145 1550 τὸν
1175 1490 1333 1566 ἥλιον
1366 1492 1536 1566 εἶναι,
1580 1493 1671 1550 διὰ
1701 1492 1760 1551 τὸ

149 1578 407 1649 μέγιστον
445 1581 558 1634 τῶν
598 1574 817 1650 ἄστρων
858 1575 1156 1651 ὑπάρχειν,
1209 1579 1299 1634 καὶ
1341 1585 1574 1635 πλεῖστα
1618 1598 1758 1651 συμ-

149 1660 458 1732 βάλλεσθαι
490 1661 624 1735 πρὸς
654 1660 756 1734 τὴν
785 1665 897 1719 τῶν
927 1660 1073 1719 ὅλων
1097 1668 1394 1735 διοίκησιν,
1426 1659 1638 1735 ἡμέραν
1669 1666 1760 1720 καὶ
1779 1686 1868 1729 [478]

149 1743 405 1803 ἐνιαυτὸν
435 1749 700 1823 ποιοῦντα
745 1749 837 1802 καὶ
881 1744 978 1812 τὰς
1019 1745 1188 1813 ἄλλας
1231 1746 1390 1821 ὥρας.
1468 1752 1515 1804 8.
1550 1750 1659 1804 τισὶ
1700 1749 1760 1805 δὲ
1786 1767 1807 1799 b

84 1853 125 1884 20
148 1833 260 1887 των
290 1827 398 1886 ἀπὸ
428 1836 524 1903 τῆς
556 1833 819 1903 αἱρέσεως
850 1834 1003 1899 ἔδοξε
1034 1835 1141 1903 γῆν
1170 1832 1230 1888 τὸ
1254 1830 1586 1904 ἡγεμονικὸν
1618 1832 1760 1890 εἶναι

148 1918 244 1971 τοῦ
275 1912 499 1988 κόσμου.
571 1921 886 1992 Χρυσίππῳ
919 1916 981 1972 δὲ
1011 1913 1107 1973 τὸν
1138 1919 1339 1992 αἰθέρα
1369 1915 1466 1973 τὸν
1496 1916 1760 1991 καθαρώ-

147 2022 310 2055 τατον
333 2002 423 2056 καὶ
450 2002 940 2072 εἰλικρινέστατον,
973 1996 1067 2058 ἅτε
1091 1999 1316 2059 πάντων
1340 1998 1760 2073 εὖκινητότατον

147 2081 307 2154 ὄντα,
351 2085 441 2139 καὶ
471 2081 574 2154 τὴν
612 2079 748 2155 ὅλην
778 2083 1112 2156 περιάγοντα
1149 2088 1247 2141 τοῦ
1279 2083 1487 2157 κόσμου
1518 2084 1714 2158 φοράν.
1727 2082 1754 2102 ”

276 2172 322 2223 9.
367 2169 549 2223 Ταῦτα
579 2168 680 2240 μὲν
711 2158 815 2224 οὖν
845 2165 950 2224 ἀπὸ
982 2172 1077 2239 τῆς
1104 2165 1390 2241 Ἐπιτομῆς
1414 2167 1632 2242 Ἀρείου
1657 2179 1756 2226 Δι-

84 2274 124 2306 25
150 2250 330 2324 δύμου
362 2257 707 2325 προκείσθω·
749 2249 884 2324 πρὸς
909 2253 970 2309 δὲ
992 2251 1094 2324 τὴν
1124 2255 1250 2324 περὶ
1281 2257 1421 2309 θεοῦ
1446 2257 1558 2310 τῶν
1581 2263 1757 2311 Στωϊ-

147 2342 262 2392 κῶν
287 2334 453 2404 δόξαν
476 2333 720 2408 ἀπαρκεῖ
739 2338 1100 2409 παραθέσθαι
1122 2335 1217 2403 τὰς
1235 2343 1567 2412 Πορφυρίου
1587 2340 1757 2406 λέξεις

149 2423 208 2476 ἐν
230 2435 344 2485 τοῖς
368 2419 504 2493 πρὸς
526 2418 752 2492 Βόηθον
774 2418 1197 2495 ἆντιγραφεῖσιν
1227 2419 1377 2499 αὐτῷ
1405 2425 1547 2497 Περὶ
1577 2426 1757 2496 ψυχῆς

147 2506 342 2562 τοῦτον
374 2504 604 2577 ἐχούσας
634 2503 732 2561 τὸν
761 2503 967 2578 τρόπον

275 2599 392 2649 XVI.
437 2584 468 2609 “
485 2587 593 2646 Τὸν
637 2589 697 2644 δὲ
740 2587 880 2646 θεὸν
910 2588 1014 2646 οὐκ
1043 2586 1274 2647 ὀκνοῦσι
1304 2595 1416 2664 πῦρ
1446 2589 1644 2664 νοερὸν
1676 2598 1755 2647 εί-
1779 2626 1795 2648 c

84 2696 124 2727 30
149 2671 343 2739 πάντες
373 2671 556 2730 ἀΐδιον
587 2679 969 2746 καταλείπειν,
1010 2676 1100 2731 καὶ
1142 2681 1404 2749 φθείρειν
1443 2677 1546 2748 μὲν
1576 2674 1754 2732 πάντα
1781 2700 1803 2732 «ι

149 2759 330 2829 λέγειν
360 2760 451 2814 καὶ
485 2761 871 2830 ἐπινέμεσθαι,
914 2754 986 2824 ὦς
1027 2762 1278 2817 τοιοῦτον
1306 2756 1373 2817 ὂν
1402 2763 1513 2833 πῦρ
1544 2755 1663 2816 οἷον
1693 2757 1752 2815 τὸ

147 2837 280 2913 ἡμῖν
310 2844 772 2916 συνεγνωσμένον
788 2887 804 2916 ,
849 2840 1155 2916 ἀντιλέγειν
1186 2867 1243 2900 τε
1273 2847 1347 2920 τῷ
1371 2842 1750 2918 Ἀριστοτέλει,

1344 2937 1453 2987 24*
