2014 3146
291 102 357 154 96
970 101 1217 144 EUSEBII

289 216 534 291 γυμνούς
564 240 623 274 τε
654 216 795 274 εἶναι
824 219 920 288 τῆς
949 215 1084 289 μετὰ
1106 219 1278 274 ταῦτα
1301 223 1625 291 περιβολῆς,
1659 217 1899 276 ἐπάκου-

291 322 392 360 σον
419 305 518 359 τοῦ
548 298 860 374 φιλοσόφου
898 302 1196 373 μονονουχὶ
1234 298 1375 358 αὐτὰ
1408 299 1474 375 δὴ
1515 305 1689 359 ταῦτα
1712 301 1897 375 Ἐλλη-

247 411 270 443 b
291 388 419 460 νικῇ
447 389 513 459 τῇ
544 387 708 457 φωνῇ
739 382 1214 458 διερμηνεύοντος.
1276 387 1422 457 λέγει
1455 383 1505 442 δ’
1542 378 1645 443 οὖν

415 473 465 525 2.
504 466 681 536 “Θεός
713 473 907 540 ἔνεμεν
930 466 1131 535 αὐτοὺς
1163 467 1328 535 αὐτὸς
1353 471 1687 543 ἐπιστατῶν,
1720 470 1900 529 καθά-

289 576 392 625 περ
423 555 530 610 νῦν
558 550 879 625 ἅνθρωποι,
923 556 1060 628 ζῷον
1090 548 1155 610 ὂν
1197 555 1386 626 ἕτερον
1414 551 1730 627 θειότερον,
1761 553 1899 612 ἄλλα
1923 574 1941 606 5

292 639 425 710 γένη
455 635 773 710 φαυλότερα
804 635 991 694 αὐτῶν
999 635 1336 737 ‘’voumJovffl.
1381 638 1641 710 νέμοντος
1668 635 1722 695 δ’
1759 642 1901 697 ἐκεί-

291 745 395 778 νου
439 727 715 778 πολιτεῖαί
747 744 806 778 τε
845 719 948 778 οὐκ
987 721 1133 792 ἦσαν
1169 717 1302 778 οὐδὲ
1352 720 1569 793 κτήσεις
1616 746 1901 794 γυναικων

292 807 383 863 καὶ
414 810 658 862 παίδων·
712 801 800 883 (ἐκ
838 809 938 878 γῆς
978 803 1082 878 γὰρ
1113 803 1520 876 ἀνεβιώσκοντο
1551 805 1772 878 πάντες,
1804 803 1902 864 ού-

295 890 391 946 δὲν
420 891 756 962 μεμνημένοι
786 892 899 946 τῶν
929 887 1180 963 πρόσθεν
1199 888 1236 962 ·)
1282 887 1421 946 ἀλλά
1449 889 1515 946 τὰ
1545 890 1648 963 μὲν
1677 893 1901 948 τοιαῦτα

291 970 441 1045 ἀπῆν
470 971 669 1046 πάντα,
702 972 948 1046 καρποὺς
981 974 1041 1030 δὲ
1071 970 1361 1047 ἀφθόνους
1383 974 1531 1046 εἶχον
1554 973 1661 1031 ἀπό
1683 997 1742 1031 τε
1774 978 1902 1032 δέν-
1925 994 1964 1026 10

242 1079 258 1101 0
292 1063 444 1130 δρων
474 1059 566 1114 καὶ
597 1061 802 1130 πολλῆς
831 1056 988 1131 ὕλης,
1019 1056 1123 1131 οὐχ
1141 1056 1250 1115 ὑπὸ
1274 1063 1543 1131 γεωργίας
1565 1062 1900 1131 φυομένους,

290 1138 415 1198 ἀλλ’
449 1138 756 1215 αὖτομάτης
787 1138 1162 1214 ἀναδιδούσης
1191 1145 1287 1214 τῆς
1316 1148 1432 1215 γῆς.
1485 1145 1686 1215 γυμνοὶ
1719 1143 1780 1200 δὲ
1810 1146 1902 1199 καὶ

292 1223 589 1300 ἅστρωτοι,
622 1230 1043 1300 θυραυλοῦντες
1073 1224 1139 1282 τά
1171 1224 1346 1283 πολλοὶ
1378 1228 1650 1299 ἐνέμοντο.
1704 1225 1766 1284 τὸ
1796 1226 1901 1300 γὰρ

289 1314 401 1367 τῶν
433 1308 594 1384 ὡρῶν
625 1306 814 1376 αὐτοῖς
835 1307 1052 1368 ἄλυπον
1077 1312 1354 1384 ἐκέκρατο,
1385 1308 1632 1383 μαλακὰς
1655 1311 1715 1368 δὲ
1738 1308 1902 1378 εὐνὰς

291 1395 468 1466 εἶχον,
509 1392 900 1467 ἀναφυομένης
942 1397 1000 1451 ἐκ
1039 1399 1142 1468 γῆς
1181 1393 1318 1461 πόας
1358 1391 1633 1468 ἀφθόνου.
1703 1393 1800 1452 τὸν
1831 1395 1899 1468 δὴ
1924 1414 1964 1446 15

291 1484 435 1550 βίον,
469 1470 510 1534 ὦ
525 1477 857 1579 Σωκρατες,
890 1475 1110 1546 ἀκούεις
1140 1479 1242 1552 μὲν
1272 1478 1369 1536 τὸν
1398 1482 1511 1536 τῶν
1535 1481 1623 1536 ἐπὶ
1646 1478 1899 1553 Κρόνου·

289 1561 451 1619 τόνδε
484 1558 538 1618 δ’
545 1586 666 1634 ω,ς
705 1562 864 1634 λόγος
897 1565 987 1619 ἐπὶ
1019 1562 1154 1630 Διὸς
1195 1562 1366 1634 εἶναι,
1409 1561 1506 1621 τὸν
1535 1567 1672 1634 νῦν,
1704 1564 1900 1636 παρεὸν

291 1643 458 1711 αὐτὸς
490 1643 793 1719 ἤσθησαιῗ

244 1753 265 1784 d
417 1740 534 1789 le.
576 1728 761 1787 Πάλιν
789 1731 1039 1797 Μωσέως
1060 1729 1483 1804 ἀναγράψαντος
1513 1717 1594 1787 ὅτι
1624 1723 1694 1802 ἦν
1715 1730 1743 1787 6
1774 1729 1899 1804 ὄφις

290 1812 699 1913 φρονιμώτερος
738 1814 965 1872 πάντων
1003 1839 1115 1872 των
1153 1822 1400 1890 θηρίων,
1441 1813 1532 1872 οἱοὶ
1572 1837 1632 1871 τε
1672 1814 1827 1872 εἰπεν
1868 1814 1897 1872 6
1921 1833 1963 1866 20

290 1894 415 1970 ὄφις
446 1899 513 1971 τῆ
542 1900 765 1970 γυναικὶ
797 1901 888 1955 καὶ
927 1897 960 1970 ἡ
993 1898 1136 1970 γυνὴ
1165 1923 1241 1956 τω
1271 1897 1414 1972 ὄφει,
1447 1901 1539 1956 καὶ
1558 1923 1652 1965 τας
1683 1897 1896 1972 ὁμιλίας

290 1983 390 2038 τοῦ
429 1979 608 2052 ὄφεως
651 1985 982 2055 ἐκθεμένου,
1034 1978 1062 2039 6
1105 1981 1344 2040 Πλάτων
1395 1980 1484 2040 οἷα
1522 1982 1725 2056 γράφει
1765 1982 1898 2040 ἐπά-

291 2083 497 2122 κουσον

417 2154 464 2205 2.
506 2144 616 2207 “Ec
652 2150 756 2222 μὲν
785 2155 979 2207 τοίνυν
1018 2154 1072 2207 οἱ
1107 2149 1363 2224 τρόφιμοι
1393 2153 1493 2208 τοῦ
1522 2148 1763 2222 Κρόνου,
1795 2173 1896 2207 πα-

291 2231 495 2305 ρούσης
545 2232 732 2300 αὐτοῖς
779 2232 923 2291 οὕτω
972 2237 1178 2307 πολλῆς
1221 2238 1419 2308 σχολῆς
1468 2237 1559 2291 καὶ
1609 2233 1896 2307 δυνάμεως
1919 2257 1960 2289 25

291 2315 429 2387 πρὸς
470 2314 529 2372 τὸ
569 2315 642 2388 μὴ
683 2316 857 2390 μόνον
887 2316 1236 2393 ἀνθρώποις,
1268 2315 1369 2375 ἀλλ
1389 2316 1400 2335 “
1429 2320 1521 2375 καὶ
1552 2324 1772 2393 θηρίοις
1804 2317 1896 2376 διὰ

290 2397 471 2470 λόγων
521 2399 801 2458 δύνασθαι
851 2405 1240 2475 ξυγγίνεσθαι,
1292 2406 1634 2477 κατεχρῶντο
1682 2402 1895 2470 τούτοις

180 2502 270 2543 (587)
292 2480 574 2554 σύμπασιν
618 2486 705 2540 ἐπὶ
736 2493 1098 2558 φιλοσοφίαν,
1140 2485 1279 2559 μετά
1309 2511 1367 2544 τε
1396 2493 1618 2561 θηρίων
1648 2488 1739 2544 καὶ
1770 2484 1892 2559 μετ’

290 2564 545 2637 ἀλλήλων
573 2562 920 2640 ὁμιλοῦντες,
961 2572 1053 2626 καὶ
1083 2569 1500 2643 πυνθανόμενοι
1531 2569 1678 2641 παρὰ
1717 2570 1893 2643 πάσης

290 2647 512 2721 φύσεως
556 2660 610 2707 εἰ]
642 2649 765 2707 τινά
794 2675 876 2716 τις
909 2657 1059 2710 ι’δίαν
1103 2652 1343 2726 δύναμιν
1373 2661 1574 2726 ἔχουσα
1603 2651 1810 2727 ᾔσθετό
1840 2677 1890 2711 τι
1914 2678 1954 2710 30

402 2789 429 2826 4
462 2780 622 2833 Θεὸς’
605 2784 769 2839 ε’νεμεν
790 2786 860 2841 —]
895 2789 1027 2829 Plato
1049 2789 1185 2830 Polit.
1209 2803 1249 2842 p.
1273 2791 1367 2830 271.

375 2843 429 2881 24
460 2838 524 2882 Εἰ
542 2856 628 2894 μεν
651 2841 723 2896 ·—]
757 2844 891 2884 Plato
915 2845 1022 2888 ibid.
1044 2859 1085 2897 p.
1108 2847 1204 2886 272.
