<?xml version="1.0" encoding="UTF-8"?>
<!DOCTYPE html PUBLIC "-//W3C//DTD XHTML 1.0 Transitional//EN"
    "http://www.w3.org/TR/xhtml1/DTD/xhtml1-transitional.dtd">
<html xmlns="http://www.w3.org/1999/xhtml" xml:lang="en" lang="en">
 <head>
  <title>
</title>
<meta http-equiv="Content-Type" content="text/html;charset=utf-8" />
  <meta name='ocr-system' content='tesseract 3.04.00' />
  <meta name='ocr-capabilities' content='ocr_page ocr_carea ocr_par ocr_line ocrx_word'/>
</head>
<body>
  <div class='ocr_page' id='page_1' title='image "./operaeusebius02euseuoft_0025.png"; bbox 0 0 2014 3146; ppageno 0'>
   <div class='ocr_carea' id='block_1_1' title="bbox 1749 69 1780 87">
    <p class='ocr_par' dir='ltr' id='par_1_1' title="bbox 1749 69 1780 87">
     <span class='ocr_line' id='line_1_1' title="bbox 1749 69 1780 87; baseline 0 -2"><span class='ocrx_word' id='word_1_1' title='bbox 1749 69 1780 87; x_wconf 51' lang='lat' dir='ltr'>Q</span> 
     </span>
    </p>
   </div>
   <div class='ocr_carea' id='block_1_2' title="bbox 612 133 1762 188">
    <p class='ocr_par' dir='ltr' id='par_1_2' title="bbox 612 133 1762 188">
     <span class='ocr_line' id='line_1_2' title="bbox 612 133 1762 188; baseline 0 -11"><span class='ocrx_word' id='word_1_2' title='bbox 612 136 838 188; x_wconf 55' lang='grc' dir='ltr'><em>ΚΡΗΑΕΡ.</em></span> <span class='ocrx_word' id='word_1_3' title='bbox 866 135 1088 177; x_wconf 82' lang='lat' dir='ltr'><strong>EVANG.</strong></span> <span class='ocrx_word' id='word_1_4' title='bbox 1119 135 1197 178; x_wconf 85' lang='lat' dir='ltr'><em>XI.</em></span> <span class='ocrx_word' id='word_1_5' title='bbox 1230 136 1268 177; x_wconf 83' lang='lat'><em>7.</em></span> <span class='ocrx_word' id='word_1_6' title='bbox 1696 133 1762 186; x_wconf 81' lang='lat'><em>19</em></span> 
     </span>
    </p>
   </div>
   <div class='ocr_carea' id='block_1_3' title="bbox 0 245 1864 2998">
    <p class='ocr_par' dir='ltr' id='par_1_3' title="bbox 0 245 1864 2998">
     <span class='ocr_line' id='line_1_3' title="bbox 147 245 1758 325; baseline -0.001 -16"><span class='ocrx_word' id='word_1_7' title='bbox 147 250 460 325; x_wconf 89' lang='grc' dir='ltr'><em>πανάρετον</em></span> <span class='ocrx_word' id='word_1_8' title='bbox 500 256 706 324; x_wconf 83' lang='grc' dir='ltr'><em>σοφίαν</em></span> <span class='ocrx_word' id='word_1_9' title='bbox 746 256 822 318; x_wconf 83' lang='grc' dir='ltr'><em>εἰς</em></span> <span class='ocrx_word' id='word_1_10' title='bbox 853 247 1025 307; x_wconf 80' lang='grc' dir='ltr'><em>αὐτοῦ</em></span> <span class='ocrx_word' id='word_1_11' title='bbox 1058 248 1356 323; x_wconf 90' lang='grc' dir='ltr'><em>πρόσωπον</em></span> <span class='ocrx_word' id='word_1_12' title='bbox 1385 245 1620 316; x_wconf 85' lang='grc' dir='ltr'><em>ἀναθεὶς</em></span> <span class='ocrx_word' id='word_1_13' title='bbox 1650 255 1758 324; x_wconf 83' lang='grc' dir='ltr'><em>ἔφη</em></span> 
     </span>
     <span class='ocr_line' id='line_1_4' title="bbox 140 330 1757 408; baseline -0.001 -15"><span class='ocrx_word' id='word_1_14' title='bbox 140 333 342 402; x_wconf 76' lang='grc' dir='ltr'><em>“αὐτὸς</em></span> <span class='ocrx_word' id='word_1_15' title='bbox 389 335 494 408; x_wconf 75' lang='grc' dir='ltr'><em>γάρ</em></span> <span class='ocrx_word' id='word_1_16' title='bbox 545 359 636 408; x_wconf 91' lang='grc' dir='ltr'><em>μοι</em></span> <span class='ocrx_word' id='word_1_17' title='bbox 687 340 859 392; x_wconf 83' lang='grc' dir='ltr'><em>ἔδωκε</em></span> <span class='ocrx_word' id='word_1_18' title='bbox 897 338 1010 392; x_wconf 88' lang='grc' dir='ltr'><em>τῶν</em></span> <span class='ocrx_word' id='word_1_19' title='bbox 1048 332 1229 392; x_wconf 77' lang='grc' dir='ltr'><em>ὅντων</em></span> <span class='ocrx_word' id='word_1_20' title='bbox 1266 337 1478 406; x_wconf 73' lang='grc' dir='ltr'><em>γνῶσιν</em></span> <span class='ocrx_word' id='word_1_21' title='bbox 1518 330 1757 408; x_wconf 81' lang='grc' dir='ltr'><em>ἀψευδῆ,</em></span> 
     </span>
     <span class='ocr_line' id='line_1_5' title="bbox 147 418 1756 493; baseline -0.001 -16"><span class='ocrx_word' id='word_1_22' title='bbox 147 423 356 478; x_wconf 86' lang='grc' dir='ltr'><em>εἰδέναι</em></span> <span class='ocrx_word' id='word_1_23' title='bbox 395 418 665 477; x_wconf 81' lang='grc' dir='ltr'><em>σύστασιν</em></span> <span class='ocrx_word' id='word_1_24' title='bbox 703 418 940 492; x_wconf 78' lang='grc' dir='ltr'><em>κόσμου,</em></span> <span class='ocrx_word' id='word_1_25' title='bbox 992 421 1084 476; x_wconf 84' lang='grc' dir='ltr'><em>καὶ</em></span> <span class='ocrx_word' id='word_1_26' title='bbox 1130 420 1413 493; x_wconf 80' lang='grc' dir='ltr'><strong><em>ἐνέργειαν</em></strong></span> <span class='ocrx_word' id='word_1_27' title='bbox 1451 425 1756 491; x_wconf 80' lang='grc' dir='ltr'><em>στοιχείων,</em></span> 
     </span>
     <span class='ocr_line' id='line_1_6' title="bbox 146 499 1758 577; baseline -0.001 -17"><span class='ocrx_word' id='word_1_28' title='bbox 146 502 325 577; x_wconf 83' lang='grc' dir='ltr'><em>ἀρχὴν</em></span> <span class='ocrx_word' id='word_1_29' title='bbox 355 507 445 562; x_wconf 85' lang='grc' dir='ltr'><em>καὶ</em></span> <span class='ocrx_word' id='word_1_30' title='bbox 476 506 628 571; x_wconf 80' lang='grc' dir='ltr'><em>τέλος</em></span> <span class='ocrx_word' id='word_1_31' title='bbox 659 506 752 561; x_wconf 85' lang='grc' dir='ltr'><em>καὶ</em></span> <span class='ocrx_word' id='word_1_32' title='bbox 781 502 1050 576; x_wconf 89' lang='grc' dir='ltr'><em>μεσότητα</em></span> <span class='ocrx_word' id='word_1_33' title='bbox 1075 501 1309 577; x_wconf 81' lang='grc' dir='ltr'><em>χρόνων,</em></span> <span class='ocrx_word' id='word_1_34' title='bbox 1341 507 1563 576; x_wconf 91' lang='grc' dir='ltr'><em>τροπῶν</em></span> <span class='ocrx_word' id='word_1_35' title='bbox 1586 499 1758 559; x_wconf 89' lang='grc' dir='ltr'><em>ἀλλα-</em></span> 
     </span>
     <span class='ocr_line' id='line_1_7' title="bbox 0 585 1755 662; baseline -0.002 -16"><span class='ocrx_word' id='word_1_36' title='bbox 0 610 20 651; x_wconf 86' lang='grc'><em>·,</em></span> <span class='ocrx_word' id='word_1_37' title='bbox 102 614 122 646; x_wconf 83' lang='grc'>5</span> <span class='ocrx_word' id='word_1_38' title='bbox 145 587 245 661; x_wconf 77' lang='grc' dir='ltr'><em>γάς</em></span> <span class='ocrx_word' id='word_1_39' title='bbox 286 591 379 645; x_wconf 82' lang='grc' dir='ltr'><em>καὶ</em></span> <span class='ocrx_word' id='word_1_40' title='bbox 418 586 725 661; x_wconf 75' lang='grc' dir='ltr'><em>μεταβολὰς</em></span> <span class='ocrx_word' id='word_1_41' title='bbox 764 590 1001 662; x_wconf 86' lang='grc' dir='ltr'><em>καιρῶν,</em></span> <span class='ocrx_word' id='word_1_42' title='bbox 1058 589 1315 644; x_wconf 78' lang='grc' dir='ltr'><em>ἐνιαυτοῦ</em></span> <span class='ocrx_word' id='word_1_43' title='bbox 1353 585 1619 659; x_wconf 81' lang='grc' dir='ltr'><em>κύκλους,</em></span> <span class='ocrx_word' id='word_1_44' title='bbox 1663 589 1755 643; x_wconf 87' lang='grc' dir='ltr'><em>καὶ</em></span> 
     </span>
     <span class='ocr_line' id='line_1_8' title="bbox 144 669 1754 771; baseline 0 -43"><span class='ocrx_word' id='word_1_45' title='bbox 144 671 394 746; x_wconf 78' lang='grc' dir='ltr'><em>ἀστέρων</em></span> <span class='ocrx_word' id='word_1_46' title='bbox 433 675 647 744; x_wconf 80' lang='grc' dir='ltr'><em>θέσεις,</em></span> <span class='ocrx_word' id='word_1_47' title='bbox 690 670 886 743; x_wconf 83' lang='grc' dir='ltr'><em>φύσεις</em></span> <span class='ocrx_word' id='word_1_48' title='bbox 926 669 1081 747; x_wconf 74' lang='grc' dir='ltr'><em>ζῴων</em></span> <span class='ocrx_word' id='word_1_49' title='bbox 1122 673 1217 733; x_wconf 72' lang='grc' dir='ltr'><em>καὶ</em></span> <span class='ocrx_word' id='word_1_50' title='bbox 1254 669 1474 771; x_wconf 71' lang='grc' dir='ltr'><em>θυμοὺς</em></span> <span class='ocrx_word' id='word_1_51' title='bbox 1515 677 1754 745; x_wconf 90' lang='grc' dir='ltr'><em>θηρίων,</em></span> 
     </span>
     <span class='ocr_line' id='line_1_9' title="bbox 143 751 1755 860; baseline -0.001 -47"><span class='ocrx_word' id='word_1_52' title='bbox 143 755 476 829; x_wconf 86' lang='grc' dir='ltr'><em>πνευμάτων</em></span> <span class='ocrx_word' id='word_1_53' title='bbox 517 762 670 828; x_wconf 85' lang='grc' dir='ltr'><em>βίας,</em></span> <span class='ocrx_word' id='word_1_54' title='bbox 712 758 805 811; x_wconf 85' lang='grc' dir='ltr'><em>καὶ</em></span> <span class='ocrx_word' id='word_1_55' title='bbox 849 752 1238 827; x_wconf 74' lang='grc' dir='ltr'><em>διαλογισμοὺς</em></span> <span class='ocrx_word' id='word_1_56' title='bbox 1269 751 1619 860; x_wconf 75' lang='grc' dir='ltr'><em>ἀνθρώπων,</em></span> <span class='ocrx_word' id='word_1_57' title='bbox 1663 758 1755 812; x_wconf 85' lang='grc' dir='ltr'><em>καὶ</em></span> 
     </span>
     <span class='ocr_line' id='line_1_10' title="bbox 146 837 1754 912; baseline -0.001 -15"><span class='ocrx_word' id='word_1_58' title='bbox 146 838 417 912; x_wconf 76' lang='grc' dir='ltr'><em>διαφοράς</em></span> <span class='ocrx_word' id='word_1_59' title='bbox 456 842 678 912; x_wconf 89' lang='grc' dir='ltr'><em>φυτῶν,</em></span> <span class='ocrx_word' id='word_1_60' title='bbox 721 842 813 896; x_wconf 86' lang='grc' dir='ltr'><em>καὶ</em></span> <span class='ocrx_word' id='word_1_61' title='bbox 856 837 1120 912; x_wconf 88' lang='grc' dir='ltr'><em>δυνάμεις</em></span> <span class='ocrx_word' id='word_1_62' title='bbox 1161 842 1354 911; x_wconf 80' lang='grc' dir='ltr'><em>ῥιζῶν,</em></span> <span class='ocrx_word' id='word_1_63' title='bbox 1398 837 1501 895; x_wconf 80' lang='grc' dir='ltr'><em>ὅσα</em></span> <span class='ocrx_word' id='word_1_64' title='bbox 1541 842 1604 895; x_wconf 87' lang='grc' dir='ltr'><em>τέ</em></span> <span class='ocrx_word' id='word_1_65' title='bbox 1641 842 1754 895; x_wconf 89' lang='grc' dir='ltr'><em>ἐστι</em></span> 
     </span>
     <span class='ocr_line' id='line_1_11' title="bbox 4 920 1864 1002; baseline -0.001 -21"><span class='ocrx_word' id='word_1_66' title='bbox 4 998 9 1002; x_wconf 88' lang='lat'><em>.</em></span> <span class='ocrx_word' id='word_1_67' title='bbox 141 921 357 999; x_wconf 73' lang='grc' dir='ltr'><em>κρυπτοὶ</em></span> <span class='ocrx_word' id='word_1_68' title='bbox 406 926 498 981; x_wconf 81' lang='grc' dir='ltr'><em>καὶ</em></span> <span class='ocrx_word' id='word_1_69' title='bbox 538 920 729 997; x_wconf 83' lang='grc' dir='ltr'><em>ἀφανῆ</em></span> <span class='ocrx_word' id='word_1_70' title='bbox 767 930 961 996; x_wconf 77' lang='grc' dir='ltr'><em>ἔ.γνων</em></span> <span class='ocrx_word' id='word_1_71' title='bbox 1033 921 1067 995; x_wconf 84' lang='grc' dir='ltr'><em>ἡ</em></span> <span class='ocrx_word' id='word_1_72' title='bbox 1108 920 1212 997; x_wconf 75' lang='grc' dir='ltr'><em>γὰρ</em></span> <span class='ocrx_word' id='word_1_73' title='bbox 1253 922 1482 980; x_wconf 88' lang='grc' dir='ltr'><em>πάντων</em></span> <span class='ocrx_word' id='word_1_74' title='bbox 1520 937 1864 996; x_wconf 73' lang='grc' dir='ltr'><em>τεχνιτις(522)</em></span> 
     </span>
     <span class='ocr_line' id='line_1_12' title="bbox 79 1003 1862 1082; baseline 0.001 -18"><span class='ocrx_word' id='word_1_75' title='bbox 79 1033 118 1064; x_wconf 79' lang='grc' dir='ltr'><em>ιο</em></span> <span class='ocrx_word' id='word_1_76' title='bbox 143 1010 364 1076; x_wconf 81' lang='grc' dir='ltr'><em>ἐδίδαξέ</em></span> <span class='ocrx_word' id='word_1_77' title='bbox 401 1033 468 1082; x_wconf 90' lang='grc' dir='ltr'><em>με</em></span> <span class='ocrx_word' id='word_1_78' title='bbox 509 1005 732 1081; x_wconf 86' lang='grc' dir='ltr'><em>σοφία.”</em></span> <span class='ocrx_word' id='word_1_79' title='bbox 811 1013 858 1064; x_wconf 93' lang='grc'><em>6.</em></span> <span class='ocrx_word' id='word_1_80' title='bbox 901 1005 1070 1065; x_wconf 87' lang='grc' dir='ltr'><em>πάλιν</em></span> <span class='ocrx_word' id='word_1_81' title='bbox 1109 1030 1168 1064; x_wconf 92' lang='grc' dir='ltr'><em>τε</em></span> <span class='ocrx_word' id='word_1_82' title='bbox 1206 1003 1236 1064; x_wconf 84' lang='grc' dir='ltr'>ὁ</span> <span class='ocrx_word' id='word_1_83' title='bbox 1277 1005 1442 1074; x_wconf 87' lang='grc' dir='ltr'><em>αυτὸς</em></span> <span class='ocrx_word' id='word_1_84' title='bbox 1482 1011 1862 1081; x_wconf 59' lang='grc' dir='ltr'><em>Σολομῶνβοτ]</em></span> 
     </span>
     <span class='ocr_line' id='line_1_13' title="bbox 138 1089 1754 1193; baseline 0 -43"><span class='ocrx_word' id='word_1_85' title='bbox 138 1090 240 1165; x_wconf 80' lang='grc' dir='ltr'><em>τὴν</em></span> <span class='ocrx_word' id='word_1_86' title='bbox 282 1089 524 1166; x_wconf 80' lang='grc' dir='ltr'><em>ῥευστὴν</em></span> <span class='ocrx_word' id='word_1_87' title='bbox 560 1098 674 1149; x_wconf 90' lang='grc' dir='ltr'><em>τῶν</em></span> <span class='ocrx_word' id='word_1_88' title='bbox 706 1091 984 1193; x_wconf 80' lang='grc' dir='ltr'><em>σωμάτων</em></span> <span class='ocrx_word' id='word_1_89' title='bbox 1034 1089 1234 1148; x_wconf 84' lang='grc' dir='ltr'><em>οὐσίαν</em></span> <span class='ocrx_word' id='word_1_90' title='bbox 1284 1095 1638 1165; x_wconf 75' lang='grc' dir='ltr'><em>φυσιολογῶν</em></span> <span class='ocrx_word' id='word_1_91' title='bbox 1694 1096 1754 1150; x_wconf 86' lang='grc' dir='ltr'><em>ἐν</em></span> 
     </span>
     <span class='ocr_line' id='line_1_14' title="bbox 135 1172 1752 1277; baseline 0.001 -43"><span class='ocrx_word' id='word_1_92' title='bbox 135 1173 531 1250; x_wconf 83' lang='grc' dir='ltr'><em>Ἐκκλησιαστῇ</em></span> <span class='ocrx_word' id='word_1_93' title='bbox 552 1195 692 1249; x_wconf 90' lang='grc' dir='ltr'><em>φησι</em></span> <span class='ocrx_word' id='word_1_94' title='bbox 720 1172 1034 1249; x_wconf 89' lang='grc' dir='ltr'><em>ματαιότης</em></span> <span class='ocrx_word' id='word_1_95' title='bbox 1056 1175 1457 1277; x_wconf 83' lang='grc' dir='ltr'><em>ματαιοτήτων,</em></span> <span class='ocrx_word' id='word_1_96' title='bbox 1483 1201 1549 1233; x_wconf 91' lang='grc' dir='ltr'><em>τα</em></span> <span class='ocrx_word' id='word_1_97' title='bbox 1572 1175 1752 1235; x_wconf 88' lang='grc' dir='ltr'><em>πάντα</em></span> 
     </span>
     <span class='ocr_line' id='line_1_15' title="bbox 139 1257 1752 1362; baseline 0.001 -45"><span class='ocrx_word' id='word_1_98' title='bbox 139 1259 448 1333; x_wconf 88' lang='grc' dir='ltr'><em>ματαιότης.</em></span> <span class='ocrx_word' id='word_1_99' title='bbox 530 1267 613 1327; x_wconf 88' lang='grc' dir='ltr'><em>τίς</em></span> <span class='ocrx_word' id='word_1_100' title='bbox 640 1266 970 1362; x_wconf 79' lang='grc' dir='ltr'><em>περισσεία</em></span> <span class='ocrx_word' id='word_1_101' title='bbox 1002 1263 1078 1316; x_wconf 89' lang='grc' dir='ltr'><em>τῶ</em></span> <span class='ocrx_word' id='word_1_102' title='bbox 1129 1257 1448 1362; x_wconf 62' lang='grc' dir='ltr'><em>ἀνθρώπω”</em></span> <span class='ocrx_word' id='word_1_103' title='bbox 1473 1265 1534 1318; x_wconf 89' lang='grc' dir='ltr'><em>ἐν</em></span> <span class='ocrx_word' id='word_1_104' title='bbox 1585 1265 1752 1319; x_wconf 86' lang='grc' dir='ltr'><em>παντὶ</em></span> 
     </span>
     <span class='ocr_line' id='line_1_16' title="bbox 138 1339 1751 1421; baseline 0.001 -20"><span class='ocrx_word' id='word_1_105' title='bbox 138 1343 332 1421; x_wconf 88' lang='grc' dir='ltr'><em>μόχθω</em></span> <span class='ocrx_word' id='word_1_106' title='bbox 372 1343 572 1416; x_wconf 81' lang='grc' dir='ltr'><em>αὐτοῦ,</em></span> <span class='ocrx_word' id='word_1_107' title='bbox 618 1345 660 1420; x_wconf 72' lang='grc' dir='ltr'><em>ᾧ</em></span> <span class='ocrx_word' id='word_1_108' title='bbox 701 1354 906 1417; x_wconf 85' lang='grc' dir='ltr'><em>μοχθεῖ</em></span> <span class='ocrx_word' id='word_1_109' title='bbox 941 1341 1050 1400; x_wconf 79' lang='grc' dir='ltr'><em>ὑπὸ</em></span> <span class='ocrx_word' id='word_1_110' title='bbox 1089 1342 1186 1401; x_wconf 87' lang='grc' dir='ltr'><em>τὸν</em></span> <span class='ocrx_word' id='word_1_111' title='bbox 1223 1339 1448 1415; x_wconf 79' lang='grc' dir='ltr'><em>ἥλιον;”</em></span> <span class='ocrx_word' id='word_1_112' title='bbox 1497 1347 1590 1401; x_wconf 85' lang='grc' dir='ltr'><em>καὶ</em></span> <span class='ocrx_word' id='word_1_113' title='bbox 1631 1349 1751 1402; x_wconf 84' lang='grc' dir='ltr'><em>ἐπι-</em></span> 
     </span>
     <span class='ocr_line' id='line_1_17' title="bbox 15 1424 1756 1501; baseline 0.002 -18"><span class='ocrx_word' id='word_1_114' title='bbox 15 1429 18 1432; x_wconf 59' lang='grc'><strong><em>’</em></strong></span> <span class='ocrx_word' id='word_1_115' title='bbox 78 1451 116 1484; x_wconf 84' lang='lat'><em>15</em></span> <span class='ocrx_word' id='word_1_116' title='bbox 139 1427 327 1501; x_wconf 69' lang='grc' dir='ltr'><em>λέγει“</em></span> <span class='ocrx_word' id='word_1_117' title='bbox 332 1426 414 1484; x_wconf 58' lang='grc' dir='ltr'><em>ττί</em></span> <span class='ocrx_word' id='word_1_118' title='bbox 444 1427 504 1484; x_wconf 88' lang='grc' dir='ltr'><em>τὸ</em></span> <span class='ocrx_word' id='word_1_119' title='bbox 544 1426 800 1500; x_wconf 71' lang='grc' dir='ltr'><em>γεγονόςς</em></span> <span class='ocrx_word' id='word_1_120' title='bbox 847 1424 981 1484; x_wconf 77' lang='grc' dir='ltr'><em>αὐτὸ</em></span> <span class='ocrx_word' id='word_1_121' title='bbox 1024 1426 1084 1484; x_wconf 84' lang='grc' dir='ltr'><em>τὸ</em></span> <span class='ocrx_word' id='word_1_122' title='bbox 1115 1426 1515 1500; x_wconf 77' lang='grc' dir='ltr'><em>γενησόμενον·</em></span> <span class='ocrx_word' id='word_1_123' title='bbox 1577 1431 1668 1486; x_wconf 89' lang='grc' dir='ltr'><em>καὶ</em></span> <span class='ocrx_word' id='word_1_124' title='bbox 1699 1436 1756 1486; x_wconf 90' lang='grc' dir='ltr'><em>τί</em></span> 
     </span>
     <span class='ocr_line' id='line_1_18' title="bbox 136 1507 1750 1585; baseline 0.001 -16"><span class='ocrx_word' id='word_1_125' title='bbox 136 1511 196 1569; x_wconf 88' lang='grc' dir='ltr'><em>τὸ</em></span> <span class='ocrx_word' id='word_1_126' title='bbox 236 1513 635 1585; x_wconf 85' lang='grc' dir='ltr'><em>πεποιημένον;</em></span> <span class='ocrx_word' id='word_1_127' title='bbox 692 1507 825 1568; x_wconf 78' lang='grc' dir='ltr'><em>αὐτὸ</em></span> <span class='ocrx_word' id='word_1_128' title='bbox 867 1510 926 1568; x_wconf 87' lang='grc' dir='ltr'><em>τὸ</em></span> <span class='ocrx_word' id='word_1_129' title='bbox 968 1510 1434 1584; x_wconf 88' lang='grc' dir='ltr'><em>ποιηθησόμενον.</em></span> <span class='ocrx_word' id='word_1_130' title='bbox 1506 1514 1599 1568; x_wconf 90' lang='grc' dir='ltr'><em>καὶ</em></span> <span class='ocrx_word' id='word_1_131' title='bbox 1648 1512 1750 1570; x_wconf 82' lang='grc' dir='ltr'><em>οὐκ</em></span> 
     </span>
     <span class='ocr_line' id='line_1_19' title="bbox 137 1592 1748 1671; baseline -0.001 -18"><span class='ocrx_word' id='word_1_132' title='bbox 137 1601 253 1653; x_wconf 83' lang='grc' dir='ltr'><em>ἔστι</em></span> <span class='ocrx_word' id='word_1_133' title='bbox 282 1599 395 1653; x_wconf 76' lang='grc' dir='ltr'><em>πᾶν</em></span> <span class='ocrx_word' id='word_1_134' title='bbox 424 1594 748 1670; x_wconf 88' lang='grc' dir='ltr'><em>πρόσφατον</em></span> <span class='ocrx_word' id='word_1_135' title='bbox 776 1593 884 1654; x_wconf 81' lang='grc' dir='ltr'><em>ὑπὸ</em></span> <span class='ocrx_word' id='word_1_136' title='bbox 915 1593 1012 1653; x_wconf 83' lang='grc' dir='ltr'><em>τὸν</em></span> <span class='ocrx_word' id='word_1_137' title='bbox 1050 1592 1262 1668; x_wconf 80' lang='grc' dir='ltr'><em>ἤλιον.”</em></span> <span class='ocrx_word' id='word_1_138' title='bbox 1345 1601 1390 1654; x_wconf 86' lang='grc'><em>7.</em></span> <span class='ocrx_word' id='word_1_139' title='bbox 1431 1600 1603 1653; x_wconf 82' lang='grc' dir='ltr'><em>ταῦτα</em></span> <span class='ocrx_word' id='word_1_140' title='bbox 1642 1596 1748 1671; x_wconf 78' lang='grc' dir='ltr'><em>γὰρ</em></span> 
     </span>
     <span class='ocr_line' id='line_1_20' title="bbox 137 1677 1749 1757; baseline 0.001 -20"><span class='ocrx_word' id='word_1_141' title='bbox 137 1677 287 1757; x_wconf 77' lang='grc' dir='ltr'><em>αὐτῷ</em></span> <span class='ocrx_word' id='word_1_142' title='bbox 325 1682 417 1737; x_wconf 87' lang='grc' dir='ltr'><em>καὶ</em></span> <span class='ocrx_word' id='word_1_143' title='bbox 447 1679 514 1737; x_wconf 80' lang='grc' dir='ltr'><em>τὰ</em></span> <span class='ocrx_word' id='word_1_144' title='bbox 543 1684 772 1738; x_wconf 84' lang='grc' dir='ltr'><em>τοιαῦτα</em></span> <span class='ocrx_word' id='word_1_145' title='bbox 801 1678 1244 1752; x_wconf 78' lang='grc' dir='ltr'><em>πεφυσιολόγητο</em></span> <span class='ocrx_word' id='word_1_146' title='bbox 1275 1682 1403 1755; x_wconf 87' lang='grc' dir='ltr'><em>περὶ</em></span> <span class='ocrx_word' id='word_1_147' title='bbox 1433 1684 1529 1753; x_wconf 82' lang='grc' dir='ltr'><em>τῆς</em></span> <span class='ocrx_word' id='word_1_148' title='bbox 1560 1697 1749 1754; x_wconf 87' lang='grc' dir='ltr'><em>σωμα-</em></span> 
     </span>
     <span class='ocr_line' id='line_1_21' title="bbox 133 1760 1794 1839; baseline -0.002 -18"><span class='ocrx_word' id='word_1_149' title='bbox 133 1768 294 1837; x_wconf 78' lang='grc' dir='ltr'><em>τικῆς</em></span> <span class='ocrx_word' id='word_1_150' title='bbox 317 1763 523 1832; x_wconf 84' lang='grc' dir='ltr'><em>οὐσίας.</em></span> <span class='ocrx_word' id='word_1_151' title='bbox 573 1762 754 1839; x_wconf 75' lang='grc' dir='ltr'><em>εὕροις</em></span> <span class='ocrx_word' id='word_1_152' title='bbox 786 1761 838 1821; x_wconf 84' lang='grc' dir='ltr'><em>δ’</em></span> <span class='ocrx_word' id='word_1_153' title='bbox 866 1760 936 1821; x_wconf 75' lang='grc' dir='ltr'><em>ἂν</em></span> <span class='ocrx_word' id='word_1_154' title='bbox 966 1766 1059 1821; x_wconf 86' lang='grc' dir='ltr'><em>καὶ</em></span> <span class='ocrx_word' id='word_1_155' title='bbox 1088 1763 1219 1831; x_wconf 81' lang='grc' dir='ltr'><em>τούς</em></span> <span class='ocrx_word' id='word_1_156' title='bbox 1242 1761 1747 1839; x_wconf 72' lang='grc' dir='ltr'><em>ἀλλουςἘβραίους</em></span> <span class='ocrx_word' id='word_1_157' title='bbox 1770 1785 1794 1818; x_wconf 89' lang='lat' dir='ltr'>b</span> 
     </span>
     <span class='ocr_line' id='line_1_22' title="bbox 9 1845 1745 1924; baseline 0.002 -20"><span class='ocrx_word' id='word_1_158' title='bbox 9 1877 20 1891; x_wconf 86' lang='lat'><em>··</em></span> <span class='ocrx_word' id='word_1_159' title='bbox 69 1872 112 1905; x_wconf 80' lang='lat'><em>20</em></span> <span class='ocrx_word' id='word_1_160' title='bbox 136 1848 309 1907; x_wconf 82' lang='grc' dir='ltr'><em>ἐπιῶν</em></span> <span class='ocrx_word' id='word_1_161' title='bbox 349 1848 558 1923; x_wconf 82' lang='grc' dir='ltr'><em>σοφοὺς</em></span> <span class='ocrx_word' id='word_1_162' title='bbox 597 1855 692 1922; x_wconf 85' lang='grc' dir='ltr'><em>τῆς</em></span> <span class='ocrx_word' id='word_1_163' title='bbox 731 1845 924 1922; x_wconf 82' lang='grc' dir='ltr'><em>ὁμοίας</em></span> <span class='ocrx_word' id='word_1_164' title='bbox 965 1847 1069 1907; x_wconf 79' lang='grc' dir='ltr'><em>οὐκ</em></span> <span class='ocrx_word' id='word_1_165' title='bbox 1114 1847 1379 1924; x_wconf 80' lang='grc' dir='ltr'><em>ἀμοίρους</em></span> <span class='ocrx_word' id='word_1_166' title='bbox 1430 1849 1745 1923; x_wconf 83' lang='grc' dir='ltr'><em>ἐπιστήμης.</em></span> 
     </span>
     <span class='ocr_line' id='line_1_23' title="bbox 134 1929 1748 2011; baseline 0.001 -21"><span class='ocrx_word' id='word_1_167' title='bbox 134 1937 330 2006; x_wconf 89' lang='grc' dir='ltr'><em>φυτῶν</em></span> <span class='ocrx_word' id='word_1_168' title='bbox 358 1937 518 2006; x_wconf 81' lang='grc' dir='ltr'><em>γοῦν,</em></span> <span class='ocrx_word' id='word_1_169' title='bbox 551 1929 624 2001; x_wconf 85' lang='grc' dir='ltr'><em>ῶς</em></span> <span class='ocrx_word' id='word_1_170' title='bbox 655 1939 799 2006; x_wconf 81' lang='grc' dir='ltr'><em>ἔφην</em></span> <span class='ocrx_word' id='word_1_171' title='bbox 826 1931 935 2006; x_wconf 80' lang='grc' dir='ltr'><em>ἤδη</em></span> <span class='ocrx_word' id='word_1_172' title='bbox 959 1931 1248 2008; x_wconf 86' lang='grc' dir='ltr'><em>πρότερον,</em></span> <span class='ocrx_word' id='word_1_173' title='bbox 1279 1939 1451 2009; x_wconf 92' lang='grc' dir='ltr'><em>μυρία</em></span> <span class='ocrx_word' id='word_1_174' title='bbox 1474 1935 1566 1991; x_wconf 85' lang='grc' dir='ltr'><em>καὶ</em></span> <span class='ocrx_word' id='word_1_175' title='bbox 1592 1932 1748 2011; x_wconf 74' lang='grc' dir='ltr'><em>ζῴων</em></span> 
     </span>
     <span class='ocr_line' id='line_1_24' title="bbox 134 2015 1749 2092; baseline 0.001 -18"><span class='ocrx_word' id='word_1_176' title='bbox 134 2019 279 2091; x_wconf 85' lang='grc' dir='ltr'><em>πέρι,</em></span> <span class='ocrx_word' id='word_1_177' title='bbox 318 2024 594 2092; x_wconf 84' lang='grc' dir='ltr'><em>χερσαίων</em></span> <span class='ocrx_word' id='word_1_178' title='bbox 622 2042 681 2075; x_wconf 90' lang='grc' dir='ltr'><em>τε</em></span> <span class='ocrx_word' id='word_1_179' title='bbox 711 2020 804 2074; x_wconf 86' lang='grc' dir='ltr'><em>καὶ</em></span> <span class='ocrx_word' id='word_1_180' title='bbox 836 2015 1110 2092; x_wconf 80' lang='grc' dir='ltr'><em>ἐνύδρων,</em></span> <span class='ocrx_word' id='word_1_181' title='bbox 1144 2020 1238 2074; x_wconf 85' lang='grc' dir='ltr'><em>καὶ</em></span> <span class='ocrx_word' id='word_1_182' title='bbox 1267 2020 1493 2090; x_wconf 88' lang='grc' dir='ltr'><em>προσέτι</em></span> <span class='ocrx_word' id='word_1_183' title='bbox 1522 2021 1749 2091; x_wconf 89' lang='grc' dir='ltr'><em>πτηνῶν</em></span> 
     </span>
     <span class='ocr_line' id='line_1_25' title="bbox 134 2098 1748 2176; baseline -0.001 -17"><span class='ocrx_word' id='word_1_184' title='bbox 134 2101 357 2174; x_wconf 80' lang='grc' dir='ltr'><em>φύσεως</em></span> <span class='ocrx_word' id='word_1_185' title='bbox 389 2112 600 2176; x_wconf 79' lang='grc' dir='ltr'><em>εἴρηται</em></span> <span class='ocrx_word' id='word_1_186' title='bbox 634 2098 836 2169; x_wconf 77' lang='grc' dir='ltr'><em>αὐτοῖς.</em></span> <span class='ocrx_word' id='word_1_187' title='bbox 918 2107 964 2159; x_wconf 80' lang='grc'><em>8.</em></span> <span class='ocrx_word' id='word_1_188' title='bbox 998 2104 1092 2159; x_wconf 86' lang='grc' dir='ltr'><em>ναὶ</em></span> <span class='ocrx_word' id='word_1_189' title='bbox 1122 2101 1232 2174; x_wconf 87' lang='grc' dir='ltr'><em>μὴν</em></span> <span class='ocrx_word' id='word_1_190' title='bbox 1262 2103 1355 2157; x_wconf 88' lang='grc' dir='ltr'><em>καὶ</em></span> <span class='ocrx_word' id='word_1_191' title='bbox 1385 2104 1514 2175; x_wconf 87' lang='grc' dir='ltr'><em>περὶ</em></span> <span class='ocrx_word' id='word_1_192' title='bbox 1543 2105 1655 2158; x_wconf 93' lang='grc' dir='ltr'><em>τῶν</em></span> <span class='ocrx_word' id='word_1_193' title='bbox 1687 2106 1748 2158; x_wconf 91' lang='grc' dir='ltr'><em>ἐν</em></span> 
     </span>
     <span class='ocr_line' id='line_1_26' title="bbox 15 2182 1742 2263; baseline -0.001 -20"><span class='ocrx_word' id='word_1_194' title='bbox 15 2256 19 2257; x_wconf 14' lang='lat'><em>⁷</em></span> <span class='ocrx_word' id='word_1_195' title='bbox 82 2258 87 2263; x_wconf 25' lang='lat'>⁸</span> <span class='ocrx_word' id='word_1_196' title='bbox 135 2182 355 2263; x_wconf 78' lang='grc' dir='ltr'><em>οὐρανῷ</em></span> <span class='ocrx_word' id='word_1_197' title='bbox 416 2184 662 2260; x_wconf 74' lang='grc' dir='ltr'><em>ἄστρων,</em></span> <span class='ocrx_word' id='word_1_198' title='bbox 734 2187 851 2242; x_wconf 88' lang='grc' dir='ltr'><em>ἐπεὶ</em></span> <span class='ocrx_word' id='word_1_199' title='bbox 904 2186 998 2241; x_wconf 89' lang='grc' dir='ltr'><em>καὶ</em></span> <span class='ocrx_word' id='word_1_200' title='bbox 1051 2183 1257 2257; x_wconf 78' lang='grc' dir='ltr'><em>ἄρκτου</em></span> <span class='ocrx_word' id='word_1_201' title='bbox 1307 2186 1400 2239; x_wconf 87' lang='grc' dir='ltr'><em>καὶ</em></span> <span class='ocrx_word' id='word_1_202' title='bbox 1447 2183 1742 2257; x_wconf 75' lang='grc' dir='ltr'><em>Πλειάδος,</em></span> 
     </span>
     <span class='ocr_line' id='line_1_27' title="bbox 71 2263 1744 2342; baseline 0.001 -18.919"><span class='ocrx_word' id='word_1_203' title='bbox 71 2267 394 2342; x_wconf 73' lang='grc' dir='ltr'><em>25Ὡρίωνός</em></span> <span class='ocrx_word' id='word_1_204' title='bbox 445 2293 505 2326; x_wconf 89' lang='grc' dir='ltr'><em>τε</em></span> <span class='ocrx_word' id='word_1_205' title='bbox 556 2272 650 2326; x_wconf 87' lang='grc' dir='ltr'><em>καὶ</em></span> <span class='ocrx_word' id='word_1_206' title='bbox 701 2266 1040 2342; x_wconf 82' lang='grc' dir='ltr'><em>ἀρκτούρου,</em></span> <span class='ocrx_word' id='word_1_207' title='bbox 1092 2264 1159 2325; x_wconf 78' lang='grc' dir='ltr'><em>ὃν</em></span> <span class='ocrx_word' id='word_1_208' title='bbox 1210 2263 1607 2342; x_wconf 80' lang='grc' dir='ltr'><em>ἀρκτοφύλακα</em></span> <span class='ocrx_word' id='word_1_209' title='bbox 1651 2270 1744 2326; x_wconf 87' lang='grc' dir='ltr'><em>καὶ</em></span> 
     </span>
     <span class='ocr_line' id='line_1_28' title="bbox 135 2349 1743 2426; baseline 0 -18"><span class='ocrx_word' id='word_1_210' title='bbox 135 2351 362 2424; x_wconf 85' lang='grc' dir='ltr'><em>Βοῶτην</em></span> <span class='ocrx_word' id='word_1_211' title='bbox 387 2351 613 2425; x_wconf 70' lang='grc' dir='ltr'><em>’Ἕλλησι</em></span> <span class='ocrx_word' id='word_1_212' title='bbox 653 2357 820 2424; x_wconf 85' lang='grc' dir='ltr'><em>φίλον</em></span> <span class='ocrx_word' id='word_1_213' title='bbox 862 2349 1177 2425; x_wconf 79' lang='grc' dir='ltr'><em>ὀνομάζειν,</em></span> <span class='ocrx_word' id='word_1_214' title='bbox 1217 2350 1406 2426; x_wconf 83' lang='grc' dir='ltr'><em>μνήμη</em></span> <span class='ocrx_word' id='word_1_215' title='bbox 1444 2376 1525 2418; x_wconf 90' lang='grc' dir='ltr'><em>τις</em></span> <span class='ocrx_word' id='word_1_216' title='bbox 1564 2350 1668 2426; x_wconf 78' lang='grc' dir='ltr'><em>οὐχ</em></span> <span class='ocrx_word' id='word_1_217' title='bbox 1709 2349 1743 2425; x_wconf 81' lang='grc' dir='ltr'>ἡ</span> 
     </span>
     <span class='ocr_line' id='line_1_29' title="bbox 134 2434 1741 2511; baseline -0.001 -18"><span class='ocrx_word' id='word_1_218' title='bbox 134 2440 376 2508; x_wconf 86' lang='grc' dir='ltr'><em>τυχοῦσα</em></span> <span class='ocrx_word' id='word_1_219' title='bbox 405 2449 518 2502; x_wconf 81' lang='grc' dir='ltr'><em>τοῖς</em></span> <span class='ocrx_word' id='word_1_220' title='bbox 547 2440 660 2493; x_wconf 90' lang='grc' dir='ltr'><em>τῶν</em></span> <span class='ocrx_word' id='word_1_221' title='bbox 692 2437 1051 2509; x_wconf 85' lang='grc' dir='ltr'><em>δηλουμένων</em></span> <span class='ocrx_word' id='word_1_222' title='bbox 1082 2438 1376 2510; x_wconf 88' lang='grc' dir='ltr'><em>ἐμφέρεται</em></span> <span class='ocrx_word' id='word_1_223' title='bbox 1406 2434 1741 2511; x_wconf 72' lang='grc' dir='ltr'><em>γράμμασιν.</em></span> 
     </span>
     <span class='ocr_line' id='line_1_30' title="bbox 135 2517 1743 2594; baseline 0.001 -18"><span class='ocrx_word' id='word_1_224' title='bbox 135 2525 183 2576; x_wconf 84' lang='grc'><em>9.</em></span> <span class='ocrx_word' id='word_1_225' title='bbox 217 2517 477 2576; x_wconf 72' lang='grc' dir='ltr'><em>ἀλλὰκαὶ</em></span> <span class='ocrx_word' id='word_1_226' title='bbox 508 2522 634 2594; x_wconf 86' lang='grc' dir='ltr'><em>περὶ</em></span> <span class='ocrx_word' id='word_1_227' title='bbox 669 2519 986 2587; x_wconf 76' lang='grc' dir='ltr'><em>συστάσεως</em></span> <span class='ocrx_word' id='word_1_228' title='bbox 1024 2518 1262 2593; x_wconf 90' lang='grc' dir='ltr'><em>κόσμου,</em></span> <span class='ocrx_word' id='word_1_229' title='bbox 1302 2518 1370 2576; x_wconf 89' lang='grc' dir='ltr'><em>τά</em></span> <span class='ocrx_word' id='word_1_230' title='bbox 1399 2543 1458 2577; x_wconf 91' lang='grc' dir='ltr'><em>τε</em></span> <span class='ocrx_word' id='word_1_231' title='bbox 1487 2522 1615 2594; x_wconf 84' lang='grc' dir='ltr'><em>περὶ</em></span> <span class='ocrx_word' id='word_1_232' title='bbox 1645 2524 1743 2593; x_wconf 82' lang='grc' dir='ltr'><em>τῆς</em></span> 
     </span>
     <span class='ocr_line' id='line_1_31' title="bbox 133 2601 1782 2678; baseline 0.002 -18"><span class='ocrx_word' id='word_1_233' title='bbox 133 2606 232 2660; x_wconf 85' lang='grc' dir='ltr'><em>τοῦ</em></span> <span class='ocrx_word' id='word_1_234' title='bbox 257 2603 459 2671; x_wconf 85' lang='grc' dir='ltr'><em>παντὸς</em></span> <span class='ocrx_word' id='word_1_235' title='bbox 489 2607 692 2677; x_wconf 84' lang='grc' dir='ltr'><em>τροπῆς</em></span> <span class='ocrx_word' id='word_1_236' title='bbox 722 2628 782 2661; x_wconf 88' lang='grc' dir='ltr'><em>τε</em></span> <span class='ocrx_word' id='word_1_237' title='bbox 811 2607 904 2661; x_wconf 85' lang='grc' dir='ltr'><em>καὶ</em></span> <span class='ocrx_word' id='word_1_238' title='bbox 933 2601 1296 2677; x_wconf 76' lang='grc' dir='ltr'><em>ἀλλοιώσεως,</em></span> <span class='ocrx_word' id='word_1_239' title='bbox 1329 2606 1509 2677; x_wconf 83' lang='grc' dir='ltr'><em>ψυχῆς</em></span> <span class='ocrx_word' id='word_1_240' title='bbox 1530 2627 1590 2661; x_wconf 89' lang='grc' dir='ltr'><em>τε</em></span> <span class='ocrx_word' id='word_1_241' title='bbox 1612 2607 1742 2678; x_wconf 84' lang='grc' dir='ltr'><em>περὶ</em></span> <span class='ocrx_word' id='word_1_242' title='bbox 1764 2642 1782 2664; x_wconf 72' lang='lat'>0</span> 
     </span>
     <span class='ocr_line' id='line_1_32' title="bbox 18 2684 1742 2763; baseline 0.001 -20"><span class='ocrx_word' id='word_1_243' title='bbox 18 2749 22 2752; x_wconf 50' lang='grc'><em>,</em></span> <span class='ocrx_word' id='word_1_244' title='bbox 71 2710 112 2743; x_wconf 78' lang='lat'><em>30</em></span> <span class='ocrx_word' id='word_1_245' title='bbox 135 2684 354 2761; x_wconf 80' lang='grc' dir='ltr'><em>οὐσίας,</em></span> <span class='ocrx_word' id='word_1_246' title='bbox 400 2690 492 2745; x_wconf 87' lang='grc' dir='ltr'><em>καὶ</em></span> <span class='ocrx_word' id='word_1_247' title='bbox 531 2692 770 2760; x_wconf 78' lang='grc' dir='ltr'><em>λογικῶν</em></span> <span class='ocrx_word' id='word_1_248' title='bbox 808 2686 1071 2746; x_wconf 82' lang='grc' dir='ltr'><em>ἁπάντων</em></span> <span class='ocrx_word' id='word_1_249' title='bbox 1109 2686 1332 2761; x_wconf 82' lang='grc' dir='ltr'><em>φύσεως</em></span> <span class='ocrx_word' id='word_1_250' title='bbox 1371 2686 1653 2763; x_wconf 87' lang='grc' dir='ltr'><em>ὁρωμένης</em></span> <span class='ocrx_word' id='word_1_251' title='bbox 1682 2711 1742 2745; x_wconf 87' lang='grc' dir='ltr'><em>τε</em></span> 
     </span>
     <span class='ocr_line' id='line_1_33' title="bbox 135 2769 1737 2847; baseline 0 -19"><span class='ocrx_word' id='word_1_252' title='bbox 135 2774 227 2828; x_wconf 84' lang='grc' dir='ltr'><em>καὶ</em></span> <span class='ocrx_word' id='word_1_253' title='bbox 256 2769 506 2845; x_wconf 81' lang='grc' dir='ltr'><em>ἀφανοῦς</em></span> <span class='ocrx_word' id='word_1_254' title='bbox 538 2777 927 2847; x_wconf 80' lang='grc' dir='ltr'><em>δημιουργίας,</em></span> <span class='ocrx_word' id='word_1_255' title='bbox 958 2775 1054 2845; x_wconf 82' lang='grc' dir='ltr'><em>τῆς</em></span> <span class='ocrx_word' id='word_1_256' title='bbox 1085 2795 1143 2829; x_wconf 87' lang='grc' dir='ltr'><em>τε</em></span> <span class='ocrx_word' id='word_1_257' title='bbox 1173 2771 1424 2829; x_wconf 81' lang='grc' dir='ltr'><em>καθόλου</em></span> <span class='ocrx_word' id='word_1_258' title='bbox 1454 2777 1737 2846; x_wconf 87' lang='grc' dir='ltr'><em>προνοίας,</em></span> 
     </span>
     <span class='ocr_line' id='line_1_34' title="bbox 136 2854 1741 2931; baseline -0.001 -20"><span class='ocrx_word' id='word_1_259' title='bbox 136 2857 227 2912; x_wconf 86' lang='grc' dir='ltr'><em>καὶ</em></span> <span class='ocrx_word' id='word_1_260' title='bbox 267 2854 480 2914; x_wconf 85' lang='grc' dir='ltr'><em>τούτων</em></span> <span class='ocrx_word' id='word_1_261' title='bbox 521 2863 599 2914; x_wconf 80' lang='grc' dir='ltr'><em>ἔτι</em></span> <span class='ocrx_word' id='word_1_262' title='bbox 636 2854 906 2931; x_wconf 88' lang='grc' dir='ltr'><em>πρότερον</em></span> <span class='ocrx_word' id='word_1_263' title='bbox 942 2855 1009 2913; x_wconf 80' lang='grc' dir='ltr'><em>τὰ</em></span> <span class='ocrx_word' id='word_1_264' title='bbox 1048 2859 1175 2930; x_wconf 81' lang='grc' dir='ltr'><em>περὶ</em></span> <span class='ocrx_word' id='word_1_265' title='bbox 1217 2862 1316 2913; x_wconf 84' lang='grc' dir='ltr'><em>τοῦ</em></span> <span class='ocrx_word' id='word_1_266' title='bbox 1359 2854 1582 2929; x_wconf 77' lang='grc' dir='ltr'><em>πρῶτον</em></span> <span class='ocrx_word' id='word_1_267' title='bbox 1629 2857 1741 2911; x_wconf 86' lang='grc' dir='ltr'><em>τῶν</em></span> 
     </span>
     <span class='ocr_line' id='line_1_35' title="bbox 1409 2947 1486 2998; baseline 0 -17"><span class='ocrx_word' id='word_1_268' title='bbox 1409 2947 1486 2998; x_wconf 66' lang='lat'><em>2*</em></span> 
     </span>
    </p>
   </div>
  </div>
 </body>
</html>
