<?xml version="1.0" encoding="UTF-8"?>
<!DOCTYPE html PUBLIC "-//W3C//DTD XHTML 1.0 Transitional//EN"
    "http://www.w3.org/TR/xhtml1/DTD/xhtml1-transitional.dtd">
<html xmlns="http://www.w3.org/1999/xhtml" xml:lang="en" lang="en">
 <head>
  <title>
</title>
<meta http-equiv="Content-Type" content="text/html;charset=utf-8" />
  <meta name='ocr-system' content='tesseract 3.04.00' />
  <meta name='ocr-capabilities' content='ocr_page ocr_carea ocr_par ocr_line ocrx_word'/>
</head>
<body>
  <div class='ocr_page' id='page_1' title='image "./operaeusebius02euseuoft_0219.png"; bbox 0 0 2014 3146; ppageno 0'>
   <div class='ocr_carea' id='block_1_1' title="bbox 83 941 124 972">
    <p class='ocr_par' dir='ltr' id='par_1_1' title="bbox 83 941 124 972">
     <span class='ocr_line' id='line_1_1' title="bbox 83 941 124 972; baseline 0.024 -1"><span class='ocrx_word' id='word_1_1' title='bbox 83 941 124 972; x_wconf 87' lang='lat'><em>10</em></span> 
     </span>
    </p>
   </div>
   <div class='ocr_carea' id='block_1_2' title="bbox 84 1297 126 1331">
    <p class='ocr_par' dir='ltr' id='par_1_2' title="bbox 84 1297 126 1331">
     <span class='ocr_line' id='line_1_2' title="bbox 84 1297 126 1331; baseline 0.024 -1"><span class='ocrx_word' id='word_1_2' title='bbox 84 1297 126 1331; x_wconf 81' lang='lat'><em>15</em></span> 
     </span>
    </p>
   </div>
   <div class='ocr_carea' id='block_1_3' title="bbox 83 1650 128 1683">
    <p class='ocr_par' dir='ltr' id='par_1_3' title="bbox 83 1650 128 1683">
     <span class='ocr_line' id='line_1_3' title="bbox 83 1650 128 1683; baseline -0.044 0"><span class='ocrx_word' id='word_1_3' title='bbox 83 1650 128 1683; x_wconf 78' lang='lat'><em>20</em></span> 
     </span>
    </p>
   </div>
   <div class='ocr_carea' id='block_1_4' title="bbox 88 2078 130 2113">
    <p class='ocr_par' dir='ltr' id='par_1_4' title="bbox 88 2078 130 2113">
     <span class='ocr_line' id='line_1_4' title="bbox 88 2078 130 2113; baseline 0.024 -1"><span class='ocrx_word' id='word_1_4' title='bbox 88 2078 130 2113; x_wconf 83' lang='lat'><em>25</em></span> 
     </span>
    </p>
   </div>
   <div class='ocr_carea' id='block_1_5' title="bbox 585 94 1756 147">
    <p class='ocr_par' dir='ltr' id='par_1_5' title="bbox 585 94 1756 147">
     <span class='ocr_line' id='line_1_5' title="bbox 585 94 1756 147; baseline 0.006 -7"><span class='ocrx_word' id='word_1_5' title='bbox 585 99 795 142; x_wconf 84' lang='lat' dir='ltr'><strong>PRAEP.</strong></span> <span class='ocrx_word' id='word_1_6' title='bbox 826 98 1047 143; x_wconf 84' lang='lat' dir='ltr'>EVANG.</span> <span class='ocrx_word' id='word_1_7' title='bbox 1079 99 1207 139; x_wconf 83' lang='lat' dir='ltr'><em>xm.</em></span> <span class='ocrx_word' id='word_1_8' title='bbox 1242 100 1309 139; x_wconf 91' lang='lat'><em>13.</em></span> <span class='ocrx_word' id='word_1_9' title='bbox 1649 94 1756 147; x_wconf 78' lang='lat'><em>215</em></span> 
     </span>
    </p>
   </div>
   <div class='ocr_carea' id='block_1_6' title="bbox 393 214 424 236">
    <p class='ocr_par' dir='ltr' id='par_1_6' title="bbox 393 214 424 236">
     <span class='ocr_line' id='line_1_6' title="bbox 393 214 424 236; baseline -0.032 0"><span class='ocrx_word' id='word_1_10' title='bbox 393 214 424 236; x_wconf 73' lang='lat'><em>3²</em></span> 
     </span>
    </p>
   </div>
   <div class='ocr_carea' id='block_1_7' title="bbox 145 211 1756 384">
    <p class='ocr_par' dir='ltr' id='par_1_7' title="bbox 145 211 1756 378">
     <span class='ocr_line' id='line_1_7' title="bbox 146 211 1756 294; baseline -0.004 -19"><span class='ocrx_word' id='word_1_11' title='bbox 146 217 385 294; x_wconf 74' lang='grc' dir='ltr'><em>πάρειμι.</em></span> <span class='ocrx_word' id='word_1_12' title='bbox 519 222 756 288; x_wconf 86' lang='grc' dir='ltr'><em>Δίφιλος</em></span> <span class='ocrx_word' id='word_1_13' title='bbox 798 212 968 270; x_wconf 76' lang='grc' dir='ltr'><em>πάλιν</em></span> <span class='ocrx_word' id='word_1_14' title='bbox 1007 212 1035 270; x_wconf 85' lang='grc' dir='ltr'>ὁ</span> <span class='ocrx_word' id='word_1_15' title='bbox 1080 212 1316 286; x_wconf 83' lang='grc' dir='ltr'><em>κωμικὸς</em></span> <span class='ocrx_word' id='word_1_16' title='bbox 1360 211 1587 270; x_wconf 72' lang='grc' dir='ltr'><em>τοιαῦτα</em></span> <span class='ocrx_word' id='word_1_17' title='bbox 1631 236 1756 270; x_wconf 88' lang='grc' dir='ltr'><em>τινα</em></span> 
     </span>
     <span class='ocr_line' id='line_1_8' title="bbox 145 301 991 384; baseline -0.006 -24"><span class='ocrx_word' id='word_1_18' title='bbox 145 304 270 378; x_wconf 88' lang='grc' dir='ltr'><em>περὶ</em></span> <span class='ocrx_word' id='word_1_19' title='bbox 302 306 396 384; x_wconf 80' lang='grc' dir='ltr'><em>τῆς</em></span> <span class='ocrx_word' id='word_1_20' title='bbox 421 305 654 377; x_wconf 82' lang='grc' dir='ltr'><em>κρίσεως</em></span> <span class='ocrx_word' id='word_1_21' title='bbox 682 301 991 371; x_wconf 77' lang='grc' dir='ltr'><em>διαλέγεται</em></span> 
     </span>
    </p>
   </div>
   <div class='ocr_carea' id='block_1_8' title="bbox 286 410 1870 1902">
    <p class='ocr_par' dir='ltr' id='par_1_8' title="bbox 287 410 1274 485">
     <span class='ocr_line' id='line_1_9' title="bbox 287 410 1274 485; baseline -0.003 -13"><span class='ocrx_word' id='word_1_22' title='bbox 287 423 387 473; x_wconf 82' lang='grc' dir='ltr'><em>οἴει</em></span> <span class='ocrx_word' id='word_1_23' title='bbox 413 437 474 471; x_wconf 95' lang='grc' dir='ltr'><em>συ</em></span> <span class='ocrx_word' id='word_1_24' title='bbox 499 441 613 481; x_wconf 88' lang='grc' dir='ltr'><em>τους</em></span> <span class='ocrx_word' id='word_1_25' title='bbox 639 417 908 484; x_wconf 82' lang='grc' dir='ltr'><em>θανόντας,</em></span> <span class='ocrx_word' id='word_1_26' title='bbox 939 410 977 470; x_wconf 81' lang='grc' dir='ltr'><em>ῶ</em></span> <span class='ocrx_word' id='word_1_27' title='bbox 1003 417 1274 485; x_wconf 83' lang='grc' dir='ltr'><em>Νικήρατε,</em></span> 
     </span>
    </p>

    <p class='ocr_par' dir='ltr' id='par_1_9' title="bbox 288 484 1287 629">
     <span class='ocr_line' id='line_1_10' title="bbox 289 484 1287 576; baseline -0.003 -34"><span class='ocrx_word' id='word_1_28' title='bbox 289 495 478 558; x_wconf 80' lang='grc' dir='ltr'><em>τρυφῆς</em></span> <span class='ocrx_word' id='word_1_29' title='bbox 502 484 696 556; x_wconf 77' lang='grc' dir='ltr'><em>ἆποὲσης</em></span> <span class='ocrx_word' id='word_1_30' title='bbox 721 487 1089 576; x_wconf 81' lang='grc' dir='ltr'><em>μεταλαβόντας</em></span> <span class='ocrx_word' id='word_1_31' title='bbox 1117 489 1169 539; x_wconf 83' lang='grc' dir='ltr'><em>ἐν</em></span> <span class='ocrx_word' id='word_1_32' title='bbox 1194 492 1287 560; x_wconf 80' lang='grc' dir='ltr'><em>βίῳ</em></span> 
     </span>
     <span class='ocr_line' id='line_1_11' title="bbox 288 556 1245 652; baseline -0.004 -39"><span class='ocrx_word' id='word_1_33' title='bbox 288 563 584 652; x_wconf 80' lang='grc' dir='ltr'><em>πεφευγέναι</em></span> <span class='ocrx_word' id='word_1_34' title='bbox 609 559 661 612; x_wconf 87' lang='grc' dir='ltr'>τὸ</span> <span class='ocrx_word' id='word_1_35' title='bbox 690 569 832 613; x_wconf 80' lang='grc' dir='ltr'><em>θεῖον</em></span> <span class='ocrx_word' id='word_1_36' title='bbox 860 556 924 622; x_wconf 81' lang='grc' dir='ltr'><em>ῶς</em></span> <span class='ocrx_word' id='word_1_37' title='bbox 951 558 1245 625; x_wconf 78' lang='grc' dir='ltr'><em>λεληθότας;</em></span> 
     </span>
    </p>

    <p class='ocr_par' dir='ltr' id='par_1_10' title="bbox 290 623 1387 722">
     <span class='ocr_line' id='line_1_12' title="bbox 290 623 1387 722; baseline -0.003 -39"><span class='ocrx_word' id='word_1_38' title='bbox 290 633 421 684; x_wconf 77' lang='grc' dir='ltr'><em>ἐστιν</em></span> <span class='ocrx_word' id='word_1_39' title='bbox 442 635 586 716; x_wconf 88' lang='grc' dir='ltr'><em>δίκης</em></span> <span class='ocrx_word' id='word_1_40' title='bbox 612 626 888 722; x_wconf 76' lang='grc' dir='ltr'><em>ὀφθαλμὸς,</em></span> <span class='ocrx_word' id='word_1_41' title='bbox 916 627 970 692; x_wconf 76' lang='grc' dir='ltr'><em>ὃς</em></span> <span class='ocrx_word' id='word_1_42' title='bbox 996 652 1054 681; x_wconf 89' lang='grc' dir='ltr'><em>τα</em></span> <span class='ocrx_word' id='word_1_43' title='bbox 1080 629 1237 681; x_wconf 85' lang='grc' dir='ltr'><em>πανθ’</em></span> <span class='ocrx_word' id='word_1_44' title='bbox 1269 623 1387 700; x_wconf 74' lang='grc' dir='ltr'><em>ὁρᾷ·</em></span> 
     </span>
    </p>

    <p class='ocr_par' dir='ltr' id='par_1_11' title="bbox 286 701 1870 978">
     <span class='ocr_line' id='line_1_13' title="bbox 289 701 1475 771; baseline -0.003 -17"><span class='ocrx_word' id='word_1_45' title='bbox 289 724 373 753; x_wconf 84' lang='grc' dir='ltr'><em>και</em></span> <span class='ocrx_word' id='word_1_46' title='bbox 398 725 491 771; x_wconf 78' lang='grc' dir='ltr'><em>γαρ</em></span> <span class='ocrx_word' id='word_1_47' title='bbox 517 703 639 754; x_wconf 87' lang='grc' dir='ltr'><em>καθ’</em></span> <span class='ocrx_word' id='word_1_48' title='bbox 654 701 835 768; x_wconf 81' lang='grc' dir='ltr'><em>Ἀιδην</em></span> <span class='ocrx_word' id='word_1_49' title='bbox 862 702 951 753; x_wconf 79' lang='grc' dir='ltr'><em>δύο</em></span> <span class='ocrx_word' id='word_1_50' title='bbox 977 705 1172 767; x_wconf 82' lang='grc' dir='ltr'><em>τρίβους</em></span> <span class='ocrx_word' id='word_1_51' title='bbox 1198 704 1475 766; x_wconf 76' lang='grc' dir='ltr'><em>νομίζομεν,</em></span> 
     </span>
     <span class='ocr_line' id='line_1_14' title="bbox 286 768 1429 858; baseline -0.004 -34"><span class='ocrx_word' id='word_1_52' title='bbox 286 777 408 840; x_wconf 90' lang='grc' dir='ltr'><em>μίαν</em></span> <span class='ocrx_word' id='word_1_53' title='bbox 436 776 654 838; x_wconf 82' lang='grc' dir='ltr'><em>δικαίων,</em></span> <span class='ocrx_word' id='word_1_54' title='bbox 685 774 852 858; x_wconf 79' lang='grc' dir='ltr'><em>ἑτέραν</em></span> <span class='ocrx_word' id='word_1_55' title='bbox 880 769 924 822; x_wconf 81' lang='grc' dir='ltr'><em>δ’</em></span> <span class='ocrx_word' id='word_1_56' title='bbox 955 769 1147 856; x_wconf 83' lang='grc' dir='ltr'><em>ἆσεβῶν</em></span> <span class='ocrx_word' id='word_1_57' title='bbox 1175 769 1265 822; x_wconf 69' lang='grc' dir='ltr'><em>εἶν’</em></span> <span class='ocrx_word' id='word_1_58' title='bbox 1295 768 1429 840; x_wconf 85' lang='grc' dir='ltr'><em>όρον.</em></span> 
     </span>
     <span class='ocr_line' id='line_1_15' title="bbox 289 840 1870 925; baseline -0.001 -30"><span class='ocrx_word' id='word_1_59' title='bbox 289 845 374 895; x_wconf 85' lang='grc' dir='ltr'><em>καὶ</em></span> <span class='ocrx_word' id='word_1_60' title='bbox 400 846 444 895; x_wconf 82' lang='grc' dir='ltr'><em>εἰ</em></span> <span class='ocrx_word' id='word_1_61' title='bbox 467 843 581 905; x_wconf 78' lang='grc' dir='ltr'><em>τοὺς</em></span> <span class='ocrx_word' id='word_1_62' title='bbox 609 843 696 895; x_wconf 82' lang='grc' dir='ltr'><em>δύο</em></span> <span class='ocrx_word' id='word_1_63' title='bbox 723 842 940 907; x_wconf 79' lang='grc' dir='ltr'><em>καλύψει</em></span> <span class='ocrx_word' id='word_1_64' title='bbox 965 862 996 906; x_wconf 88' lang='grc' dir='ltr'><em>η</em></span> <span class='ocrx_word' id='word_1_65' title='bbox 1025 845 1089 909; x_wconf 69' lang='grc' dir='ltr'><em>γῆ</em></span> <span class='ocrx_word' id='word_1_66' title='bbox 1115 843 1236 925; x_wconf 85' lang='grc' dir='ltr'><em>φασὶ</em></span> <span class='ocrx_word' id='word_1_67' title='bbox 1263 845 1332 893; x_wconf 84' lang='grc' dir='ltr'><em>τῶ</em></span> <span class='ocrx_word' id='word_1_68' title='bbox 1357 841 1506 893; x_wconf 82' lang='grc' dir='ltr'><em>παντὶ</em></span> <span class='ocrx_word' id='word_1_69' title='bbox 1535 840 1714 911; x_wconf 84' lang='grc' dir='ltr'><em>χρόνῳ,</em></span> <span class='ocrx_word' id='word_1_70' title='bbox 1780 866 1870 908; x_wconf 76' lang='grc'><strong>(634)</strong></span> 
     </span>
     <span class='ocr_line' id='line_1_16' title="bbox 288 908 1222 1004; baseline 0 -40"><span class='ocrx_word' id='word_1_71' title='bbox 288 910 524 966; x_wconf 84' lang='grc' dir='ltr'><em>απελθῶν</em></span> <span class='ocrx_word' id='word_1_72' title='bbox 551 908 720 966; x_wconf 73' lang='grc' dir='ltr'><em>κλέπτ’</em></span> <span class='ocrx_word' id='word_1_73' title='bbox 727 952 740 978; x_wconf 91' lang='grc'><em>,</em></span> <span class='ocrx_word' id='word_1_74' title='bbox 767 911 1036 1004; x_wconf 77' lang='grc' dir='ltr'><em>ἀποστέρει,</em></span> <span class='ocrx_word' id='word_1_75' title='bbox 1066 911 1222 964; x_wconf 80' lang='grc' dir='ltr'><em>κύκα·</em></span> 
     </span>
    </p>

    <p class='ocr_par' dir='ltr' id='par_1_12' title="bbox 288 979 1395 1123">
     <span class='ocr_line' id='line_1_17' title="bbox 288 979 1395 1054; baseline -0.003 -18"><span class='ocrx_word' id='word_1_76' title='bbox 288 985 442 1051; x_wconf 81' lang='grc' dir='ltr'><em>μηδὲν</em></span> <span class='ocrx_word' id='word_1_77' title='bbox 465 987 744 1054; x_wconf 80' lang='grc' dir='ltr'><em>πλανηθῇς,</em></span> <span class='ocrx_word' id='word_1_78' title='bbox 774 986 872 1035; x_wconf 92' lang='grc' dir='ltr'><em>ε’στι</em></span> <span class='ocrx_word' id='word_1_79' title='bbox 899 979 1000 1034; x_wconf 80' lang='grc' dir='ltr'><em>κᾶν</em></span> <span class='ocrx_word' id='word_1_80' title='bbox 1010 980 1190 1034; x_wconf 81' lang='grc' dir='ltr'><em>Ἀιδου</em></span> <span class='ocrx_word' id='word_1_81' title='bbox 1218 986 1395 1049; x_wconf 89' lang='grc' dir='ltr'><em>κρίσις,</em></span> 
     </span>
     <span class='ocr_line' id='line_1_18' title="bbox 288 1050 1401 1142; baseline -0.002 -36"><span class='ocrx_word' id='word_1_82' title='bbox 288 1053 465 1142; x_wconf 70' lang='grc' dir='ltr'><em>’ἤνπερ</em></span> <span class='ocrx_word' id='word_1_83' title='bbox 472 1055 666 1121; x_wconf 86' lang='grc' dir='ltr'><em>ποιήσει</em></span> <span class='ocrx_word' id='word_1_84' title='bbox 691 1050 810 1138; x_wconf 77' lang='grc' dir='ltr'><em>θεὸς</em></span> <span class='ocrx_word' id='word_1_85' title='bbox 836 1050 861 1105; x_wconf 86' lang='lat'><em>6</em></span> <span class='ocrx_word' id='word_1_86' title='bbox 888 1075 1090 1105; x_wconf 86' lang='grc' dir='ltr'><em>παντων</em></span> <span class='ocrx_word' id='word_1_87' title='bbox 1117 1054 1401 1139; x_wconf 79' lang='grc' dir='ltr'><em>δεσπότης,</em></span> 
     </span>
    </p>

    <p class='ocr_par' dir='ltr' id='par_1_13' title="bbox 290 1118 1544 1318">
     <span class='ocr_line' id='line_1_19' title="bbox 291 1118 1544 1194; baseline -0.001 -18"><span class='ocrx_word' id='word_1_88' title='bbox 291 1127 349 1177; x_wconf 83' lang='grc' dir='ltr'><em>οὑ</em></span> <span class='ocrx_word' id='word_1_89' title='bbox 374 1123 592 1192; x_wconf 75' lang='grc' dir='ltr'><em>τοῦνομα</em></span> <span class='ocrx_word' id='word_1_90' title='bbox 618 1122 852 1194; x_wconf 80' lang='grc' dir='ltr'><em>φοβερὸν,</em></span> <span class='ocrx_word' id='word_1_91' title='bbox 882 1118 988 1176; x_wconf 80' lang='lat' dir='ltr'>0v‘6’</span> <span class='ocrx_word' id='word_1_92' title='bbox 1019 1145 1083 1175; x_wconf 91' lang='grc' dir='ltr'><em>αν</em></span> <span class='ocrx_word' id='word_1_93' title='bbox 1109 1119 1401 1190; x_wconf 80' lang='grc' dir='ltr'><em>ὀνομασαιμ’</em></span> <span class='ocrx_word' id='word_1_94' title='bbox 1433 1121 1544 1191; x_wconf 77' lang='grc' dir='ltr'><em>ἐγώ.</em></span> 
     </span>
     <span class='ocr_line' id='line_1_20' title="bbox 290 1190 1298 1264; baseline -0.002 -16"><span class='ocrx_word' id='word_1_95' title='bbox 290 1193 344 1258; x_wconf 81' lang='grc' dir='ltr'><em>ὀς</em></span> <span class='ocrx_word' id='word_1_96' title='bbox 368 1203 468 1259; x_wconf 82' lang='grc' dir='ltr'><em>τοῖς</em></span> <span class='ocrx_word' id='word_1_97' title='bbox 491 1193 831 1264; x_wconf 81' lang='grc' dir='ltr'><em>ἆμαρτανουσι</em></span> <span class='ocrx_word' id='word_1_98' title='bbox 855 1190 979 1260; x_wconf 80' lang='grc' dir='ltr'><em>πρὸς</em></span> <span class='ocrx_word' id='word_1_99' title='bbox 1005 1199 1162 1262; x_wconf 80' lang='grc' dir='ltr'><em>μῆκος</em></span> <span class='ocrx_word' id='word_1_100' title='bbox 1187 1199 1298 1262; x_wconf 86' lang='grc' dir='ltr'><em>βίον</em></span> 
     </span>
     <span class='ocr_line' id='line_1_21' title="bbox 291 1269 507 1320; baseline 0.005 -3"><span class='ocrx_word' id='word_1_101' title='bbox 291 1269 507 1320; x_wconf 87' lang='grc' dir='ltr'><em>δίδωσιν.</em></span> 
     </span>
    </p>

    <p class='ocr_par' dir='ltr' id='par_1_14' title="bbox 292 1331 1272 1423">
     <span class='ocr_line' id='line_1_22' title="bbox 292 1331 1272 1423; baseline -0.004 -33"><span class='ocrx_word' id='word_1_102' title='bbox 292 1340 344 1390; x_wconf 88' lang='grc' dir='ltr'><em>εἰ’</em></span> <span class='ocrx_word' id='word_1_103' title='bbox 361 1360 434 1399; x_wconf 91' lang='grc' dir='ltr'><em>τις</em></span> <span class='ocrx_word' id='word_1_104' title='bbox 463 1339 514 1390; x_wconf 82' lang='grc' dir='ltr'><em>δὲ</em></span> <span class='ocrx_word' id='word_1_105' title='bbox 540 1341 743 1423; x_wconf 78' lang='grc' dir='ltr'><em>θνητῶν</em></span> <span class='ocrx_word' id='word_1_106' title='bbox 770 1339 923 1387; x_wconf 88' lang='grc' dir='ltr'><em>οιέται</em></span> <span class='ocrx_word' id='word_1_107' title='bbox 949 1331 1272 1421; x_wconf 80' lang='grc' dir='ltr'><em>τοῦφημέραν</em></span> 
     </span>
    </p>

    <p class='ocr_par' dir='ltr' id='par_1_15' title="bbox 291 1404 1811 1616">
     <span class='ocr_line' id='line_1_23' title="bbox 291 1404 1392 1493; baseline -0.002 -33"><span class='ocrx_word' id='word_1_108' title='bbox 291 1406 447 1460; x_wconf 87' lang='grc' dir='ltr'><em>κακόν</em></span> <span class='ocrx_word' id='word_1_109' title='bbox 473 1431 519 1460; x_wconf 89' lang='grc' dir='ltr'><em>τι</em></span> <span class='ocrx_word' id='word_1_110' title='bbox 545 1424 778 1493; x_wconf 87' lang='grc' dir='ltr'><em>πρασσων</em></span> <span class='ocrx_word' id='word_1_111' title='bbox 800 1406 914 1468; x_wconf 79' lang='grc' dir='ltr'><em>τούς</em></span> <span class='ocrx_word' id='word_1_112' title='bbox 940 1404 1092 1468; x_wconf 77' lang='grc' dir='ltr'><em>θεοὺς</em></span> <span class='ocrx_word' id='word_1_113' title='bbox 1111 1408 1392 1473; x_wconf 80' lang='grc' dir='ltr'><em>λεληθέναι,</em></span> 
     </span>
     <span class='ocr_line' id='line_1_24' title="bbox 292 1474 1811 1565; baseline -0.003 -34"><span class='ocrx_word' id='word_1_114' title='bbox 292 1482 429 1531; x_wconf 85' lang='grc' dir='ltr'><em>δοκεῖ</em></span> <span class='ocrx_word' id='word_1_115' title='bbox 450 1474 665 1565; x_wconf 74' lang='grc' dir='ltr'><em>πονηρὰ</em></span> <span class='ocrx_word' id='word_1_116' title='bbox 669 1479 751 1529; x_wconf 84' lang='grc' dir='ltr'><em>καὶ</em></span> <span class='ocrx_word' id='word_1_117' title='bbox 780 1480 942 1529; x_wconf 87' lang='grc' dir='ltr'><em>δοκῶν</em></span> <span class='ocrx_word' id='word_1_118' title='bbox 966 1475 1234 1542; x_wconf 77' lang='grc' dir='ltr'><em>ἁλίσκεται,</em></span> <span class='ocrx_word' id='word_1_119' title='bbox 1785 1498 1811 1531; x_wconf 75' lang='lat'><em>1,</em></span> 
     </span>
     <span class='ocr_line' id='line_1_25' title="bbox 293 1544 1226 1638; baseline -0.002 -38"><span class='ocrx_word' id='word_1_120' title='bbox 293 1547 412 1601; x_wconf 91' lang='grc' dir='ltr'><em>όταν</em></span> <span class='ocrx_word' id='word_1_121' title='bbox 429 1544 619 1638; x_wconf 80' lang='grc' dir='ltr'><em>σχολην</em></span> <span class='ocrx_word' id='word_1_122' title='bbox 644 1565 831 1616; x_wconf 84' lang='grc' dir='ltr'><em>αγουσα</em></span> <span class='ocrx_word' id='word_1_123' title='bbox 855 1570 1073 1620; x_wconf 76' lang='grc' dir='ltr'><em>τυγχανη</em></span> <span class='ocrx_word' id='word_1_124' title='bbox 1099 1551 1226 1613; x_wconf 87' lang='grc' dir='ltr'><em>δίκη.</em></span> 
     </span>
    </p>

    <p class='ocr_par' dir='ltr' id='par_1_16' title="bbox 292 1615 1226 1688">
     <span class='ocr_line' id='line_1_26' title="bbox 292 1615 1226 1688; baseline -0.001 -17"><span class='ocrx_word' id='word_1_125' title='bbox 292 1615 441 1688; x_wconf 76' lang='grc' dir='ltr'><em>ὁρᾶθ’</em></span> <span class='ocrx_word' id='word_1_126' title='bbox 472 1619 577 1671; x_wconf 88' lang='grc' dir='ltr'><em>όσοι</em></span> <span class='ocrx_word' id='word_1_127' title='bbox 606 1622 790 1671; x_wconf 82' lang='grc' dir='ltr'><em>δοκεῖτε</em></span> <span class='ocrx_word' id='word_1_128' title='bbox 816 1618 907 1671; x_wconf 81' lang='grc' dir='ltr'><em>οὐκ</em></span> <span class='ocrx_word' id='word_1_129' title='bbox 933 1617 1059 1671; x_wconf 86' lang='grc' dir='ltr'><em>εἷναι</em></span> <span class='ocrx_word' id='word_1_130' title='bbox 1088 1616 1226 1672; x_wconf 90' lang='grc' dir='ltr'><em>θεόν.</em></span> 
     </span>
    </p>

    <p class='ocr_par' dir='ltr' id='par_1_17' title="bbox 291 1691 1456 1900">
     <span class='ocr_line' id='line_1_27' title="bbox 293 1691 1456 1758; baseline -0.002 -16"><span class='ocrx_word' id='word_1_131' title='bbox 293 1692 426 1743; x_wconf 88' lang='grc' dir='ltr'><em>ε’στιν</em></span> <span class='ocrx_word' id='word_1_132' title='bbox 451 1711 559 1758; x_wconf 76' lang='grc' dir='ltr'><em>γαρ,</em></span> <span class='ocrx_word' id='word_1_133' title='bbox 590 1692 739 1743; x_wconf 71' lang='grc' dir='ltr'><em>ἔστιν.</em></span> <span class='ocrx_word' id='word_1_134' title='bbox 807 1692 850 1741; x_wconf 87' lang='grc' dir='ltr'><em>εἰ</em></span> <span class='ocrx_word' id='word_1_135' title='bbox 873 1691 924 1741; x_wconf 90' lang='grc' dir='ltr'><em>δέ</em></span> <span class='ocrx_word' id='word_1_136' title='bbox 950 1711 1021 1752; x_wconf 89' lang='grc' dir='ltr'><em>τις</em></span> <span class='ocrx_word' id='word_1_137' title='bbox 1047 1711 1244 1758; x_wconf 89' lang='grc' dir='ltr'><em>πραττει</em></span> <span class='ocrx_word' id='word_1_138' title='bbox 1273 1692 1456 1754; x_wconf 87' lang='grc' dir='ltr'><em>κακῶς,</em></span> 
     </span>
     <span class='ocr_line' id='line_1_28' title="bbox 291 1757 1371 1830; baseline 0 -18"><span class='ocrx_word' id='word_1_139' title='bbox 291 1759 443 1824; x_wconf 86' lang='grc' dir='ltr'><em>κακὸς</em></span> <span class='ocrx_word' id='word_1_140' title='bbox 468 1761 722 1830; x_wconf 81' lang='grc' dir='ltr'><em>πεφυκὼς,</em></span> <span class='ocrx_word' id='word_1_141' title='bbox 748 1759 832 1812; x_wconf 85' lang='grc' dir='ltr'><em>τὸν</em></span> <span class='ocrx_word' id='word_1_142' title='bbox 856 1757 1035 1828; x_wconf 90' lang='grc' dir='ltr'><em>χρόνον</em></span> <span class='ocrx_word' id='word_1_143' title='bbox 1061 1762 1371 1828; x_wconf 83' lang='grc' dir='ltr'><em>κερδαινέτω,</em></span> 
     </span>
     <span class='ocr_line' id='line_1_29' title="bbox 291 1830 1327 1902; baseline -0.002 -19"><span class='ocrx_word' id='word_1_144' title='bbox 291 1832 449 1902; x_wconf 85' lang='grc' dir='ltr'><em>χρόνῳ</em></span> <span class='ocrx_word' id='word_1_145' title='bbox 475 1853 568 1900; x_wconf 71' lang='grc' dir='ltr'><em>γαρ</em></span> <span class='ocrx_word' id='word_1_146' title='bbox 596 1830 738 1893; x_wconf 79' lang='grc' dir='ltr'><em>οὗτος</em></span> <span class='ocrx_word' id='word_1_147' title='bbox 763 1830 966 1900; x_wconf 72' lang='grc' dir='ltr'><em>ὕστερον</em></span> <span class='ocrx_word' id='word_1_148' title='bbox 995 1830 1139 1884; x_wconf 77' lang='grc' dir='ltr'><em>δώσει</em></span> <span class='ocrx_word' id='word_1_149' title='bbox 1166 1835 1327 1897; x_wconf 88' lang='grc' dir='ltr'><em>δίκην.</em></span> 
     </span>
    </p>
   </div>
   <div class='ocr_carea' id='block_1_9' title="bbox 147 1946 1689 2030">
    <p class='ocr_par' dir='ltr' id='par_1_18' title="bbox 147 1946 1689 2030">
     <span class='ocr_line' id='line_1_30' title="bbox 147 1946 1689 2030; baseline -0.001 -23"><span class='ocrx_word' id='word_1_150' title='bbox 147 1955 232 2010; x_wconf 83' lang='grc'><em>48.</em></span> <span class='ocrx_word' id='word_1_151' title='bbox 282 1950 512 2030; x_wconf 77' lang='grc' dir='ltr'><em>συνᾴδει</em></span> <span class='ocrx_word' id='word_1_152' title='bbox 547 1951 608 2010; x_wconf 80' lang='lat'><em>66</em></span> <span class='ocrx_word' id='word_1_153' title='bbox 638 1949 850 2017; x_wconf 80' lang='grc' dir='ltr'><em>τούτοις</em></span> <span class='ocrx_word' id='word_1_154' title='bbox 882 1953 972 2008; x_wconf 85' lang='grc' dir='ltr'><em>καὶ</em></span> <span class='ocrx_word' id='word_1_155' title='bbox 1006 1946 1039 2024; x_wconf 78' lang='grc' dir='ltr'>ἡ</span> <span class='ocrx_word' id='word_1_156' title='bbox 1073 1956 1356 2029; x_wconf 72' lang='grc' dir='ltr'><em>τραγῳδία</em></span> <span class='ocrx_word' id='word_1_157' title='bbox 1388 1948 1480 2007; x_wconf 79' lang='grc' dir='ltr'><em>διὰ</em></span> <span class='ocrx_word' id='word_1_158' title='bbox 1509 1948 1689 2006; x_wconf 78' lang='grc' dir='ltr'><em>τῶνδε</em></span> 
     </span>
    </p>
   </div>
   <div class='ocr_carea' id='block_1_10' title="bbox 293 2055 1382 2408">
    <p class='ocr_par' dir='ltr' id='par_1_19' title="bbox 294 2055 1382 2340">
     <span class='ocr_line' id='line_1_31' title="bbox 297 2055 1334 2148; baseline -0.004 -35"><span class='ocrx_word' id='word_1_159' title='bbox 297 2062 430 2113; x_wconf 68' lang='grc' dir='ltr'><em>ἔσται</em></span> <span class='ocrx_word' id='word_1_160' title='bbox 458 2059 569 2148; x_wconf 74' lang='grc' dir='ltr'><em>γὰρ,</em></span> <span class='ocrx_word' id='word_1_161' title='bbox 598 2064 730 2114; x_wconf 79' lang='grc' dir='ltr'><em>ἔσται</em></span> <span class='ocrx_word' id='word_1_162' title='bbox 755 2067 917 2122; x_wconf 88' lang='grc' dir='ltr'><em>κεῖνος</em></span> <span class='ocrx_word' id='word_1_163' title='bbox 943 2061 1120 2122; x_wconf 84' lang='grc' dir='ltr'><em>αἰῶνος</em></span> <span class='ocrx_word' id='word_1_164' title='bbox 1146 2055 1334 2126; x_wconf 83' lang='grc' dir='ltr'><em>χρόνος,</em></span> 
     </span>
     <span class='ocr_line' id='line_1_32' title="bbox 295 2126 1300 2216; baseline -0.004 -32.992"><span class='ocrx_word' id='word_1_165' title='bbox 295 2131 414 2183; x_wconf 89' lang='grc' dir='ltr'><em>όταν</em></span> <span class='ocrx_word' id='word_1_166' title='bbox 440 2131 596 2216; x_wconf 88' lang='grc' dir='ltr'><em>πυρὸς</em></span> <span class='ocrx_word' id='word_1_167' title='bbox 620 2134 831 2216; x_wconf 74' lang='grc' dir='ltr'><em>γέμοντα</em></span> <span class='ocrx_word' id='word_1_168' title='bbox 856 2126 1119 2198; x_wconf 81' lang='grc' dir='ltr'><em>θησαυρὸν</em></span> <span class='ocrx_word' id='word_1_169' title='bbox 1146 2146 1300 2198; x_wconf 81' lang='grc' dir='ltr'><em>σχασῃ</em></span> 
     </span>
     <span class='ocr_line' id='line_1_33' title="bbox 296 2192 1382 2288; baseline -0.004 -36"><span class='ocrx_word' id='word_1_170' title='bbox 296 2199 549 2288; x_wconf 81' lang='grc' dir='ltr'><em>χρυσωπός</em></span> <span class='ocrx_word' id='word_1_171' title='bbox 556 2201 754 2288; x_wconf 83' lang='grc' dir='ltr'><em>αἰθήρ</em></span> <span class='ocrx_word' id='word_1_172' title='bbox 793 2224 824 2266; x_wconf 89' lang='grc' dir='ltr'><em>η</em></span> <span class='ocrx_word' id='word_1_173' title='bbox 854 2203 907 2254; x_wconf 88' lang='lat'><em>66</em></span> <span class='ocrx_word' id='word_1_174' title='bbox 931 2205 1235 2267; x_wconf 88' lang='grc' dir='ltr'><em>βοσκηθεῐσα</em></span> <span class='ocrx_word' id='word_1_175' title='bbox 1262 2192 1382 2264; x_wconf 75' lang='grc' dir='ltr'><em>φλὸξ</em></span> 
     </span>
     <span class='ocr_line' id='line_1_34' title="bbox 294 2268 1114 2340; baseline -0.004 -17"><span class='ocrx_word' id='word_1_176' title='bbox 294 2293 489 2324; x_wconf 88' lang='grc' dir='ltr'><em>απαντα</em></span> <span class='ocrx_word' id='word_1_177' title='bbox 515 2269 743 2340; x_wconf 79' lang='grc' dir='ltr'><em>τᾶπίγεια</em></span> <span class='ocrx_word' id='word_1_178' title='bbox 768 2273 851 2323; x_wconf 84' lang='grc' dir='ltr'><em>καὶ</em></span> <span class='ocrx_word' id='word_1_179' title='bbox 878 2268 1114 2338; x_wconf 73' lang='grc' dir='ltr'><em>μετάρσια</em></span> 
     </span>
    </p>

    <p class='ocr_par' dir='ltr' id='par_1_20' title="bbox 293 2343 704 2408">
     <span class='ocr_line' id='line_1_35' title="bbox 293 2343 704 2408; baseline -0.005 -14"><span class='ocrx_word' id='word_1_180' title='bbox 293 2343 457 2408; x_wconf 81' lang='grc' dir='ltr'><em>φλέξει</em></span> <span class='ocrx_word' id='word_1_181' title='bbox 484 2349 704 2408; x_wconf 85' lang='grc' dir='ltr'><em>μανεῖσα</em></span> 
     </span>
    </p>
   </div>
   <div class='ocr_carea' id='block_1_11' title="bbox 86 2452 1879 2534">
    <p class='ocr_par' dir='ltr' id='par_1_21' title="bbox 86 2452 1879 2534">
     <span class='ocr_line' id='line_1_36' title="bbox 86 2452 1879 2534; baseline -0.005 -14"><span class='ocrx_word' id='word_1_182' title='bbox 86 2488 132 2520; x_wconf 79' lang='lat'><em>30</em></span> <span class='ocrx_word' id='word_1_183' title='bbox 156 2463 248 2518; x_wconf 86' lang='grc' dir='ltr'><em>καὶ</em></span> <span class='ocrx_word' id='word_1_184' title='bbox 277 2457 396 2534; x_wconf 86' lang='grc' dir='ltr'><em>μετ’</em></span> <span class='ocrx_word' id='word_1_185' title='bbox 429 2457 588 2533; x_wconf 79' lang='grc' dir='ltr'><em>ὀλίγα</em></span> <span class='ocrx_word' id='word_1_186' title='bbox 620 2452 787 2526; x_wconf 74' lang='grc' dir='ltr'><em>αὖθις</em></span> <span class='ocrx_word' id='word_1_187' title='bbox 821 2461 1069 2533; x_wconf 82' lang='grc' dir='ltr'><em>ἐπιφέρει</em></span> <span class='ocrx_word' id='word_1_188' title='bbox 1788 2479 1879 2521; x_wconf 84' lang='lat'>[401]</span> 
     </span>
    </p>
   </div>
   <div class='ocr_carea' id='block_1_12' title="bbox 297 2561 1820 2916">
    <p class='ocr_par' dir='ltr' id='par_1_22' title="bbox 298 2561 1820 2916">
     <span class='ocr_line' id='line_1_37' title="bbox 300 2561 1820 2650; baseline -0.006 -32"><span class='ocrx_word' id='word_1_189' title='bbox 300 2599 360 2606; x_wconf 83' lang='lat'>-</span> <span class='ocrx_word' id='word_1_190' title='bbox 376 2599 445 2606; x_wconf 94' lang='lat'>—</span> <span class='ocrx_word' id='word_1_191' title='bbox 471 2561 595 2618; x_wconf 84' lang='grc' dir='ltr'><em>ε’παν</em></span> <span class='ocrx_word' id='word_1_192' title='bbox 623 2566 675 2618; x_wconf 83' lang='grc' dir='ltr'><em>δὲ</em></span> <span class='ocrx_word' id='word_1_193' title='bbox 700 2566 875 2635; x_wconf 79' lang='grc' dir='ltr'><em>ἐκλίπῃ</em></span> <span class='ocrx_word' id='word_1_194' title='bbox 899 2563 951 2616; x_wconf 87' lang='grc' dir='ltr'><em>τὸ</em></span> <span class='ocrx_word' id='word_1_195' title='bbox 977 2568 1107 2650; x_wconf 76' lang='grc' dir='ltr'><em>πᾶν,</em></span> <span class='ocrx_word' id='word_1_196' title='bbox 1370 2608 1384 2621; x_wconf 77' lang='grc'><strong>,</strong></span> <span class='ocrx_word' id='word_1_197' title='bbox 1803 2587 1820 2609; x_wconf 82' lang='lat' dir='ltr'>c</span> 
     </span>
     <span class='ocr_line' id='line_1_38' title="bbox 298 2629 1407 2723; baseline -0.004 -35"><span class='ocrx_word' id='word_1_198' title='bbox 298 2639 516 2702; x_wconf 81' lang='grc' dir='ltr'><em>φροῦδος</em></span> <span class='ocrx_word' id='word_1_199' title='bbox 541 2637 631 2723; x_wconf 81' lang='grc' dir='ltr'><em>μὲν</em></span> <span class='ocrx_word' id='word_1_200' title='bbox 657 2638 793 2687; x_wconf 88' lang='grc' dir='ltr'><em>ε’σται</em></span> <span class='ocrx_word' id='word_1_201' title='bbox 818 2632 1050 2720; x_wconf 74' lang='grc' dir='ltr'><em>κυμάτων</em></span> <span class='ocrx_word' id='word_1_202' title='bbox 1075 2633 1205 2695; x_wconf 75' lang='grc' dir='ltr'><em>ἅπας</em></span> <span class='ocrx_word' id='word_1_203' title='bbox 1231 2629 1407 2701; x_wconf 77' lang='grc' dir='ltr'><em>βυθὸς,</em></span> 
     </span>
     <span class='ocr_line' id='line_1_39' title="bbox 297 2701 1234 2775; baseline -0.001 -17.963"><span class='ocrx_word' id='word_1_204' title='bbox 297 2711 362 2775; x_wconf 76' lang='grc' dir='ltr'><em>γῆ</em></span> <span class='ocrx_word' id='word_1_205' title='bbox 390 2708 490 2759; x_wconf 87' lang='lat'><em>66’</em></span> <span class='ocrx_word' id='word_1_206' title='bbox 466 2727 658 2773; x_wconf 86' lang='grc' dir='ltr'><em>ερανων</em></span> <span class='ocrx_word' id='word_1_207' title='bbox 686 2708 881 2772; x_wconf 85' lang='grc' dir='ltr'><em>ε’ρημος,</em></span> <span class='ocrx_word' id='word_1_208' title='bbox 909 2701 1070 2757; x_wconf 84' lang='grc' dir='ltr'><em>ουδὲ’</em></span> <span class='ocrx_word' id='word_1_209' title='bbox 1049 2701 1129 2773; x_wconf 86' lang='grc' dir='ltr'><em>αρ’</em></span> <span class='ocrx_word' id='word_1_210' title='bbox 1162 2706 1234 2756; x_wconf 80' lang='grc' dir='ltr'><em>ε’τι</em></span> 
     </span>
     <span class='ocr_line' id='line_1_40' title="bbox 299 2774 1299 2864; baseline -0.005 -35"><span class='ocrx_word' id='word_1_211' title='bbox 299 2798 521 2864; x_wconf 83' lang='grc' dir='ltr'><em>πτερωτα</em></span> <span class='ocrx_word' id='word_1_212' title='bbox 544 2781 680 2843; x_wconf 84' lang='grc' dir='ltr'><em>φῦλα</em></span> <span class='ocrx_word' id='word_1_213' title='bbox 705 2774 968 2864; x_wconf 83' lang='grc' dir='ltr'><em>βλαστήσει</em></span> <span class='ocrx_word' id='word_1_214' title='bbox 995 2776 1299 2860; x_wconf 85' lang='grc' dir='ltr'><em>πυρουμένη,</em></span> 
     </span>
     <span class='ocr_line' id='line_1_41' title="bbox 302 2841 1395 2916; baseline -0.006 -16"><span class='ocrx_word' id='word_1_215' title='bbox 302 2869 510 2900; x_wconf 86' lang='grc' dir='ltr'><em>καπειτα</em></span> <span class='ocrx_word' id='word_1_216' title='bbox 535 2846 675 2899; x_wconf 87' lang='grc' dir='ltr'><em>σωσει</em></span> <span class='ocrx_word' id='word_1_217' title='bbox 702 2843 864 2898; x_wconf 82' lang='grc' dir='ltr'><em>πανθ’</em></span> <span class='ocrx_word' id='word_1_218' title='bbox 893 2869 924 2898; x_wconf 87' lang='grc' dir='ltr'><em>α</em></span> <span class='ocrx_word' id='word_1_219' title='bbox 951 2841 1131 2916; x_wconf 80' lang='grc' dir='ltr'><em>πρόσθ’</em></span> <span class='ocrx_word' id='word_1_220' title='bbox 1161 2844 1395 2896; x_wconf 75' lang='grc' dir='ltr'><em>ἀπώλεσε.</em></span> 
     </span>
    </p>
   </div>
  </div>
 </body>
</html>
