2014 3146
261 102 330 155 58
934 103 1183 146 EUSEBII

263 225 599 294 προσχρῆται
630 225 708 286 εἰς
736 215 797 276 τὸ
828 231 1057 276 σκοπεῖν
1086 243 1163 291 τι,
1196 215 1230 291 ’ἢ
1262 217 1353 277 διὰ
1383 221 1483 277 τοῦ
1511 214 1679 292 ὁρᾶν,
1711 215 1744 292 ἢ
1779 219 1869 276 διὰ

262 306 361 361 τοῦ
400 301 654 376 ἀκούειν,
695 298 729 376 ἢ
774 300 847 360 δι’
893 300 1060 375 ἄλλης
1101 302 1248 369 τινὸς
1289 302 1626 376 αἰσθήσεως·
1685 303 1868 377 (τοῦτο

262 387 367 463 γάρ
400 391 514 446 ἐστι
543 386 602 445 τὸ
637 386 727 444 διὰ
757 391 856 444 τοῦ
887 384 1155 460 σώματος,
1190 385 1249 444 τὸ
1282 385 1355 445 δι’
1393 386 1706 461 αἰσθήσεως
1738 406 1868 446 σκο-

263 486 390 530 πεῖν
435 471 535 545 τι·)
609 470 730 529 τότε
773 471 876 545 μὲν
916 473 1127 528 ἕλκεται
1178 467 1287 529 ὑπὸ
1338 475 1437 528 τοῦ
1490 470 1737 546 σώματος
1790 478 1868 539 εἰς

262 558 432 613 ταῦτα
472 555 537 614 τὰ
578 556 852 630 μηδέποτε
893 554 1031 612 κατὰ
1069 554 1242 613 ταυτά
1291 562 1512 630 ἔχοντα·
1586 559 1678 613 καὶ
1729 552 1867 628 αὕτη
1891 579 1911 612 5

263 643 535 698 πλανᾶται
577 643 669 698 καὶ
709 638 1028 739 ταράττεται
1077 641 1170 698 καὶ
1212 643 1417 716 ἰλιγγιᾷ
1458 638 1643 715 ὥσπερ
1685 639 1869 713 μεθύ-

263 743 423 797 ουσα,
454 723 548 782 άτε
576 723 843 783 τοιούτων
874 714 1252 798 ἐφαπτομένη;
1286 723 1451 783 Πάνυ
1481 749 1558 798 γε.
1611 730 1689 782 10.
1702 721 1871 783 Ὀταν

267 810 327 866 δε
371 807 510 882 αὐτὴ
551 806 896 882 καθἀὑτὴν
937 813 1146 884 σκοπῇ,
1190 813 1366 867 ἐκεῖσε
1411 817 1644 883 οἴχεται,
1692 814 1769 877 εἰς
1810 807 1871 866 τὸ

263 892 516 967 καθαρόν
556 917 615 951 τε
657 896 749 951 καὶ
780 892 865 951 ἀεὶ
906 889 973 951 ὂν
1013 896 1106 951 καὶ
1147 892 1433 952 ἀθάνατον
1474 896 1566 951 καὶ
1607 889 1871 959 ὡσαύτως

266 985 420 1052 ἔχον,
463 980 555 1035 καὶ
597 976 669 1046 ὡς
711 977 977 1051 ξυγγενὴς
1007 971 1147 1035 οὖσα
1181 976 1352 1036 αὐτοῦ
1382 975 1468 1036 άεὶ
1497 976 1614 1051 μετ’
1654 980 1870 1036 ἐκείνου
1895 999 1937 1031 10

264 1087 323 1120 τε
353 1069 594 1136 γίνεται,
636 1061 770 1121 ὅταν
799 1084 903 1135 περ
934 1059 1074 1135 αὐτὴ
1105 1059 1238 1120 καθ’
1274 1061 1477 1135 ἑαυτὴν
1516 1064 1740 1135 γένηται
1780 1064 1873 1120 καὶ

267 1149 361 1221 ἐξῇ
409 1144 578 1222 αὐτῇ,
624 1148 716 1204 καὶ
757 1148 1040 1205 πέπαυταί
1083 1171 1141 1205 τε
1191 1150 1289 1205 τοῦ
1341 1145 1556 1204 πλάνου
1605 1149 1697 1204 καὶ
1747 1149 1872 1220 περὶ

267 1234 452 1290 ἐκεῖνα
481 1228 567 1288 άεὶ
598 1229 735 1289 κατὰ
764 1231 830 1289 τὰ
862 1230 1000 1289 αὐτὰ
1028 1233 1120 1288 καὶ
1141 1227 1403 1298 ὡσαύτως
1424 1237 1551 1305 ἔχει,
1583 1229 1678 1288 ἅτε
1698 1230 1874 1289 τοιού-

264 1340 376 1373 των
399 1317 764 1389 ἐφαπτομένη.
798 1318 891 1373 aaz
910 1319 1070 1374 τοῦτο
1091 1314 1263 1389 αὐτῆς
1283 1314 1343 1374 τὸ
1360 1314 1593 1389 πάθημα
1605 1313 1876 1390 φρόνησις

265 1401 535 1473 κέκληται.
630 1405 709 1458 11.
744 1399 1141 1473 Παντάπασιν,
1183 1406 1316 1474 ἔφη,
1350 1403 1530 1467 καλως
1560 1402 1652 1458 καὶ
1683 1398 1870 1473 ἀληθῆ
1896 1420 1937 1453 15

266 1486 469 1558 λέγεις,
515 1509 557 1542 ω
589 1483 901 1558 Σωκρατες.
959 1486 1189 1562 Ποτέρῳ
1231 1486 1334 1543 οὐν
1376 1486 1447 1542 αὐ
1488 1503 1575 1542 σοι
1615 1489 1771 1542 δοκεῖ
1797 1486 1875 1560 τῷ

269 1575 408 1627 εἰδει
450 1571 542 1626 καὶ
593 1573 654 1627 ἐκ
689 1574 806 1626 των
845 1569 1098 1643 πρόσθεν
1143 1568 1487 1643 [εἰρημένων]
1534 1571 1625 1626 καὶ
1668 1572 1727 1626 ἐκ
1764 1592 1876 1626 των

267 1657 376 1710 νῦν
427 1655 742 1727 λεγομένων
791 1651 848 1753 ἡ,
867 1652 1016 1728 ψυχὴ
1057 1649 1376 1728 ὁμοιότερον
1418 1654 1560 1712 εἶναι
1602 1655 1694 1710 καὶ
1737 1670 1876 1725 συγ-

267 1739 618 1812 γενέστερον;
665 1740 785 1805 Πας
815 1732 913 1812 άν,
947 1745 1131 1811 ἔμοιγε
1164 1744 1341 1811 δοκεῖ,
1383 1731 1418 1810 ἧ
1452 1736 1502 1795 6’
1534 1734 1623 1810 ὃς,
1657 1755 1875 1811 συγχω-

268 1820 462 1895 ρήσαι,
505 1822 546 1879 ὦ
579 1821 902 1895 Σώκρατες,
946 1826 1006 1880 ἐκ
1045 1821 1246 1896 ταύτης
1288 1827 1382 1897 τῆς
1422 1821 1673 1896 μεθόδου
1725 1823 1816 1878 καὶ
1845 1816 1873 1878 ὁ
1898 1842 1939 1875 20

269 1907 719 1980 δυσμαθέστατος
767 1903 849 1963 ὅτι
887 1905 998 1964 ὅλω
1037 1909 1129 1965 καὶ
1172 1909 1339 1964 παντὶ
1376 1903 1694 1980 ὁμοιότερόν
1724 1908 1874 1963 ε’στιν

268 1989 417 2065 ψυχὴ
447 2015 521 2067 τῳ
555 1989 641 2048 ἀεὶ
673 1987 936 2058 ωσαύτως
967 1998 1148 2064 ἔχοντι
1178 1989 1431 2064 μᾶλλον
1411 1990 1444 2064 ἡ
1470 1995 1545 2067 τῷ
1568 1989 1656 2064 μή.
1699 1994 1777 2048 12.
1811 1995 1883 2049 Τί

267 2077 329 2133 δε
358 2074 417 2132 τὸ
449 2093 632 2149 σωμα;
675 2081 761 2152 Τῷ
795 2077 977 2153 ἑτέρω
1020 2074 1157 2149 Ὀρα
1191 2074 1258 2148 δὴ
1291 2077 1383 2132 καὶ
1413 2081 1574 2149 τῇδε·
1613 2074 1695 2132 ὅτι
1729 2077 1871 2132 ε’πει-

271 2157 376 2218 δᾶν
419 2162 479 2217 ἐν
518 2164 594 2236 τῷ
626 2158 776 2237 αὐτῷ
807 2162 906 2217 ὠσι
946 2157 1094 2234 ψυχὴ
1134 2162 1227 2217 καὶ
1267 2177 1450 2233 σωμα,
1493 2162 1568 2236 τῷ
1607 2183 1710 2232 μεν
1742 2164 1873 2215 δου-

269 2243 454 2302 λεύειν
504 2247 597 2301 καὶ
647 2242 918 2318 ἄρχεσθαι
969 2240 1003 2316 ἡ
1055 2244 1221 2318 φύσις
1276 2242 1626 2317 προστάττει,
1687 2244 1755 2316 τῇ
1814 2243 1875 2299 δε
1898 2261 1938 2294 25

269 2325 459 2401 άρχειν
498 2330 590 2384 καὶ
633 2328 943 2398 δεσπόζειν·
1006 2331 1098 2386 καὶ
1141 2327 1276 2386 κατὰ
1317 2335 1489 2386 ταῦτα
1531 2329 1602 2384 αὐ
1643 2324 1878 2400 πότερόν

271 2429 357 2469 σοι
413 2416 567 2468 δοκεῖ
615 2410 805 2484 ὅμοιον
855 2416 931 2489 τῷ
980 2419 1121 2471 θείω
1174 2413 1317 2471 εἶναι
1380 2415 1472 2470 καὶ
1518 2411 1751 2484 πότερον
1801 2434 1875 2467 τω

269 2498 488 2571 &mnf-33
518 2492 595 2552 ”H
632 2492 698 2552 ού
740 2501 896 2553 δοκεῖ
922 2514 1008 2554 σοι
1037 2472 1097 2554 τό
1127 2498 1229 2570 μὲν
1258 2507 1420 2554 θεῖον
1449 2494 1568 2555 οἷον
1599 2493 1789 2568 ἄρχειν
1817 2516 1877 2550 τε

271 2581 363 2637 καὶ
403 2577 764 2652 ἡγεμονεύειν
802 2581 1140 2652 πεφυκέναι,
1182 2578 1242 2637 τὸ
1275 2581 1338 2638 δὲ
1366 2579 1578 2652 θνητὸν
1607 2576 1883 2651 ἄρχεσθαί

269 2687 329 2722 τε
360 2665 451 2721 καὶ
483 2662 798 2734 δουλεύειν,
832 2661 1064 2764 Εμοιγε.
1155 2669 1234 2721 13.
1268 2666 1498 2741 Ποτέρω
1529 2686 1631 2721 ουν
1660 2660 1694 2734 ἡ
1727 2660 1875 2734 ψυχὴ
1898 2682 1939 2715 30

273 2755 442 2817 ἔοικε;
501 2746 765 2820 Δηλαδὴ,
816 2749 857 2804 ὠ
899 2747 1220 2822 Σωκρατες,
1264 2746 1346 2804 ὅτι
1391 2772 1424 2820 η
1467 2772 1568 2821 μεν
1610 2744 1758 2849 ψυχὴ
1800 2749 1875 2829 τῷ

271 2838 443 2909 θείῳ,
485 2829 544 2888 τὸ
587 2832 648 2888 δε
690 2836 845 2904 σῶμα
885 2836 960 2909 τῷ
1003 2836 1210 2909 θνητῷ.
1270 2830 1480 2890 Σκόπει
1514 2830 1611 2903 δὴ,
1656 2835 1876 2902 ἐφη,ω
