2014 3146
608 113 821 154 PRAEP.
853 113 1073 155 EVANG.
1111 114 1232 155 X1v.
1254 115 1324 154 26.
1665 111 1767 163 329

160 233 341 302 σῶμα;
390 221 469 286 ῶν
520 225 690 285 οὐδὲν
741 225 914 302 ἀργὸν
965 227 1097 285 οὐδὲ
1155 227 1379 302 ἀχρεῖον
1436 231 1767 302 προσετέθη,

161 317 280 371 ἐπεὶ
310 314 448 386 μηδὲ
478 311 544 369 τά
584 311 931 385 φαυλότατα,
973 311 1108 386 μήτε
1148 320 1328 386 τρίχες
1378 311 1514 386 μήτε
1553 311 1767 386 ὄνυχες,

159 396 339 455 πάντα
372 399 450 470 δὲ,
483 395 549 453 τά
579 398 681 470 μὲν
712 396 847 470 πρὸς
877 395 936 454 τὸ
967 401 1062 469 τῆς
1094 397 1410 463 συστάσεως
1440 395 1637 470 ὄφελος
1657 443 1671 469 ,
1703 397 1770 454 τά

161 483 224 539 δὲ
253 481 388 555 πρὸς
427 481 487 538 τὸ
530 480 726 547 κάλλος
766 487 860 553 τῆς
903 479 1082 548 ὄψεως
1113 475 1381 539 συντελεῖ.
1472 486 1519 539 4.
1569 478 1634 539 οὐ
1665 479 1769 556 γάρ

115 589 135 621 5
158 569 254 639 τῆς
283 573 468 641 χρείας
498 565 688 639 μόνης,
720 563 859 622 ἀλλά
890 567 980 622 καὶ
1003 569 1099 637 τῆς
1124 563 1268 639 ῶρας
1295 564 1550 639 ἐπιμελὴς
1575 565 1608 638 ἡ
1634 565 1771 640 πρό-

159 675 299 708 νοια.
377 657 552 723 ἔρυμα
591 651 692 723 μὲν
733 650 836 723 γάρ
868 653 959 706 καὶ
990 654 1278 723 σκέπασμα
1307 654 1440 707 πᾶσι
1471 654 1565 722 τῆς
1597 674 1770 723 κεφα-

159 738 258 806 λῆς
300 730 333 806 ἡ
374 733 542 807 κόμη,
598 733 896 806 εὐπρέπεια
939 735 999 790 δὲ
1038 732 1066 790 ὁ
1109 733 1314 806 πῶγων
1353 738 1428 810 τῷ
1462 734 1767 811 φιλοσόφῳ.

158 817 260 890 τήν
290 842 349 875 τε
378 822 476 875 τοῦ
515 815 648 875 ὅλου
688 816 936 890 σώματος
974 821 1074 874 τοῦ
1113 815 1474 892 ἀνθρωπείου
1504 818 1680 891 φύσιν
1712 823 1771 875 ἐκ

157 907 270 959 τῶν
310 907 496 976 μερῶν
541 899 862 974 ἀναγκαίων
893 900 1118 958 πάντων
1149 899 1377 975 ἥρμοσε,
1409 904 1501 959 καὶ
1531 915 1644 969 τοῖς
1675 904 1771 975 μέ-
1794 924 1811 945 ⁰

96 1011 136 1042 10
159 995 278 1043 λεσι
308 991 443 1044 πᾶσι
482 985 586 1059 τήν
628 1010 686 1043 τε
719 986 855 1059 πρὸς
887 985 1097 1058 ἄλληλα
1138 994 1442 1044 κοινωνίαν
1480 989 1773 1061 περιέβαλε

159 1073 250 1127 καὶ
281 1072 383 1143 τὴν
414 1065 562 1143 παρά
592 1076 689 1128 τοῦ
713 1068 846 1128 ὅλου
878 1077 1144 1143 χορηγίαν
1176 1073 1557 1145 ἐπεμέτρησεν.
1613 1076 1661 1127 5.
1691 1062 1771 1127 ῶν

157 1156 223 1212 τά
264 1157 366 1228 μὲν
405 1151 670 1229 ὁλοσχερῆ
711 1157 802 1211 καὶ
841 1170 954 1221 τοῖς
988 1153 1230 1222 ἰδιώταις
1264 1160 1324 1212 ἐκ
1352 1160 1448 1228 τῆς
1478 1161 1672 1228 πείρας
1703 1152 1772 1228 ἣν

159 1246 269 1313 ἔχει
303 1238 544 1312 δύναμιν
574 1238 848 1314 πρόδηλα·
895 1244 1139 1311 κεφαλῆς
1169 1238 1463 1313 ἡγεμονία,
1512 1242 1603 1297 καὶ
1645 1241 1772 1312 περὶ

157 1327 255 1381 τὸν
296 1326 632 1396 ἐγκέφαλον,
675 1322 860 1396 ῶσπερ
902 1322 1139 1398 ἄρχοντα
1186 1327 1244 1380 ἐν
1295 1323 1616 1398 ἀκροπόλει,
1662 1327 1774 1381 τῶν

97 1431 135 1464 15
161 1407 484 1480 αἰσθήσεων
506 1405 539 1480 ἡ
563 1414 873 1482 δορυφορία
889 1425 899 1434 ’
932 1412 1260 1481 προσιοῦσαι
1281 1410 1383 1482 μὲν
1403 1407 1575 1479 ὄψεις,
1600 1405 1774 1479 ἀναγ-

159 1496 455 1565 γέλλουσαι
489 1494 550 1549 δὲ
581 1490 770 1564 ἀκοαὶ,
803 1492 984 1565 ἐδωδὴ
1018 1491 1202 1566 ῶσπερ
1235 1496 1650 1566 φορολογοῦσα,
1681 1490 1772 1549 ὅσ-

159 1595 361 1651 φρησις
393 1576 649 1650 καθάπερ
681 1575 1051 1649 ἀνιχνεύουσα
1082 1579 1173 1633 καὶ
1207 1580 1648 1652 διερευνωμένη,
1681 1578 1772 1633 καὶ
1799 1591 1820 1624 d

158 1660 192 1733 ἡ
225 1659 339 1733 ἁφὴ
371 1666 484 1719 πᾶν
516 1659 883 1718 διατάττουσα
912 1659 971 1718 τό
1003 1659 1265 1734 ὑπήκοον.
1342 1667 1389 1719 6.
1440 1661 1772 1735 (κεφαλαιω-

162 1748 270 1812 δῶς
301 1743 405 1818 γάρ
445 1750 553 1802 νῦν
594 1744 755 1818 ὀλίγα
795 1749 909 1803 τῶν
938 1752 1036 1818 τῆς
1067 1745 1362 1847 πανσόφου
1393 1751 1656 1818 προνοίας
1689 1751 1773 1817 ἔρ-

95 1851 137 1885 20
160 1854 276 1902 γων
318 1829 806 1903 ἐπιδραμούμεθα,
846 1828 961 1903 μετ’
1013 1827 1203 1902 ὀλίγον
1242 1827 1634 1904 ἀκριβέστερον
1675 1854 1772 1886 του

68 1920 70 1922 ’
158 1918 299 1972 θεοῦ
341 1913 593 1980 διδόντος
637 1913 1152 1988 ἐπεξεργασόμενοι,
1195 1912 1328 1971 όταν
1367 1913 1503 1989 πρὸς
1541 1939 1638 1972 τον
1680 1919 1774 1970 δο-

159 2002 365 2056 κοῦντα
396 1997 728 2099 λογιῶτερον
759 1995 1224 2071 ἀποτεινῶμεθα.)
1316 2005 1359 2056 7.
1408 2002 1611 2072 χειρῶν
1653 2004 1774 2055 δια-

150 2090 349 2152 κονία,
393 2082 464 2139 δι’
503 2083 583 2139 ῶν
615 2086 866 2154 ἐργασίαι
896 2107 955 2140 τε
985 2097 1242 2140 παντοῖαι
1273 2085 1364 2139 καὶ
1395 2082 1774 2155 πολυμήχανοι

160 2169 448 2223 τελοῦνται
477 2169 661 2238 τέχναι
691 2181 810 2233 ταῖς
841 2165 978 2223 κατὰ
1008 2170 1170 2238 μέρος
1196 2165 1502 2239 δυνάμεσιν
1534 2173 1611 2233 εἰς
1641 2172 1774 2238 μιάν

98 2274 140 2306 25
163 2256 467 2322 συνεργίαν
498 2255 968 2323 διηρθρωμένων,
1003 2249 1168 2323 ῶμων
1197 2274 1256 2306 τε
1286 2248 1650 2323 ἀχθοφορίαι,
1683 2253 1775 2306 καὶ

163 2336 386 2407 κατοχαὶ
420 2333 740 2405 δακτύλων,
784 2331 1053 2406 ἀγκώνων
1082 2358 1142 2391 τε
1184 2337 1421 2407 καμπαὶ,
1463 2333 1598 2409 πρός
1628 2358 1686 2392 τε
1715 2333 1774 2391 τὸ

164 2422 321 2491 σῶμα
363 2427 494 2475 εἴσω
535 2417 902 2490 στρεφόμεναι
948 2420 1040 2474 καὶ
1081 2419 1217 2492 πρὸς
1258 2418 1318 2476 τὸ
1352 2421 1502 2485 ἐκτὸς
1534 2417 1775 2476 ἀπονεύ-

164 2521 344 2574 ουσαι,
377 2507 470 2559 ἵνα
503 2504 842 2574 ἐφέλκεσθαί
866 2525 924 2558 τε
956 2505 1048 2559 καὶ
1079 2500 1436 2561 ἀπωθεῖσθαι
1462 2502 1772 2561 δύνωνται·

164 2591 356 2643 ποδῶν
385 2585 690 2659 ὑπηρεσία,
735 2584 808 2642 δι’
855 2579 934 2644 ῶν
964 2590 1113 2644 πάσα
1142 2583 1278 2660 ἡμῖν
1306 2584 1708 2645 ὑποπέπτωκεν
1741 2583 1882 2658 ἡῑ456]

103 2695 144 2727 30
167 2678 442 2744 περίγειος
484 2677 684 2743 κτίσις,
725 2668 956 2744 βάσιμος
996 2669 1029 2743 ἡ
1070 2674 1168 2744 γῆ,
1211 2669 1398 2745 πλωτὴ
1429 2669 1462 2746 ἡ
1493 2670 1882 2742 θάλασσα,(780)

166 2754 459 2828 περάσιμοι
490 2761 547 2812 οἱ
574 2756 836 2827 ποταμοὶ,
883 2758 974 2812 καὶ
1015 2754 1240 2813 πάντων
1279 2755 1414 2828 πρὸς
1446 2755 1624 2812 πάντα
1657 2759 1774 2811 ἐπι-

166 2842 342 2911 μιξία·
397 2841 606 2913 γαστὴρ
646 2854 894 2911 ταμιεῖον
934 2844 1184 2914 τροφῶν,
1237 2845 1371 2897 πᾶσι
1423 2854 1536 2906 τοῖς
1577 2858 1774 2896 συντε-
