2014 3146
271 135 374 188 306
943 135 1192 177 EUSEBII

271 251 397 318 τοὺς
428 249 631 323 νόμους
673 255 956 307 δεδοίκασι
989 253 1080 307 καὶ
1110 248 1204 317 τὰς
1235 259 1499 325 τιμωρίας
1529 258 1586 310 οἱ
1611 259 1874 310 τοιοῦτοι·

273 341 386 402 πῶς
418 334 522 407 γὰρ
553 339 611 391 οἳ
636 359 698 406 γε
727 333 968 401 ἀπαθεῖς
999 336 1091 391 καὶ
1123 331 1402 408 ἆταραχοι,
1436 335 1689 410 καθάπερ
1721 334 1883 394 αὐτοί

272 437 464 491 φασιν,
495 416 676 488 &vtes-3
769 423 847 476 19.
897 415 925 475 ὅ
967 421 1032 492 γέ
1069 443 1152 475 τοι
1193 426 1379 492 Τίμων
1408 424 1580 477 ταῦτα
1610 423 1701 478 καὶ
1733 424 1878 494 λέγει

273 505 399 576 περὶ
430 507 528 560 τοῦ
557 501 865 577 Πύρρωνος

415 604 520 660 αλλ’
553 607 658 661 οἷον
684 605 768 660 τὸν
796 629 983 674 ατυφον
1009 605 1102 677 ἐγώ
1128 612 1236 692 ἴδον
1265 605 1344 676 ἠδ’
1378 605 1661 676 ἆδαμαστον
1925 614 1947 647 5

162 696 255 736 (762)
415 684 566 731 πᾶσιν
593 677 696 732 όσΟΙο
725 683 938 745 δί’ίμνᾶἳδ
965 683 1157 746 βρΟἶων
1186 684 1373 744 αφαῖοι
1392 701 1441 730 τε
1468 685 1618 745 φατοί
1639 701 1687 732 τε

417 756 547 801 λαῶν
573 753 666 803 ε’θν
658 771 722 801 εα
749 759 933 815 κοῦφα.
960 749 1258 819 βαρυνόμεν’
1292 752 1419 802 ε’νθα
1447 752 1528 802 καὶ
1557 753 1682 802 ε’νθα
1754 796 1755 799 ,

416 822 468 872 ἐκ
495 823 726 888 παθέων,
756 821 898 886 δόξης
923 842 971 872 τε
999 821 1079 872 καὶ
1117 823 1302 886 εἰκαίης
1321 821 1626 888 νομοθήκης.

274 930 358 981 20.
408 923 614 982 ὁπόταν
643 927 830 998 μέντοι
860 929 1007 998 φῶσι
1036 923 1095 982 τὸ
1127 925 1304 998 σοφὸν
1336 923 1404 997 δὴ
1440 929 1621 997 τοῦτο,
1652 923 1736 982 ὅτι
1769 927 1883 983 δέοι

163 1031 249 1074 [445]
277 1014 800 1067 κατακολουθοῦντα
839 1013 907 1083 τῇ
945 1008 1112 1082 φύσει
1161 1015 1256 1083 ζῆν
1287 1013 1377 1066 καὶ
1406 1024 1520 1077 τοῖς
1552 1016 1736 1082 ἔθεσι,
1776 1034 1883 1084 μη-
1907 1035 1948 1066 ιο

277 1097 396 1152 δενὶ
428 1098 616 1168 μέντοι
648 1099 1184 1166 συγκατατίθεσθαι,
1215 1093 1364 1151 πάνυ
1394 1097 1539 1160 τινές
1578 1100 1720 1151 εἰσιν
1753 1093 1884 1166 εὐή-

274 1190 411 1245 θεις.
490 1184 539 1236 εί
578 1178 683 1252 γὰρ
726 1181 924 1251 μηδενὶ
964 1176 1145 1256 ἄλλω,
1186 1177 1361 1255 τούτῳ
1415 1182 1554 1251 γοῦν
1605 1175 1758 1255 αὐτῷ
1798 1184 1890 1235 δεῖ

275 1265 732 1335 συγκαταθέσθαι
773 1265 863 1319 καὶ
894 1261 1203 1335 ὑπολαβεῖν
1233 1261 1406 1329 οὕτως
1447 1268 1592 1336 ἔχειν
1622 1260 1775 1322 αὐτό.
1829 1270 1888 1319 τί

278 1349 575 1421 δὲμᾶλλον
614 1352 679 1422 τῇ
721 1345 891 1420 φύσει
933 1349 1024 1404 καὶ
1065 1363 1179 1414 τοῖς
1222 1354 1378 1405 ἔθεσι
1421 1353 1512 1404 δεῖ
1548 1355 1883 1405 κατακολου-

274 1442 404 1490 θεῖν
435 1429 468 1505 ἢ
498 1430 566 1488 οὐ
598 1437 702 1503 δεῖ,
735 1430 808 1505 μὴ
841 1430 1054 1499 εἰδότας
1084 1456 1146 1505 γε
1180 1430 1247 1504 δὴ
1271 1432 1466 1505 μηδὲν,
1498 1433 1637 1505 μηδὲ
1661 1430 1882 1505 ἔχοντάς
1906 1454 1947 1486 15

275 1541 325 1572 τι
365 1513 472 1593 ὅτῳ
514 1523 840 1590 κρινοῦμεν;
928 1521 1013 1572 21.
1062 1521 1241 1574 ἐκεῖνο
1281 1517 1383 1590 μὲν
1419 1515 1525 1590 γὰρ
1556 1519 1648 1573 καὶ
1679 1515 1883 1573 παντά-

226 1617 247 1648 b
275 1608 446 1658 πασίν
479 1604 628 1658 ε’στιν
658 1598 910 1672 ἠλίθιον,
957 1599 1184 1659 ἐπειδᾶν
1227 1603 1464 1674 λέγωσιν
1503 1597 1587 1658 ὅτι
1627 1599 1882 1674 καθάπερ

275 1683 339 1742 τα
371 1684 679 1759 καθαρτικὰ
710 1684 974 1759 φάρμακα
1005 1692 1354 1760 συνεκκρίνει
1398 1683 1533 1758 μετὰ
1561 1688 1672 1742 τῶν
1702 1707 1876 1758 περιτ-

275 1768 541 1842 τωμάτων
582 1772 673 1826 καὶ
707 1769 905 1841 ἑαυτὰ,
947 1770 1044 1828 τὸν
1089 1766 1258 1826 αὐτὸν
1286 1768 1492 1841 τρόπον
1522 1771 1612 1825 καὶ
1643 1764 1671 1825 5
1703 1767 1882 1825 πάντα

275 1851 445 1920 ἀξιῶν
488 1853 630 1910 εἶναι
684 1851 842 1925 λόγος
882 1851 1059 1925 ἄδηλα
1098 1853 1232 1926 μετὰ
1271 1857 1383 1910 τῶν
1434 1851 1618 1910 ἄλλων
1663 1851 1886 1926 ἀναιρεῖ
1906 1874 1947 1907 20

276 1939 367 1994 καὶ
400 1936 613 1995 ἑαυτόν.
684 1943 735 1994 εἰ
761 1935 865 2011 γὰρ
897 1935 1061 2004 αὐτὸς
1093 1933 1261 1995 αὑτὸν
1293 1939 1521 2010 ἐλέγχοι,
1554 1945 1776 2009 ληροῖεν
1813 1932 1883 1993 ἂν

275 2026 332 2078 οί
357 2021 630 2095 χρώμενοι
659 2021 850 2098 τούτῳ.
921 2025 1138 2094 βέλτιον
1179 2013 1281 2078 οὖν
1324 2019 1614 2094 ἡσυχιῃαν
1591 2045 1749 2094 αγειν
1779 2020 1883 2077 αὐ-

275 2130 404 2172 τους
455 2109 541 2163 καὶ
597 2107 734 2182 μηδε
783 2106 842 2163 τὸ
893 2106 1064 2180 στόμα
1109 2112 1360 2179 διαίρειν.
1450 2110 1533 2163 22.
1591 2104 1728 2162 ἀλλὰ
1773 2103 1883 2178 μὴν

276 2189 396 2248 οὐδ’
444 2188 635 2264 ὅμοιον
679 2196 787 2264 ἔχει
828 2216 879 2248 τι
918 2191 978 2248 τὸ
1021 2189 1362 2292 καθαρτικὸν
1390 2214 1682 2263 φαρμακον
1720 2191 1811 2246 καὶ
1853 2187 1882 2245 5

276 2273 489 2332 τούτων
520 2273 814 2348 λόγος.τὸ
845 2299 948 2347 μεν
977 2300 1081 2351 γαρ
1112 2298 1405 2348 φαρμακον
1440 2277 1745 2347 ἐκκρίνεται
1778 2271 1882 2330 κᾶν
1905 2294 1946 2327 25

278 2373 389 2425 τοῖς
422 2357 670 2431 στόμασιν
700 2358 800 2432 οὐχ
830 2358 1123 2433 ὑπομένει,
1156 2357 1252 2416 τὸν
1283 2361 1469 2431 μέντοι
1494 2357 1659 2431 λόγον
1683 2362 1743 2415 έν
1765 2372 1883 2423 ταῖς

279 2456 480 2515 ψυχαῖς
509 2442 780 2516 ὑπάρχειν
814 2449 902 2500 δεῖ
928 2442 1025 2501 τὸν
1065 2441 1233 2500 αὐτὸν
1273 2440 1405 2501 ὄντα
1436 2445 1527 2499 καὶ
1558 2441 1885 2513 πιστευόμε-

280 2551 379 2584 νον
409 2523 519 2583 ἆεί·
566 2526 732 2600 μόνος
761 2525 865 2602 γὰρ
898 2519 1056 2595 οὗτος
1090 2537 1174 2600 εἴη
1204 2524 1275 2584 ἂν
1303 2525 1332 2583 ὃ
1364 2530 1540 2583 ποιῶν
1570 2525 1883 2598 ἀσυγκατα-

230 2638 246 2658 <2
279 2612 492 2677 θέτους.
582 2615 664 2667 23.
711 2609 794 2668 ὅτι
829 2610 882 2668 δ’
915 2609 1019 2669 οὐκ
1049 2621 1259 2670 οἴονται
1289 2609 1385 2668 τὸν
1414 2609 1720 2685 ἄνθρωπον
1749 2607 1878 2665 ἀδό-

279 2699 478 2763 ξαστον
521 2694 666 2752 εἶναι
707 2698 798 2752 καὶ
839 2692 942 2752 ωδὶ
981 2694 1291 2770 καταμαθοι
1329 2719 1410 2762 τις
1449 2719 1534 2753 αν.
1603 2691 1945 2750 αδύνατον3ο

279 2804 383 2853 γαρ
414 2779 512 2836 τὸν
544 2777 975 2852 αἰσθανόμενον
984 2780 1058 2853 μὴ
1083 2778 1472 2838 αἰσθανεσθαι.
1518 2777 1577 2834 τὸ
1602 2775 1652 2834 δ’
1682 2774 1880 2834 αἰσθα-

279 2874 479 2922 νεσθαι
530 2870 816 2937 γνωρίζειν
866 2889 915 2920 τι
963 2866 1047 2936 ἠν.
1133 2862 1215 2921 ὅτι
1268 2864 1329 2920 δε
1378 2864 1469 2919 καὶ
1521 2860 1765 2919 πιστεύει
1817 2866 1881 2934 τῇ
