2014 3146
250 89 352 142 362
918 91 1164 132 EUSEBH

206 247 209 250 -
249 232 307 264 τε
340 203 430 280 ἐφ’
464 203 634 263 αὑτοῦ
665 207 756 262 καὶ
789 216 1098 279 κινεῖσθαι,
1139 203 1262 263 ἀλλ’
1296 205 1420 264 οὐδ’
1462 207 1595 266 ὅσον
1637 211 1723 266 ἐπὶ
1755 213 1854 267 τοῦ

250 290 497 363 σώματος
527 286 791 363 ἀκίνητον
825 290 967 348 εἶναι
1008 294 1101 347 καὶ
1135 287 1207 358 ὧς
1241 297 1419 349 εἰπεῖν
1449 290 1678 366 ἄψυχον.
1734 291 1855 351 οἷον

247 375 352 448 γὰρ
383 373 510 431 τόδε
542 373 858 447 ἐτόλμησεν,
891 371 924 446 ἢ
956 377 1046 432 καὶ
1072 372 1500 449 ἆπηναγκάσθη,
1535 374 1606 444 ὠς
1637 380 1728 435 καὶ
1758 379 1853 445 τὰς

247 458 638 533 πρωτουργούς
671 458 913 533 κινήσεις
943 456 1251 532 ἀφελέσθαι
1276 464 1371 532 τῆς
1402 465 1600 535 ψυχῆς,
1631 461 1691 519 τὸ
1722 469 1851 535 βου-

247 542 575 617 λεύσασθαι,
607 542 666 600 τὸ
687 547 1084 624 διανοηθῆναι,
1116 542 1175 601 τό
1199 548 1595 648 προσδοκῆσαι,
1627 545 1687 603 τὸ
1717 571 1851 620 μνη·
1878 571 1898 603 5

247 634 546 700 μονεῦσαι,
588 628 647 686 τὸ
699 635 1059 702 λογίσασθαι;
1107 634 1154 686 9.
1197 628 1263 685 οὐ
1308 628 1413 703 γὰρ
1459 633 1638 704 ψυχῆς
1683 630 1856 688 ταῦτά

136 735 225 776 (810)
247 730 382 785 φησι
413 712 478 768 τὰ
510 711 781 786 κινήματα
810 712 838 770 ὁ
870 716 965 786 τῆς
997 712 1248 786 φύσεως,
1293 739 1365 780 ως
1388 733 1556 786 φασι,
1602 740 1855 822 γραμμα-

245 795 387 864 τεύς.
461 820 610 855 πανυ
650 802 790 870 γοῦν
829 797 988 863 οὗτός
1030 802 1143 855 ἐστι
1173 796 1389 869 πιστὸς,
1436 797 1508 866 ὡς
1539 802 1856 857 συνεικέναι

245 907 296 939 τι
327 885 453 955 περὶ
483 888 596 940 τῶν
628 882 809 954 ἐκτὸς,
842 878 870 938 ὁ
902 886 997 954 τῆς
1029 879 1201 940 αὑτοῦ
1233 886 1411 956 ψυχῆς
1441 886 1705 942 τοσοῦτον
1738 890 1855 957 διη-

245 965 534 1041 μαρτηκώς
586 965 660 1034 ὡς
711 966 842 1040 μηδ’
896 962 979 1023 ὅτι
1033 972 1336 1024 διανοεῖται
1387 977 1850 1042 παρακολουθεῖν.
1879 993 1920 1024 10

246 1049 312 1108 οὐ
353 1050 458 1126 γὰρ
500 1050 532 1124 ἡ
574 1052 751 1124 ψυχὴ,
808 1054 1005 1124 φησὶν,
1059 1047 1181 1108 ἀλλ’
1229 1050 1258 1108 ὁ
1298 1050 1596 1126 ἅνθρωπός
1637 1056 1786 1110 ἐστιν
1825 1049 1854 1110 ὁ

245 1134 459 1193 τούτων
491 1139 723 1194 ἕκαστον
764 1139 1033 1208 ἐνεργῶν,
1075 1134 1290 1209 ἡψυχὴ
1334 1137 1393 1193 δὲ
1433 1135 1706 1209 ἀκίνητος.
1772 1142 1852 1195 10.

245 1220 421 1298 τούτῳ
452 1224 748 1295 τοιγαροῦν
780 1218 1045 1293 ἑπόμενος
1068 1227 1434 1296 Δικαίαρχος,
1467 1223 1558 1278 καὶ
1589 1219 1856 1279 τάκόλου-

245 1316 354 1363 θον
387 1303 575 1372 ἱκανὸς
607 1302 687 1363 ὢν
704 1315 966 1379 θεωρεῖν,
997 1302 1242 1379 ἀνῄρηκε
1261 1303 1363 1378 τὴν
1384 1304 1520 1378 ὅλην
1549 1305 1856 1363 ὑπόστασιν

243 1396 338 1463 τῆς
369 1394 564 1463 ψυχῆς.
624 1387 707 1447 ὅτι
735 1391 838 1462 μὲν
867 1387 972 1462 γὰρ
1002 1386 1240 1461 ἀόρατόν
1268 1415 1319 1447 τι
1351 1392 1440 1447 καὶ
1472 1389 1681 1463 ἀφανές
1706 1395 1856 1448 ἐστιν
1878 1411 1918 1444 15

196 1492 218 1524 b
246 1473 279 1548 ἡ
311 1473 460 1548 ψυχὴ
483 1477 673 1547 δῆλον,
707 1471 847 1532 ὥστε
869 1472 970 1532 οὐκ
986 1470 1056 1531 ἂν
1082 1473 1175 1532 διά
1195 1499 1257 1547 γε
1280 1474 1379 1548 τὴν
1399 1473 1506 1532 ἀπὸ
1527 1478 1640 1532 τῶν
1651 1475 1856 1550 αἰσθή-

245 1578 390 1617 σεων
422 1561 707 1633 ἐνέργειαν
737 1565 967 1632 δοίημεν
999 1560 1141 1616 εἶναι
1173 1558 1386 1633 ψυχήν·
1420 1564 1483 1616 αἱ
1510 1560 1572 1616 δὲ
1610 1559 1854 1631 κινήσεις

245 1643 414 1716 αὐτῆς
445 1641 694 1718 ἀφανοῦς
726 1642 896 1717 οὔσης
913 1640 1242 1716 ἀναγκάζειν
1263 1640 1403 1716 ἡμᾶς
1425 1647 1687 1702 δοκοῦσιν
1710 1645 1860 1702 εἷναί

245 1754 294 1785 τι
339 1726 442 1800 τὴν
485 1727 671 1801 ψυχὴν
710 1727 1014 1801 ὁμολογεῖν.
1100 1733 1181 1785 11.
1226 1731 1400 1785 ταῦτα
1444 1727 1549 1800 γὰρ
1591 1727 1733 1794 ἅπας
1773 1753 1853 1795 τις

246 1815 499 1870 συνιέναι
540 1818 696 1868 δοκεῖ
729 1816 825 1884 τῆς
857 1815 1034 1884 ψυχῆς
1069 1810 1230 1884 ὅντα,
1263 1811 1321 1868 τὸ
1357 1811 1728 1883 βουλεύεσθαι
1758 1814 1847 1868 καὶ
1874 1835 1916 1866 20

244 1907 576 1954 σκοπεῖσθαι
615 1898 706 1952 καὶ
747 1893 884 1954 καθ’
917 1893 983 1952 ὃν
1015 1895 1218 1968 δήποτε
1249 1894 1453 1966 τρόπον
1487 1901 1850 1954 διανοεῖσθαι.

243 1979 378 2038 ὅταν
409 1980 511 2053 γὰρ
543 1986 750 2053 ἴδωμεν
795 1981 855 2038 τὸ
901 1986 1058 2053 σῶμα
1088 1982 1180 2037 καὶ
1222 1979 1317 2047 τὰς
1348 1978 1545 2037 τούτου
1587 1979 1852 2054 δυνάμεις

244 2068 337 2122 καὶ
370 2068 785 2139 ἐνθυμηθῶμεν
829 2066 889 2122 δὲ
920 2063 1015 2131 τὰς
1046 2063 1301 2132 τοιαύτας
1343 2069 1647 2137 ἐνεργείας,
1681 2061 1754 2132 ὥς
1784 2063 1852 2122 οὐ

201 2176 219 2197 c
245 2149 493 2223 σώματος
528 2147 756 2223 [οὔσας,]
795 2155 1025 2222 δίδομεν
1058 2149 1207 2208 εἶναι’
1233 2174 1284 2206 τι
1317 2152 1376 2206 ἐν
1407 2148 1542 2222 ἡμῖν
1573 2152 1761 2223 ε’τερον
1791 2173 1851 2206 το

244 2234 678 2307 βουλευόμενον·
726 2240 887 2292 τοῦτο
911 2235 971 2291 δε
997 2233 1138 2290 εἶναι
1158 2233 1260 2306 τὴν
1279 2233 1476 2307 ψυχήν.
1522 2235 1640 2290 ἐπεὶ
1673 2233 1853 2292 πόθεν
1875 2255 1916 2287 25

244 2316 557 2391 ἀλλαχόθεν
588 2318 989 2392 ἐπιστεύσαμεν
1017 2317 1159 2391 ὑπερ
1191 2321 1398 2390 ψυχῆς;
1434 2323 1512 2372 12.
1547 2343 1617 2375 αν
1638 2310 1741 2375 οὖν
1770 2343 1851 2384 τις

246 2405 298 2470 ἐξ
319 2403 397 2459 ὧν
422 2402 656 2475 μάλιστα
683 2402 831 2476 ψυχὴ
854 2409 1111 2476 φαίνεται
1132 2406 1305 2460 ταῦτα
1324 2399 1710 2476 αφελόμενος
1685 2405 1851 2479 ετέρςο

243 2489 352 2543 τινὶ
384 2486 640 2560 προσάψη
680 2511 984 2589 πραγματι,
1027 2485 1155 2544 οὔτε
1187 2486 1327 2544 ὅθεν
1356 2507 1494 2544 ουσα
1527 2490 1851 2559 ἐμφαίνεται

243 2572 635 2627 καταλέλοιπεν
679 2570 807 2628 οὔτε
850 2570 880 2628 ὅ
923 2597 975 2628 τι
1029 2570 1288 2645 χρήσιμος
1333 2596 1403 2628 αν
1449 2572 1590 2627 εἶναι
1641 2575 1845 2642 δοκοίη.

242 2661 325 2720 τίς
370 2648 471 2712 οὖν
514 2651 548 2728 ἡ
595 2654 830 2728 βοήθεια
875 2659 952 2731 τῷ
994 2654 1094 2729 τὴν
1147 2653 1331 2729 ψυχὴν
1376 2653 1660 2712 ἀθανατον
1706 2654 1912 2710 εἷναιὸο

242 2742 467 2796 θέλοντι
497 2738 644 2813 παρὰ
674 2743 774 2796 τοῦ
813 2739 914 2812 τὴν
955 2738 1141 2814 ψυχὴν
1171 2737 1632 2807 ἀποκτιννύντος;
1672 2745 1753 2803 τίς
1788 2739 1848 2794 δὲ

242 2822 275 2896 ἡ
310 2829 638 2881 διδασκαλία
657 2827 756 2881 τοῦ
777 2823 982 2897 τρόπου
1008 2828 1101 2897 τῆς
1119 2823 1405 2897 κινήσεως,
1438 2819 1571 2880 καθ’
1595 2819 1660 2879 ὃν
1683 2820 1849 2880 αὐτο-
