2014 3146
277 95 377 148 126
954 95 1201 137 EUSEBII

274 205 378 287 ᾗ,”
413 213 505 269 καὶ
537 210 565 268 5
596 209 836 269 Πλάτων
878 208 1080 284 ὁμοίως
1111 219 1317 268 Μωσεῑ
1342 212 1434 267 καὶ
1462 214 1627 283 τιμᾶν
1656 213 1748 268 καὶ
1778 236 1886 285 φο-

274 305 502 370 βεῑσθαι
533 288 646 352 ὧδέ
671 317 786 361 πως
817 296 991 368 φησὶν
1024 297 1083 352 ἐν
1111 308 1225 361 τοῖς
1255 292 1466 367 Νόμοις

163 405 251 446 (611)
392 376 552 446 “11029
596 376 662 451 δὴ
705 382 843 437 νοῦν
883 385 1025 452 ἔχων
1073 385 1330 452 φοβεῖται
1370 380 1462 436 καὶ
1501 383 1629 456 τιμά
1669 382 1881 453 γονέων

274 463 495 570 εὐχὰς,”
518 462 680 530 εἰδως
719 471 942 530 πολλοῖς
982 465 1075 520 καὶ
1116 461 1378 530 πολλάκις
1419 467 1682 554 ἐπιτελεῖς
1721 488 1883 538 γενο-

273 552 456 622 μένας.
1903 573 1927 606 5

398 635 510 690 Καὶ
540 631 707 690 πάλιν
740 634 799 689 ἐν
832 634 999 709 ἑτέρῳ
1030 634 1169 705 φησὶ

393 713 552 783 “Ποῖς
599 712 735 790 ἡμῖν
783 721 1056 775 αἰδείσθω
1104 714 1201 774 τὸν
1254 718 1456 774 ἑαυτοῦ
1506 715 1884 790 πρεσβύτερον

273 808 415 879 ἔργῳ
446 807 504 859 τε
535 803 627 859 καὶ
657 800 819 878 λόγῳ.
881 799 977 858 τὸν
1011 802 1070 858 δὲ
1101 804 1404 874 προέχοντα
1429 810 1638 859 εἴκοσιν
1667 799 1884 873 ἡλικίας

273 892 453 943 ἔτεσιν
483 883 691 960 ἄρρενα
721 881 755 958 ἢ
785 889 974 959 θῆλυν
1012 893 1250 959 νομίζων
1276 884 1348 952 ὡς
1383 887 1590 960 πατέρα
1620 882 1654 958 ἢ
1677 887 1884 959 μητέρα

275 966 734 1042 διευλαβείσθω.”
1906 995 1947 1028 10

226 1081 248 1113 b
399 1066 629 1115 XXXVII.
676 1056 928 1120 Μωσέως
962 1057 1022 1111 ἐν
1044 1068 1158 1121 τοῖς
1187 1053 1375 1128 νόμοις
1391 1052 1882 1128 ἀπαγορεύσαντος

264 1138 538 1213 Ἑβραίοις
570 1138 859 1214 Ἑβραίους
906 1137 1224 1211 δουλεύειν,
1278 1141 1370 1196 καὶ
1422 1137 1701 1212 φήσαντος
1743 1136 1882 1195 “ἐὰν

272 1223 445 1299 κτήσῃ
489 1229 663 1282 παῖδα
686 1222 972 1298 Εβραῐον,
1018 1226 1073 1291 ἓξ
1106 1229 1199 1295 ἔτη
1231 1222 1524 1281 δουλεύσει
1555 1229 1667 1280 σοί·
1712 1225 1790 1300 τῷ
1821 1222 1884 1279 δὲ

273 1307 489 1391 ἑβδόμῳ
531 1314 638 1365 ἔτει
679 1311 1055 1376 ἐξαποστελεϊς
1109 1305 1279 1366 αὐτὸν
1331 1305 1666 1382 ἐλεύθερον”
1721 1309 1811 1364 καὶ
1853 1303 1882 1364 5

272 1388 512 1451 Πλάτων
542 1389 741 1466 ὁμοίως
774 1397 833 1450 ἐν
864 1399 1131 1469 Πολιτείᾳ
1161 1399 1302 1466 φησί
1903 1417 1944 1451 15

389 1475 596 1550 “Μηδε
621 1474 863 1549 Ἐλληνα
902 1475 1008 1551 άρα
1051 1480 1256 1535 δουλον
1297 1481 1562 1550 ἐκτῆσθαι
1610 1475 1746 1550 μήτε
1785 1473 1882 1532 αὐ-

270 1561 429 1634 τούς,
483 1575 597 1628 τοῖς
647 1585 706 1619 τε
757 1560 943 1629 ἄλλοις
971 1560 1233 1635 Ἕλλησιν
1260 1560 1408 1664 ρῦτω
1452 1559 1880 1635 ξυμβουλεύειν;

270 1644 436 1703 Πάνυ
466 1670 569 1720 μεν
599 1638 731 1718 οὖν,
764 1653 897 1720 ἐΜφη
969 1645 1180 1720 μᾶλλόν
1222 1643 1272 1703 τ’
1317 1671 1388 1703 αν
1426 1670 1538 1703 ουν
1569 1644 1715 1703 ου’τω
1746 1643 1883 1718 πρὸς

271 1728 588 1804 βαρβάρους
618 1732 932 1803 τρέποιντο,
965 1755 1178 1788 εαυτων
1210 1731 1272 1787 δὲ
1303 1728 1628 1803 ἀπέχοιντοῖ

221 1850 237 1872 c
398 1824 652 1873 XXXVIII.
703 1810 843 1887 “Μὴ
901 1822 1120 1872 κινείτω
1170 1818 1271 1887 γῆς
1319 1811 1443 1920 ὅρια
1494 1815 1687 1886 μηδεὶς
1746 1811 1881 1886 μήτε
1903 1839 1946 1871 20

240 1904 479 1962 οἰκείου
510 1903 738 1955 πολίτου
769 1905 1012 1970 γείτονος
1043 1897 1178 1971 μήτε
1209 1894 1599 1971 ὁμοτέρμονος,
1633 1900 1694 1955 ἐν
1726 1901 1881 1971 ἐσχα-

226 2006 246 2036 d
272 1997 414 2050 τιαις
446 1985 782 2055 κεκτημένου
806 1981 954 2039 ἄλλω
980 1985 1116 2058 ξένω
1141 2006 1430 2055 γειτονων,
1465 1989 1694 2056 νομίσας
1723 1981 1784 2040 τὸ
1815 2006 1881 2039 τα

271 2065 506 2139 άκίνητα
536 2081 715 2124 κινεῖν
745 2041 973 2140 άληθάῖς
1002 2064 1153 2124 τοῦτ’
1190 2065 1385 2125 εἷναι.”
1751 2088 1755 2092 ’

398 2154 508 2208 Καὶ
539 2153 660 2224 ἑξῆς
690 2170 865 2225 φησιν

392 2231 520 2302 ““Ος
562 2232 615 2292 δ’
661 2233 730 2293 ἂν
762 2234 1120 2311 ἐπεργάζηται
1159 2234 1224 2292 τὰ
1264 2238 1362 2293 τοῦ
1390 2242 1664 2308 γείτονος,
1705 2229 1878 2308 ὑπερ-
1899 2259 1941 2291 25

272 2324 486 2390 βαίνων
524 2317 651 2385 τούς
690 2318 885 2394 ὅρους,
928 2320 988 2378 τὸ
1032 2321 1135 2394 μὲν
1174 2318 1378 2395 βλάβος
1410 2318 1751 2391 ἀποτινέτω,
1782 2321 1878 2392 τῆς

274 2402 336 2458 δὲ
366 2399 649 2468 ἀναιδείας
681 2402 791 2477 ἅμα
821 2407 913 2462 καὶ
945 2402 1344 2479 ἀνελευθερίας
1368 2407 1533 2460 ἕνεκα
1565 2400 1878 2477 ἰατρευόμε-

272 2509 365 2551 νος
409 2485 699 2587 διπλάσιον
740 2491 839 2545 τοῦ
878 2488 1123 2561 βλάβους
1163 2487 1295 2546 ἄλλο
1337 2486 1600 2546 ἐκτισάτω
1640 2490 1714 2564 τῷ
1746 2493 1876 2559 βλα-

270 2568 501 2641 φθέντι.’

384 2697 408 2733 2
442 2697 540 2739 τοῖς
562 2688 766 2758 Νόμοις]
802 2696 868 2735 11
893 2709 935 2747 p.
958 2697 1037 2736 931
1063 2709 1100 2735 e.

385 2750 409 2788 6
443 2742 493 2789 ἐν
517 2743 673 2803 ἑτέρῳ]
708 2751 822 2802 Leg.
846 2753 870 2791 9
896 2765 935 2803 p.
958 2752 1054 2791 879.

358 2807 409 2845 15
442 2798 492 2846 ἐν
511 2803 764 2869 Πολιτεια]
799 2808 839 2847 5
863 2821 903 2858 p.
927 2808 1024 2846 469.

355 2863 409 2902 20
439 2855 524 2913 Μὴ
547 2861 735 2903 κινείτω
756 2860 828 2915 —]
863 2865 976 2915 Leg
1001 2865 1026 2903 8
1048 2875 1088 2915 p.
1114 2863 1209 2903 842.
1235 2864 1330 2903 843.
