2014 3146
546 126 757 168 PRAEP.
791 126 1013 169 EVANG.
1046 126 1151 168 ΧΠ.
1178 130 1354 170 11—13.
1697 126 1764 178 95

149 243 409 312 πλευρῶν
440 239 611 298 αὐτοῦ
630 285 644 311 ,
685 243 776 297 καὶ
807 239 1168 315 ἀνεπλήρωσε
1199 240 1378 316 σάρκα
1408 239 1527 299 ἀντ’
1578 239 1760 315 αὐτῆς.

150 328 242 383 καὶ
273 323 593 402 ᾠκοδόμησε
622 323 810 398 κύριος
840 321 868 381 ὁ
899 324 1030 392 θεὸς
1046 325 1149 398 τὴν
1175 325 1439 400 πλευρὰν,
1471 323 1543 399 ἣν
1565 333 1764 398 ἔλαβεν

149 408 256 466 ἀπὸ
296 411 395 466 τοῦ
419 407 618 482 Ἀδὰμ,
655 414 732 475 εἰς
772 406 1079 481 γυναῖκα,”
1122 409 1196 483 μὴ
1237 413 1425 477 συνεὶς
1463 409 1492 468 ὁ
1523 409 1764 468 Πλάτων

149 499 238 569 οἵᾳ
281 503 492 567 εἴρηται
535 498 755 569 διανοίᾳ
804 496 970 565 δῆλος
1010 496 1112 567 μέν
1154 498 1304 551 ἐστιν
1343 493 1445 552 οὐκ
1485 491 1761 572 ἀγνοήσας

105 603 125 634 5
148 577 244 635 τὸν
268 575 434 650 λόγον
450 621 464 648 ,
502 575 885 651 Ἀριστοφάνει
912 575 964 633 δ’
992 574 1179 651 αὐτὸν,
1213 575 1302 635 οἷα
1326 584 1575 655 κωμῳδῷ
1600 587 1763 652 χλευ-

148 661 297 731 άζειν
330 660 554 719 εἰωθότι
594 663 686 718 καὶ
715 660 782 718 τὰ
813 661 987 734 σεμνὰ
1018 666 1130 718 τῶν
1162 661 1525 735 πραγμάτων,
1570 660 1763 720 ἀνατί-

148 757 348 818 θησιν,
381 749 441 802 ἐν
474 752 783 821 Συμποσίῳ
814 744 948 802 τάδε
979 748 1207 818 λέγοντα
1239 745 1410 803 αὐτὸν
1443 746 1682 819 εἰσάγων

276 837 322 886 2.
363 825 511 886 “Asc
542 830 601 886 δε
625 850 845 902 πρωτον
874 825 1016 902 υμᾶς
1039 840 1247 902 μαθειν
1268 828 1370 901 τὴν
1393 827 1762 931 ἀνθρωπίνην

147 911 322 986 φύσιν
366 915 456 970 καὶ
496 912 562 970 τὰ
601 911 902 986 παθήματα
934 911 1120 986 αὐτῆς.
1191 909 1224 986 ἡ
1258 913 1362 986 γὰρ
1405 913 1574 971 πάλαι
1604 910 1762 986 ἡμῶν
1785 934 1805 965 d

86 1024 126 1055 10
149 996 316 1069 φύσις
346 994 446 1070 οὐχ
492 995 520 1069 ἡ
553 993 692 1069 αύτὴ
722 988 794 1070 ἦν
823 994 963 1072 ἥπερ
998 1002 1134 1069 νῦν,
1166 991 1305 1054 ἀλλά
1330 997 1484 1070 ἀλλη.
1541 1002 1762 1099 πρῶτον

145 1105 248 1154 μεν
278 1106 382 1155 γαρ
412 1086 536 1153 τρία
566 1083 636 1154 ἠν
664 1105 731 1138 τα
760 1087 893 1154 γένη
917 1106 1028 1139 των
1061 1079 1411 1155 ἀνθρώπων,
1443 1081 1545 1155 οὐχ
1576 1079 1760 1154 ω’σπερ

145 1168 252 1223 νῦν
285 1165 416 1237 δύο,
458 1163 628 1239 ἀρρεν
669 1167 763 1222 καὶ
793 1170 972 1238 θῆλυ,
1013 1165 1150 1223 ἀλλα
1196 1169 1288 1223 καὶ
1329 1173 1516 1240 τρίτον
1546 1169 1761 1241 προσῆν

146 1249 335 1308 κοινὸν
357 1246 685 1323 ἀμφοτέρων
707 1248 939 1322 τούτων,
965 1243 1032 1307 οὗ
1055 1253 1162 1307 νῦν
1184 1249 1357 1324 ’ὄνομα
1381 1249 1594 1322 λοιπὸν,
1626 1249 1759 1307 αὐτὸ

149 1334 211 1390 δε
240 1330 566 1407 ἠφάνισται
615 1330 966 1407 ἀνδρόγυνον
997 1359 1100 1407 γαρ
1124 1333 1245 1392 τότε
1268 1359 1371 1407 μεν
1397 1337 1466 1407 ἠν
1489 1337 1581 1391 καὶ
1614 1335 1759 1401 εἶδος
1781 1354 1866 1397 [3ι4]

83 1444 123 1476 15
147 1420 239 1474 καὶ
269 1416 443 1490 ὄνομα
487 1420 539 1485 ἐξ
570 1415 900 1492 ἀμφοτέρων
931 1418 1148 1491 κοινὸν,
1188 1423 1286 1476 τοῦ
1316 1442 1375 1476 τε
1405 1416 1637 1492 ἄρρενος
1668 1421 1760 1475 καὶ

145 1508 246 1559 τοῦ
275 1500 534 1574 θήλεος.”

275 1590 322 1643 3.
366 1582 501 1644 Εἶθ’
537 1588 658 1658 ἑξῆς
691 1584 961 1659 διασύρας
991 1585 1057 1643 τὰ
1089 1584 1239 1663 αὐτῷ
1264 1585 1486 1660 συνήθη
1514 1588 1760 1660 ἐπιφέρει

148 1671 326 1742 λέγων

266 1751 480 1810 “Ταῦτ’
528 1751 700 1811 εἰπών
750 1752 779 1811 ὅ
821 1751 954 1826 παρ’
999 1751 1149 1829 αύτῷ
1204 1753 1344 1821 Ζεὺς
1395 1760 1585 1827 ἔτεμνε
1631 1754 1760 1821 τοὺς

83 1865 124 1897 20
147 1835 483 1912 ἀνθρώπους
511 1843 661 1911 δίχα,
696 1837 880 1909 ὥσπερ
905 1842 962 1896 οἱ
986 1838 1052 1895 τὰ
1076 1832 1186 1895 ὦτα
1202 1841 1492 1912 τέμνοντες
1515 1841 1607 1895 καὶ
1630 1841 1760 1911 μέλ-

147 1931 338 1989 λοντες
376 1921 714 1996 ταριχεύειν,
763 1918 798 1995 ἢ
839 1921 1024 1995 ὥσπερ
1065 1927 1122 1979 οἱ
1165 1922 1230 1979 τὰ
1274 1919 1354 1999 ῷά
1392 1937 1511 1988 ταῖς
1551 1925 1755 1996 θριξίν.

146 2005 336 2064 ὅντινα
362 2006 423 2063 δὲ
445 2009 625 2079 τέμοι,
655 2006 752 2063 τὸν
776 2005 1096 2064 Ἀπόλλωνα
1122 2009 1341 2064 ἐκέλευε
1363 2005 1424 2064 τό
1449 2031 1508 2063 τε
1538 2005 1760 2080 πρόσω-

147 2114 255 2148 πον
306 2093 703 2164 μεταστρέφειν
751 2093 843 2147 καὶ
893 2089 951 2147 τὸ
992 2095 1090 2148 τοῦ
1141 2089 1373 2164 αὐχένος
1414 2089 1583 2162 ἥμισυ
1623 2087 1759 2161 πρὸς

147 2174 248 2248 τὴν
296 2175 498 2248 τομὴν,
563 2180 657 2232 ἵνα
708 2173 994 2247 θεώμενος
1043 2174 1144 2246 τὴν
1195 2170 1368 2230 αὑτοῦ
1415 2177 1614 2246 τμῆσιν
1664 2196 1760 2228 κο-

84 2284 126 2315 25
149 2257 446 2332 σμιιότερος
480 2268 563 2330 εἴη
594 2257 623 2315 ὁ
653 2257 982 2331 ἅνθρωπος,
1031 2260 1122 2314 καὶ
1152 2255 1218 2314 τοὶ
1249 2254 1387 2313 ἄλλα
1419 2260 1613 2314 ἰᾶσθαι
1645 2259 1758 2313 ἐκέ-

151 2340 365 2398 λευεν.”

276 2436 401 2484 XIII.
451 2426 702 2491 ΝΙωσέως
753 2423 849 2481 τὸν
900 2428 1120 2497 πρῶτον
1170 2428 1282 2482 τῶν
1332 2426 1585 2497 γηγενῶν
1630 2429 1756 2496 βίον
1775 2445 1864 2487 (586)

150 2507 576 2581 ὑπογράψαντος
620 2511 680 2565 ἐν
719 2513 1039 2585 παραδείσῳ
1077 2512 1221 2567 θεοῦ
1260 2511 1576 2581 γεγονέναι,
1619 2507 1759 2566 θεόν

150 2617 207 2650 τε
248 2589 434 2650 αὐτῶν
471 2589 733 2664 ἡγεῖσθαι
774 2595 832 2650 έν
872 2591 1165 2670 ἀχρημάτῳ
1207 2596 1299 2650 καὶ
1339 2590 1603 2666 ἀκτήμονι
1637 2597 1759 2649 δια-

88 2701 129 2734 30
152 2681 325 2750 γωγῇ,
347 2675 599 2750 ἅσπαρτά
621 2700 679 2734 τε
702 2673 888 2744 αὐτοῖς
911 2680 1001 2734 καὶ
1023 2676 1263 2751 ἀνήροτα
1287 2675 1468 2735 πάντα
1490 2676 1757 2750 φύεσθαι,

267 2871 308 2912 8.
340 2871 435 2910 Δεῖ
452 2864 504 2910 δὲ
527 2867 601 2923 -—]
636 2870 770 2910 Plato
794 2869 943 2924 Symp.
969 2885 1013 2924 p.
1038 2873 1135 2913 189.
1160 2872 1252 2911 190.
