2014 3146
567 110 780 154 PRAEP.
809 109 1030 154 EVANG.
1061 110 1185 152 XIV.
1220 112 1284 155 17.
1320 112 1388 151 18.
1689 109 1790 162 301

181 233 437 302 μενίδης·
484 224 685 284 τούτου
716 229 1028 299 Μέλισσος,
1070 217 1139 284 οὗ
1179 225 1405 300 Ζήνων,
1449 218 1518 284 οὗ
1546 225 1795 284 Λεύκιπ-

182 335 302 384 πος,
326 304 392 369 οὗ
416 311 780 385 Δημόκριτος,
805 311 871 367 οὐ
894 310 1269 386 Πρωταγόρας
1296 313 1387 368 καὶ
1412 317 1661 378 Νεσσᾶς·
1694 314 1795 368 τοῦ

185 398 247 454 δε
278 399 472 455 Νεσσᾶ
502 393 903 469 Μητρόδωρος,
935 397 1001 452 οὐ
1032 397 1326 469 Διογένης,
1358 397 1425 454 οὐ
1451 393 1792 469 Ἀναξαρχος.

177 479 514 554 Ἀναξάρχου
555 481 615 537 δε
655 478 930 553 γνώριμος
968 482 1162 553 γέγονε
1192 480 1465 555 Πύρρων,
1506 477 1609 553 ἀφ’
1651 482 1719 538 οὐ
1759 476 1794 552 ἡ

140 589 160 622 5
182 590 294 623 των
324 569 653 623 Σκεπτικῶν
685 567 1100 636 ἐπικληθέντων
1124 563 1378 638 διατριβὴ
1403 568 1667 638 συνέστη
1698 588 1795 631 ους

182 652 274 708 καὶ
306 647 505 716 αὐτοὺς
547 649 724 723 μηδὲν
766 649 909 706 εἶναι
951 647 1011 706 τὸ
1043 649 1307 722 παράπαν
1336 647 1464 722 μήτ’
1500 653 1561 706 ἐν
1591 648 1797 722 αἰσθή->

183 756 266 792 σει
296 731 423 808 μήτ’
460 738 520 791 ἐν
550 732 695 810 λόγῳ
725 731 1074 804 καταληπτὸν
1100 732 1468 806 ὁριζομένους,
1502 735 1794 807 ἐπέχοντας

184 816 238 876 δ’
274 822 335 876 ἐν
364 821 560 891 πᾶσιν,
602 816 750 884 ὅπως
790 814 1104 889 ἄπήλεγχον
1134 823 1192 875 οἱ
1216 815 1659 886 ἀντιδοξάζοντες
1688 843 1795 890 μα-

181 914 314 961 θεῖν
352 903 616 976 πάρεστιν
667 898 775 958 ἆπό
827 904 927 958 τοῦ
980 904 1330 974 δηλωθέντος
1370 901 1794 975 συγγράμματος

119 1011 160 1042 10
183 980 296 1045 ὧδέ
323 1010 398 1070 πη
429 985 566 1060 πρὸς
596 987 743 1054 λέξιν
774 990 991 1059 ἔχοντος
1822 1008 1840 1037 ι)

308 1082 474 1132 XVIII.
541 1069 916 1143 Ἀναγκαίως
950 1069 1000 1127 δ’
1048 1077 1159 1144 ἔχει
1199 1069 1306 1145 πρὸ
1337 1068 1540 1137 παντὸς
1573 1072 1795 1128 διασκέ-
1818 1100 1835 1121 e

182 1167 400 1240 ψασθαι
442 1158 572 1257 περὶ
611 1159 706 1228 τῆς
746 1149 905 1228 ἡμων
943 1153 1132 1213 αὐτῶν
1172 1153 1454 1227 γνώσεως·
1503 1161 1554 1212 εί
1585 1180 1690 1229 γαρ
1723 1147 1796 1213 αὖ

180 1229 357 1315 μηδεν
387 1240 716 1315 πεφύκαμεν
745 1247 1067 1313 γνωρίζειν,
1099 1237 1269 1298 ούδεν
1299 1247 1377 1298 ἔτι
1411 1245 1500 1298 δεῖ
1525 1243 1653 1312 περὶ
1683 1265 1796 1298 των

181 1324 365 1383 ἄλλων
395 1340 641 1384 σκοπεῖν.
731 1330 781 1382 2.
832 1327 1085 1397 ἐγένοντο
1133 1349 1239 1426 μεν
1290 1317 1393 1382 οὖν
1428 1327 1520 1382 καὶ
1549 1349 1663 1383 των
1693 1324 1795 1382 πά-

119 1432 160 1465 15
183 1418 274 1467 λαι
325 1435 470 1477 τινες
509 1414 567 1467 οἰ
602 1409 836 1481 ἀφέντες
876 1407 1044 1481 τήνδε
1083 1408 1186 1481 τὴν
1224 1409 1450 1482 φωνὴν,
1494 1406 1575 1476 οἷς
1615 1408 1794 1467 ἀντεί-

182 1518 352 1568 ρηκεν
374 1493 767 1569 Ἀριστοτέλης.
817 1503 1009 1567 ἴσχυσε
1029 1495 1216 1566 μέντοι
1237 1498 1464 1551 τοιαῦτα
1494 1496 1673 1567 λέγων
1703 1496 1796 1552 καὶ

183 1579 429 1652 Πύρρων
458 1576 486 1636 ὅ
511 1577 748 1645 Ἠλεῖος·
795 1576 916 1634 ἀλλ’
962 1575 1128 1645 αὐτὸς
1166 1579 1270 1651 μὲν
1307 1575 1476 1636 οὐδὲν
1519 1582 1579 1638 ἐν
1607 1582 1798 1654 γραφῇ

182 1666 606 1736 καταλέλοιπεν,
638 1660 668 1720 ὁ
702 1664 764 1720 δὲ
794 1662 1048 1737 μαθητὴς
1081 1660 1252 1720 αὐτοῦ
1291 1670 1480 1737 Τίμων
1510 1667 1648 1736 φησὶ
1675 1669 1796 1721 δεῖν

180 1746 278 1806 τὸν
306 1750 576 1821 μέλλοντα
608 1747 1034 1821 εὐδαιμονήσειν
1064 1753 1143 1814 εἰς
1171 1753 1297 1823 τρία
1335 1750 1508 1804 ταῦτα
1538 1749 1792 1820 βλέπειν·

119 1856 162 1888 20
184 1835 405 1905 πρῶτον
443 1833 574 1907 μὲν,
619 1829 783 1891 ὁποῖα
823 1835 1039 1905 πέφυκε
1067 1831 1135 1889 τὰ
1164 1830 1482 1936 πράγματα·
1532 1832 1796 1907 δεύτερον
1823 1849 1842 1881 d

186 1917 266 1990 δε,
297 1923 424 1975 τίνα
455 1915 558 1991 χρὴ
587 1916 793 1989 τρόπον
822 1913 963 1991 ἡμᾶς
994 1917 1131 1991 πρὸς
1161 1914 1302 1974 αὐτὰ
1332 1922 1672 1975 διακεῖσθαι·
1705 1942 1796 1975 τε-

183 2010 440 2059 λευταῖον
475 2003 555 2075 δε,
587 2009 645 2060 τί
669 2005 952 2075 περιέσται
982 2016 1096 2070 τοῖς
1126 2000 1302 2069 οὕτως
1333 2008 1536 2075 ἔχουσι.
1626 2007 1673 2059 3.
1728 2026 1795 2059 τα

184 2087 287 2158 μὲν
316 2079 419 2143 οὗν
448 2109 739 2160 πραγματα
769 2106 943 2160 φησιν
974 2083 1144 2144 αὐτὸν
1183 2083 1518 2159 ἀποφαίνειν
1551 2084 1635 2143 ἐπ’
1675 2096 1795 2158 ἰσης

185 2167 467 2242 ἀδιαφορα
498 2172 590 2227 καὶ
621 2167 947 2244 ασταθμητα
976 2173 1070 2227 καὶ
1099 2167 1450 2243 ἄνεπίκριτα,
1497 2168 1589 2226 διὰ
1632 2173 1794 2227 τοῦτο

122 2276 164 2309 25
186 2252 319 2328 μήτε
348 2253 444 2321 τὰς
476 2252 768 2327 αἰσθήσεις
798 2253 957 2327 ἡμῶν
997 2253 1132 2327 μήτε
1170 2256 1266 2321 τὰς
1299 2254 1459 2322 δόξας
1490 2252 1795 2327 ἀληθεύειν

185 2334 219 2410 ἢ
250 2337 579 2406 ψεύδεσθαι.
658 2337 748 2395 διὰ
787 2341 948 2396 τοῦτο
979 2331 1085 2396 οὖν
1115 2339 1255 2412 μηδὲ
1285 2337 1569 2396 πιστεύειν
1600 2337 1795 2406 αὐταῖς

188 2428 341 2494 δεῖν,
373 2420 494 2479 ἀλλ’
529 2420 863 2491 ἆδοξάστους
894 2425 985 2480 καὶ
1017 2420 1260 2490 ἆκλινεῖς
1291 2425 1383 2480 καὶ
1414 2421 1794 2497 ἀκραδοὲντους

188 2506 357 2579 εἶναι,
411 2509 538 2578 περὶ
589 2505 710 2574 ἑνὸς
763 2506 998 2565 ἑκάστου
1043 2510 1302 2580 λέγοντας
1352 2505 1436 2565 ὅτι
1477 2505 1545 2565 ού
1586 2507 1795 2581 μᾶλλόν

189 2594 337 2648 ἐστιν
367 2587 401 2664 ἢ
432 2589 536 2648 οὐκ
567 2597 745 2665 ἔστιν,
786 2588 820 2664 ἢ
851 2595 944 2650 καὶ
975 2598 1086 2650 ἔστι
1117 2595 1210 2650 καὶ
1238 2592 1342 2651 οὐκ
1373 2599 1549 2666 ἔστιν,
1590 2588 1623 2666 ἦ
1667 2591 1794 2650 οὕτε

123 2695 163 2728 30
189 2682 340 2733 ἔστιν
379 2673 500 2734 οὔτ’
542 2673 644 2733 οὐκ
683 2683 847 2734 ἔστιν.
936 2681 985 2735 4.
1034 2690 1149 2744 τοῖς
1190 2679 1377 2751 μέντοι
1431 2680 1794 2750 διακειμένοις

187 2756 330 2818 οὕτω
361 2763 721 2831 περιέσεσθαι
759 2767 946 2835 Τίμων
975 2764 1113 2835 φησὶ
1143 2766 1364 2835 πρῶτον
1393 2763 1496 2836 μὲν
1525 2758 1791 2834 ἀφασίαν,

188 2851 374 2902 ἔπειτα
407 2842 460 2902 δ’
494 2843 812 2918 ἀταραξίαν,
847 2852 1224 2920 Αἰνησίδημος
1257 2848 1318 2904 δὲ
1347 2842 1613 2921 ἡδονήν.”
