2014 3146
574 110 787 155 PRAEP.
818 108 1038 153 EVANG.
1071 109 1168 152 XV.
1200 110 1382 151 30—32.
1675 107 1777 158 397

170 238 339 288 XXXI.
575 221 754 299 “Περὶ
786 224 1056 300 σχήματος
1087 224 1351 299 ἀστέρων.

297 338 342 390 1.
380 337 457 390 Οἱ
478 333 719 390 Στωϊκοὶ
742 330 1072 405 σφαιρικοὺς
1093 329 1221 398 τούς
1244 328 1493 404 ἀστέρας,
1519 328 1775 403 καθάπερ

166 414 264 474 τὸν
294 416 502 490 κόσμον
532 418 623 474 καὶ
654 413 813 489 ἥλιον
843 418 935 472 καὶ
965 414 1220 488 σελήνην.

292 506 342 559 2.
375 499 673 574 Κλεάνθης
703 505 1036 567 κωνοειδεῖς.

124 610 143 642 5
292 590 338 642 3.
363 583 718 658 Ἀναξιμένης
757 583 911 657 ἥλων
953 589 1114 656 δίκην
1155 585 1663 656 καταπεπηγμένων
1704 585 1782 659 τῷ
1805 611 1826 643 d

166 675 629 744 κρυσταλλοειδεῖ.
685 674 821 726 ἔνιοι
844 669 904 726 δὲ
926 671 1133 725 πέταλα
1164 665 1379 740 πύρινα
1410 666 1571 739 εἶναι,
1594 664 1778 740 ὥσπερ

169 750 628 829 ζωγραφήματαῤ

303 841 541 897 Τοιαῦτα
570 850 683 904 τοῖς
712 847 1060 910 θαυμαστοῖς
1091 833 1415 909 φιλοσόφοις
1447 859 1513 892 τα
1543 837 1669 906 περὶ
1702 827 1781 892 ὠν

168 941 304 996 φασι
335 923 690 996 φαινομένων
718 924 872 978 θεων
903 918 1256 994 ἐξευρήματα.
1310 916 1414 978 οἱα
1448 920 1508 976 δε
1539 921 1630 976 καὶ
1655 922 1780 992 περὶ

106 1030 146 1061 10
170 1013 268 1065 τοῦ
311 1004 517 1072 παντὸς
549 1003 905 1078 διειλήφασιν
947 1007 1005 1061 ἐκ
1039 1008 1136 1077 τῆς
1177 1000 1345 1076 αὐτῆς
1385 1001 1642 1076 μάνθανε
1682 1006 1781 1061 τοῦ

174 1090 540 1164 Πλουτάρχου
571 1094 762 1163 φωνῆς

168 1229 359 1278 XXXII.
595 1212 765 1283 “Haig
796 1218 1034 1288 συνέστη
1064 1211 1092 1272 ὁ
1125 1213 1340 1289 κόσμος.

307 1327 353 1379 1.
395 1320 453 1379 Ὀ
501 1327 695 1380 τοίνυν
744 1319 943 1394 κόσμος
1003 1322 1484 1396 περικεκλασμένῳ
1545 1318 1781 1393 σχήματι

172 1405 558 1481 ἐσχημάτισται
587 1405 686 1463 τὸν
711 1404 917 1479 τρόπον
940 1409 1150 1462 τοῦτον.
1204 1408 1317 1463 τῶν
1346 1401 1567 1477 ἀτόμων
1598 1402 1779 1476 σωμά-

108 1518 149 1551 15
170 1516 283 1550 των
334 1489 680 1564 ἀπρονόητον
731 1492 823 1547 καὶ
862 1495 1096 1563 τυχαίαν
1140 1487 1378 1562 ἐχόντων
1417 1488 1519 1560 τὴν
1559 1494 1780 1560 κίνησιν
1801 1506 1892 1546 (840)

170 1577 417 1649 συνεχῶς
446 1599 505 1632 τε
535 1576 628 1632 καὶ
659 1573 884 1647 τάχιστα
912 1576 1276 1647 κινουμένων,
1310 1579 1388 1639 εἰς
1408 1570 1575 1630 ταυτό
1606 1572 1782 1629 πολλὰ

172 1678 396 1732 σωματα
418 1665 833 1733 συνηθροίσθη,
866 1660 958 1715 καὶ
987 1656 1078 1714 δια
1101 1661 1262 1715 τοῦτο
1284 1662 1608 1714 ποικιλίαν
1588 1662 1781 1730 έχοντα

172 1762 465 1818 σχηματων
494 1745 587 1800 καὶ
609 1746 882 1816 μεγεθῶν.
934 1747 982 1800 2.
1018 1740 1431 1817 ἀθροιζομένων
1463 1741 1525 1798 δε
1557 1745 1617 1798 ἐν
1647 1765 1781 1798 ταυ-
1805 1758 1892 1800 [490]

171 1852 246 1885 τω
276 1827 507 1901 τούτων,
539 1852 605 1885 τα
624 1852 726 1901 μεν
747 1824 850 1884 ὅσα
870 1833 1092 1901 μείζονα
1112 1852 1186 1900 ην
1215 1829 1307 1901 καὶ
1338 1825 1620 1899 βαρύτατα
1641 1847 1784 1883 παν-

108 1941 149 1972 20
172 1937 285 1970 των
334 1908 697 1984 υπεκαθιζεν,
753 1909 856 1968 ὅσα
908 1912 970 1968 δε
1009 1935 1178 1985 μικρα
1226 1913 1318 1968 καὶ
1366 1913 1638 1985 περιφερῆ
1691 1912 1782 1966 καὶ

174 2005 293 2054 λεῖα
342 1998 435 2053 καὶ
478 1995 844 2069 εὐολίσθητα,
898 1998 1072 2053 ταῦτα
1129 1998 1444 2067 ἐξεθλίβετο
1494 1993 1631 2051 κατα
1680 1992 1783 2065 τὴν

175 2078 420 2139 σύνοδον
458 2104 572 2137 των
611 2100 912 2153 σωματων,
955 2088 1035 2145 εἴς
1074 2103 1134 2137 τε
1174 2078 1234 2135 τὸ
1274 2081 1550 2153 μετέωρον
1579 2075 1783 2149 ἀνεφέ-

176 2188 312 2236 ρετο.
395 2168 441 2220 3.
486 2187 559 2229 ως
600 2188 703 2221 ουν
745 2164 956 2231 ἐξέλιπε
1008 2187 1111 2236 μεν
1157 2187 1190 2235 η
1231 2161 1499 2235 πληκτικὴ
1549 2161 1783 2234 δύναμις

175 2253 596 2322 μετεωρίζουσα,
628 2244 810 2304 ουκέτι
843 2248 904 2304 δε
933 2249 1069 2319 ἠγεν
1099 2271 1132 2319 η
1164 2245 1344 2319 πληγὴ
1377 2244 1512 2320 πρὸς
1541 2246 1601 2303 τὸ
1631 2269 1783 2319 μετε-

113 2358 154 2391 25
178 2357 352 2407 ωρον,
402 2330 668 2389 ἐκωλύετο
710 2331 771 2388 δε
809 2335 980 2389 ταῦτα
1019 2333 1293 2405 φέρεσθαι
1332 2355 1506 2403 κατω,
1548 2332 1783 2400 ἐπιέζετο
1810 2349 1831 2381 b

176 2416 312 2490 πρὸς
342 2415 470 2482 τοὺς
500 2414 703 2482 τόπους
741 2414 868 2482 τοὺς
909 2419 1256 2489 δυναμένους
1289 2419 1569 2484 δέξασθαι.
1631 2407 1783 2473 οὗτοι

180 2502 242 2558 δὲ
283 2492 428 2573 ἦσαν
468 2505 526 2557 οἱ
562 2502 732 2574 πέριξ.
802 2503 850 2557 4.
894 2502 987 2557 καὶ
1026 2499 1161 2573 πρὸς
1205 2499 1434 2567 τούτους
1476 2499 1536 2557 τὸ
1567 2505 1782 2572 πλῆθος

176 2588 289 2642 τῶν
329 2604 600 2657 σωματων
638 2586 984 2657 περιεκλᾶτο·
1041 2583 1480 2659 περιπλεκόμενα
1521 2585 1582 2641 δε
1612 2574 1785 2655 αλλή-

179 2677 293 2737 λοις
323 2693 461 2726 κατα
490 2667 593 2741 τὴν
622 2676 948 2743 περίκλασιν
977 2666 1074 2726 τὸν
1096 2667 1336 2743 ουρανόν
1369 2671 1644 2741 ἐγέννησε.
1688 2670 1785 2739 τῆς

116 2778 156 2810 30
183 2750 234 2810 δ’
270 2750 439 2826 αυτῆς
471 2751 725 2826 ἐχόμεναι
755 2751 975 2854 φύσεως
1000 2751 1109 2810 αἶ’
1086 2777 1295 2826 ατομοι,
1327 2760 1572 2810 ποικίλαι
1602 2744 1783 2823 οὖσαι,

181 2837 367 2904 καθως
399 2847 640 2910 εἴρηται,
673 2835 807 2910 πρὸς
837 2835 896 2894 τὸ
927 2839 1206 2912 μετέωρον
1239 2835 1643 2910 ἐξωθούμεναι,
1684 2837 1785 2907 τὴν
