2014 3146
248 117 351 168 184
922 68 1169 156 EUSEBII

195 268 214 289 c
245 255 367 299 ποις
398 235 490 289 καὶ
519 231 584 288 τὰ
615 229 818 303 νόμιμα
848 232 940 288 καὶ
970 234 1028 287 oc
1052 228 1237 303 νόμοις
1284 232 1376 287 καὶ
1414 227 1518 288 οῦκ
1547 239 1650 288 οἴει
1681 227 1853 304 ἄσχη-

244 341 350 390 μον
379 325 684 388 φανεῖσθαι
713 313 773 371 τὸ
816 318 918 372 τοῦ
948 313 1283 387 Σωκράτους
1324 317 1573 388 πράγμα;
1630 321 1858 372 οἴεσθαί

243 424 307 472 γε
337 399 454 474 χρή.
547 403 595 456 2.
659 397 781 456 ἀλλ’
829 402 890 456 ἐκ
927 422 1029 472 μεν
1067 397 1281 456 τούτων
1317 402 1432 456 τῶν
1469 397 1655 456 τόπων
1705 395 1850 456 άπα-

245 498 386 558 ρεΐς,
428 481 573 556 ἥξεις
616 484 676 540 δὲ
718 489 794 550 εἰς
827 488 1131 541 Θετταλίαν
1169 481 1318 555 παρὰ
1346 481 1475 548 τοῦς
1505 485 1694 550 ξένους
1723 484 1851 550 τοὺς

243 574 551 642 Κρίτωνος·
596 571 712 625 ἐκεῖ
736 566 840 641 γάρ
875 566 942 641 δὴ
972 572 1202 640 πλείστη
1232 565 1425 634 ἀταξία
1447 569 1540 624 καὶ
1562 565 1848 640 ἀκολασία,
1893 586 1917 620 5

244 654 336 709 καὶ
371 662 500 718 ἴσως
531 647 601 709 ἂν
631 650 809 724 ἡδέως
839 670 942 709 σου
973 650 1230 709 ἀκούοιεν
1281 650 1353 718 ὡς
1393 657 1622 723 γελοίως
1663 654 1723 710 ἐκ
1752 655 1851 709 τοῦ

245 743 625 810 δεσμωτηρίου
666 733 1098 812 ἆπεδίδρασκες,
1144 735 1353 808 σκευήν
1382 739 1442 793 τέ
1469 761 1593 794 τινα
1623 738 1854 810 περιθέ-

243 845 407 894 μενος
444 818 480 893 ἢ
524 822 803 894 διφθέραν
841 820 1031 894 λαβὼν
1074 818 1108 893 ἢ
1152 818 1292 877 ἄλλα
1332 816 1422 877 οἷα
1461 819 1531 893 δὴ
1584 817 1852 878 εἰώθασιν

246 904 675 974 ἐνσκευάζεσθαι
707 910 764 962 οἱ
789 902 1322 977 ἀποδιδράσκοντες,
1367 907 1460 962 καὶ
1488 902 1549 962 τὸ
1580 910 1761 979 σχῆμα
1789 903 1851 962 τὸ

245 993 453 1047 σαυτοῦ
484 987 834 1062 μεταλλάξας.
925 995 973 1046 3.
1022 986 1105 1046 ὅτι
1148 990 1210 1046 δὲ
1248 992 1429 1063 γέρων
1467 986 1607 1062 ἀνὴρ
1651 992 1850 1064 μικροῦ
1874 1007 1918 1040 10

197 1097 216 1128 d
243 1072 447 1148 χρόνου
477 1077 555 1150 τῷ
585 1080 691 1150 βίῳ
724 1078 920 1131 λοιποῦ
950 1072 1126 1146 ὄντος,
1161 1073 1233 1139 ὡς
1262 1071 1322 1130 τὸ
1355 1073 1517 1155 εἰκὸς,
1553 1071 1852 1146 ἐτόλμησας

243 1156 387 1215 οὕτω
417 1164 688 1232 γλίσχρως
721 1161 1018 1231 ἐπιθυμεῖν
1045 1162 1160 1231 ζῆν,
1183 1157 1399 1260 νόμους
1409 1157 1536 1225 τοὺς
1558 1164 1852 1232 μεγίστους

242 1242 513 1317 παραβὰς,
547 1240 780 1309 οὐδεὶς
763 1267 823 1309 ος
856 1247 994 1344 ἐρεϊ;
1042 1251 1193 1314 ἰσως,
1226 1267 1296 1300 αν
1325 1241 1399 1316 μή
1421 1266 1546 1300 τινα
1568 1241 1850 1317 λυπήσῃς

244 1333 295 1384 εἰ
334 1327 396 1383 δε
435 1325 537 1400 μὴ,
579 1326 820 1402 ἀκούσῃ,
864 1351 906 1384 ω
947 1326 1271 1403 Σώκρατες,
1313 1326 1489 1385 πολλα
1534 1329 1624 1384 καὶ
1656 1324 1851 1395 ἀνάξια

242 1415 466 1469 σαυτοῦ.
539 1409 911 1485 ὑπερχόμενος
954 1410 1021 1484 δὴ
1066 1411 1243 1487 βιώσῃ
1274 1411 1483 1478 πάντας
1513 1409 1850 1485 ἆνθρωπους
1874 1426 1919 1459 15

242 1498 333 1552 καὶ
367 1494 673 1568 δουλεύων,
706 1502 766 1552 τί
789 1499 964 1554 ποιῶν
994 1493 1027 1569 ἢ
1061 1495 1437 1570 εὐωχούμενος
1469 1499 1529 1553 ἐν
1562 1501 1848 1572 Θετταλίᾳ,

243 1578 427 1654 ὥσπερ
484 1582 572 1637 ἐπὶ
623 1585 855 1639 δεῖπνον
906 1579 1345 1654 ἀποδεδημηκώς
1399 1586 1475 1647 είς
1529 1586 1847 1638 Θετταλίαν.

241 1663 394 1737 λόγοι
436 1665 497 1721 δὲ
538 1668 738 1722 ἐκεῖνοι
778 1671 836 1722 oc
870 1668 996 1740 περὶ
1041 1663 1394 1738 δικαιοσύνης
1433 1667 1650 1737 καὶτῆς
1683 1662 1850 1737 ἄλλης

240 1745 435 1821 άρετῆς
466 1753 573 1806 ποῦ
603 1747 737 1822 ἡμῖν
766 1756 1010 1819 ἔσονται;
1056 1747 1195 1806 ἀλλὰ
1219 1748 1288 1822 δὴ
1310 1755 1423 1807 τῶν
1446 1749 1664 1806 παίδων
1687 1751 1851 1805 ἕνεκα

241 1831 430 1903 βούλει
480 1837 605 1904 ζῆν,
658 1837 751 1889 ἵνα
802 1830 1005 1900 αὐτοὺς
1046 1836 1323 1908 ἐκθρέψῃς
1375 1835 1467 1889 καὶ
1512 1831 1843 1907 παιδεύσῃς;
1869 1845 1915 1877 2⁰

239 1919 289 1973 4.
336 1922 394 1972 τί
421 1918 508 1986 δέ;
557 1922 633 1982 εἰς
673 1922 976 1974 Θετταλίαν
1017 1915 1219 1982 αὐτοῦς
1257 1915 1483 1989 ἀγαγών
1522 1919 1751 1990 θρέψεις
1789 1941 1849 1975 τε

241 2001 332 2056 καὶ
373 1999 718 2071 παιδεύσεις,
760 2003 950 2068 ξένους
989 2000 1251 2074 ποιήσας,
1291 2006 1384 2058 ἵνα
1423 2003 1513 2058 καὶ
1553 1999 1714 2058 τοῦτό
1745 2022 1848 2058 σου

134 2109 221 2149 (659)
240 2082 659 2153 ἀπολαύσωσιν;
719 2082 752 2157 ἢ
782 2091 944 2143 τοῦτο
974 2086 1077 2158 μὲν
1106 2082 1191 2157 οὗ,
1223 2083 1396 2143 αὐτοῦ
1429 2087 1491 2142 δὲ
1518 2083 1848 2158 τρεφόμενοι

240 2172 341 2225 σοῦ
373 2172 570 2237 ζῶντος
601 2170 820 2239 βέλτιον
849 2174 1156 2243 θρέψονται
1186 2173 1278 2226 καὶ
1309 2168 1728 2241 παιδεύσονται,
1771 2169 1846 2242 μὴ

240 2251 504 2319 συνόντος
536 2257 637 2310 σοῦ
669 2251 882 2324 αὐτοῑς;
929 2258 986 2311 οί
1011 2253 1114 2327 γὰρ
1149 2252 1443 2326 ἐπιτήδειοι
1468 2258 1525 2311 οἱ
1543 2256 1633 2311 σοὶ
1664 2257 1844 2326 ἐπιμε-
1868 2262 1914 2296 25

239 2334 499 2407 λήσονται
531 2334 729 2394 αὐτῶν.
821 2342 868 2394 5.
917 2337 1149 2413 πότερον
1191 2339 1254 2395 δὲ
1294 2339 1391 2396 ἐὰν
1432 2344 1508 2404 εἰς
1541 2344 1847 2395 Θετταλίαν

238 2416 625 2494 άποδημήσῃς,
671 2421 1112 2494 ἐπιμελήσονται·
1169 2420 1264 2494 ἐάν
1297 2423 1358 2479 δὲ
1390 2429 1467 2488 είς
1483 2419 1677 2479 ’Ἅιδου
1707 2420 1844 2479 ἀπο-

241 2503 509 2578 δημήσῃς,
542 2503 664 2576 οὐχὶ
698 2505 1136 2578 ἐπιμελήσονται,
1171 2516 1323 2581 εἴπερ
1354 2509 1422 2579 γέ
1445 2530 1497 2563 τι
1519 2504 1717 2578 ὄφελος
1748 2504 1844 2562 αῦ-

238 2591 349 2644 τῶν
381 2590 495 2644 ἐστι
524 2592 637 2645 τῶν
667 2606 753 2644 σοι
783 2589 1114 2661 φασκόντων
1158 2594 1485 2664 ἐπιτηδείων
1521 2589 1691 2659 εἷναι;
1737 2599 1841 2646 0ἰέ-

240 2677 379 2728 σθαί
419 2686 481 2743 γε
533 2670 651 2745 χρή.
743 2677 789 2728 6.
847 2672 991 2745 ἀλλ’,
1039 2698 1081 2731 ω
1135 2674 1456 2747 Σωκρατες,
1510 2671 1839 2745 πειθόμενος
1863 2690 1910 2723 30

237 2753 371 2828 ἡμῖν
400 2769 513 2822 τοῖς
544 2769 660 2821 σοῖς
689 2761 952 2828 τροφεῦσι
1002 2757 1136 2830 μήτε
1177 2764 1379 2825 παῖδας
1419 2759 1546 2830 περὶ
1587 2763 1841 2824 πλείονος

191 2863 214 2896 b
238 2843 402 2897 ποιοῦ
443 2838 578 2913 μήτε
618 2839 677 2897 τὸ
719 2843 813 2912 ζῆν
835 2840 970 2915 μήτε
993 2839 1126 2899 ἄλλο
1149 2843 1325 2915 μηδὲν
1348 2841 1453 2917 πρὸ
1473 2846 1574 2899 Ιτοῦ
1601 2845 1840 2915 δικαίου,
