2014 3146
111 144 133 164 ·
279 144 381 198 180
953 143 1203 186 EUSEBII

404 265 485 317 10.
529 256 691 318 Ἀλλά
730 257 848 332 μετ’
899 262 1113 316 ἐκείνου
1158 257 1266 333 ἄρα
1307 261 1458 318 ἐστὶν
1507 256 1641 333 ἡμῖν
1681 258 1884 331 βιωτὸν

277 346 696 418 διεφθαρμένου
745 341 775 401 ὃ
813 343 873 401 τὸ
914 341 1112 401 ἄδικον
1153 344 1255 417 μὲν
1298 347 1572 416 λωβᾶται,
1612 343 1672 400 τὸ
1705 344 1766 400 δὲ
1797 348 1886 400 δί-

227 446 251 478 b
276 453 434 486 καιον
472 426 755 501 ὀνίνησιν;
802 425 835 500 ἢ
875 427 1221 502 φαυλότερον
1260 427 1549 501 ἡγούμεθα
1602 428 1744 486 εἶναι
1784 430 1884 485 τοῦ

274 511 523 586 σώματος
565 515 774 586 ἐκεῖνο,
820 510 850 569 ὅ
879 537 931 570 τι
961 510 1082 570 ποτ’
1121 514 1234 570 ἐστὶ
1264 516 1377 569 τῶν
1407 509 1715 587 ἡμετέρων,
1758 513 1885 586 περὶ

271 593 303 654 ὃ
332 595 368 669 ἥ
397 622 456 655 τε
485 596 674 654 ἀδικία
704 598 796 654 καὶ
827 595 862 669 ἡ
896 596 1221 669 δικαιοσύνη
1255 599 1432 667 ἐστίν;
1929 618 1949 651 5

408 679 698 754 Οὐδαμῶς.

397 763 560 823 Ἀλλά
589 764 940 840 τιμιώτερονς

401 849 561 908 Πολύ
592 874 668 922 γε.

407 939 486 991 11.
540 931 659 992 Οὐκ
688 931 814 1006 ἀρα,
848 925 890 989 ὦ
921 935 1188 1005 βέλτιστε,
1220 932 1371 991 πάνυ
1393 929 1527 1006 ἡμῖν
1549 931 1694 990 οὕτω
1718 957 1889 1006 φρον-

273 1021 490 1076 τιστέον
519 1024 577 1075 τί
605 1021 830 1092 ἑρουσιν
860 1022 917 1074 οι
942 1017 1192 1074 πολλοὶ“
1165 1024 1336 1092 ημᾶς,
1367 1014 1506 1074 ἀλλὰ
1535 1024 1594 1075 τί
1617 1013 1646 1074 ὁ
1680 1020 1889 1075 ἐπαΐων
1912 1041 1951 1072 10

275 1105 404 1175 περὶ
435 1105 548 1161 τῶν
579 1108 812 1160 δικαίων
842 1104 934 1158 καὶ
963 1102 1195 1174 ἀδίκων,
1228 1099 1256 1159 ὃ
1283 1099 1379 1205 εἷς’,
1406 1104 1497 1159 καὶ
1522 1099 1662 1174 αὐτὴ
1692 1098 1726 1174 ἡ
1758 1100 1888 1173 ἀλή-

276 1197 420 1244 θεια.
512 1185 651 1244 ὥστε
691 1190 911 1261 πρῶτον
950 1210 1054 1260 μεν
1092 1185 1263 1261 ταύτῃ
1311 1185 1428 1244 οὐκ
1457 1185 1643 1261 ὀρθῶς
1675 1189 1887 1260 εἰσηγῇ,

277 1269 671 1344 εἰσηγούμενος
701 1274 797 1344 τῆς
826 1277 939 1327 τῶν
967 1275 1189 1330 πολλῶν
1222 1270 1382 1344 δόξης
1412 1276 1532 1329 δεῖν
1555 1267 1695 1344 ἡμᾶς
1719 1294 1890 1344 φρον-

276 1362 443 1424 τίζειν
482 1357 610 1429 περὶ
648 1358 760 1413 τῶν
806 1361 1040 1413 δικαίων
1070 1358 1162 1413 καὶ
1194 1360 1381 1413 καλῶν
1410 1357 1503 1412 καὶ
1533 1352 1768 1428 ἀγαθῶν
1797 1356 1890 1412 καὶ

275 1442 390 1498 τῶν
422 1437 743 1498 ἐναντίων.”
1764 1447 1771 1491 '-
1913 1461 1954 1494 15

408 1529 487 1581 12.
538 1526 648 1582 Καὶ
690 1520 718 1582 ὁ
759 1523 1025 1598 σωτήριος
1067 1524 1130 1581 δὲ
1169 1523 1327 1598 λόγος
1366 1526 1503 1597 φησὶ
1540 1522 1571 1543 “
1591 1522 1761 1592 δόξαν
1789 1521 1892 1596 τὴν

277 1606 426 1683 παρὰ
467 1606 790 1683 ἀνθρώπων
833 1616 1065 1681 ζητεῖτε,
1111 1611 1204 1666 καὶ
1246 1607 1348 1682 τὴν
1391 1607 1559 1676 δόξαν
1600 1607 1702 1681 τὴν
1742 1605 1892 1681 παρὰ

231 1719 250 1740 c
278 1692 452 1766 μόνου
491 1696 591 1751 τοῦ
632 1692 754 1760 ἑνὸς
794 1691 861 1750 οὐ
909 1691 1166 1766 ζητεῖτε,”
1249 1691 1334 1750 διὸ
1376 1694 1468 1749 καὶ
1498 1689 1656 1767 ἡμεῖς
1690 1695 1750 1750 ἐν
1778 1705 1892 1758 τοῖς

276 1778 417 1851 ὑπὲρ
463 1776 750 1850 εὐσεβείας
792 1773 1002 1849 ἀγῶσιν
1049 1775 1235 1850 ὀρθῶς
1291 1775 1602 1849 πράττομεν
1652 1773 1719 1832 οὐ
1761 1794 1893 1834 σκο-

277 1864 512 1927 ποῦντες
541 1868 600 1918 τί
624 1859 764 1934 ἡμᾶς
794 1885 847 1917 οι
876 1863 1070 1918 πολλοὶ
1104 1863 1346 1933 ἐροῦσιν,
1378 1857 1518 1917 ἀλλά
1547 1866 1605 1917 τί
1630 1859 1891 1932 βούλεται
1913 1882 1954 1915 20

277 1941 359 2010 εἷς
390 1941 418 2001 ὁ
443 1947 541 2002 τοῦ
569 1950 709 2002 θεοῦ
739 1942 1001 2016 λόγος,ὂν
1023 1943 1166 2012 ἀπαξ
1190 1951 1368 2045 κρίσει
1400 1947 1694 2018 ἑλομένους
1724 1963 1891 2019 προσ-

278 2052 400 2102 ηκει
437 2025 637 2102 ὁμοίως
678 2030 770 2085 καὶ
807 2027 927 2085 τότε
969 2027 1152 2099 ῶσπερ
1185 2030 1257 2085 αὐ
1291 2031 1384 2086 καὶ
1413 2027 1683 2102 πρότερον
1705 2032 1888 2102 τιμᾶν,

232 2174 238 2179 ,
279 2115 373 2170 καὶ
402 2111 476 2185 μὴ
507 2119 939 2186 μετατίθεσθαι,
985 2111 1114 2185 μηδ’
1151 2137 1222 2170 αν
1251 2137 1285 2185 η
1317 2116 1429 2170 τῶν
1464 2116 1685 2170 πολλῶν
1717 2111 1889 2170 δύνα-

278 2221 371 2270 μις
403 2195 589 2272 ῶσπερ
620 2202 823 2264 παῖδας
853 2193 994 2270 ἡμας
1038 2195 1488 2270 μορμολύττηται.
1564 2201 1799 2254 τοιοῦτοι
1831 2197 1893 2253 δε

278 2282 422 2352 ἦσαν
460 2283 553 2338 καὶ
597 2285 653 2338 off
687 2281 857 2338 πάλαι
897 2278 1034 2355 παρ’
1061 2280 1333 2357 Εβραίοις
1366 2285 1426 2339 ἐν
1455 2287 1740 2358 μαρτυρίᾳ)
1773 2286 1891 2338 δια·
1913 2303 1956 2335 25

280 2363 611 2437 λάμψαντες.

234 2459 259 2492 ‘¹
408 2459 506 2509 Vll.
563 2445 819 2506 “0236st
859 2447 1045 2526 τρόπῳ
1085 2449 1269 2522 φαμὲν
1320 2447 1544 2515 ἑκόντας
1601 2445 1893 2520 ἀδικητέον

283 2531 455 2604 εἶναι,
497 2528 531 2604 ἢ
570 2535 681 2589 τινὶ
719 2534 823 2605 μὲν
862 2532 1155 2605 ἀδικητέον
1193 2532 1407 2610 τρόπῳ,
1447 2534 1557 2590 τινὶ
1599 2531 1648 2589 δ’
1695 2530 1791 2601 οὕς
1858 2527 1893 2603 ἢ

280 2612 539 2688 οὐδαμῶς
569 2614 631 2672 τό
659 2640 722 2687 γε
753 2615 974 2674 ἀδικεῖν
1003 2615 1131 2674 οὔτε
1161 2617 1334 2674 καλὸν
1373 2615 1501 2674 οὔτε
1531 2613 1775 2688 ἀγαθὸν,
1820 2611 1892 2681 ῶς

282 2698 544 2766 πολλάκις
586 2698 720 2772 ἡμῖν
759 2702 852 2757 καὶ
896 2704 956 2758 ἐν
993 2704 1072 2779 τῷ
1110 2707 1430 2776 ἔμπροσθεν
1469 2699 1649 2776 χρόνῳ
1682 2695 1893 2772 ῶμολο-
1913 2722 1955 2755 30

396 2893 449 2932 27
482 2883 663 2934 Οὖδενὶ
693 2888 848 2947 τρόπῳ
870 2892 943 2946 -]
977 2893 1114 2934 Plato
1139 2893 1310 2935 Criton.
1346 2906 1387 2946 p.
1410 2893 1478 2937 49.
