<?xml version="1.0" encoding="UTF-8"?>
<!DOCTYPE html PUBLIC "-//W3C//DTD XHTML 1.0 Transitional//EN"
    "http://www.w3.org/TR/xhtml1/DTD/xhtml1-transitional.dtd">
<html xmlns="http://www.w3.org/1999/xhtml" xml:lang="en" lang="en">
 <head>
  <title>
</title>
<meta http-equiv="Content-Type" content="text/html;charset=utf-8" />
  <meta name='ocr-system' content='tesseract 3.04.00' />
  <meta name='ocr-capabilities' content='ocr_page ocr_carea ocr_par ocr_line ocrx_word'/>
</head>
<body>
  <div class='ocr_page' id='page_1' title='image "./operaeusebius02euseuoft_0033.png"; bbox 0 0 2014 3146; ppageno 0'>
   <div class='ocr_carea' id='block_1_1' title="bbox 616 119 1762 174">
    <p class='ocr_par' dir='ltr' id='par_1_1' title="bbox 616 119 1762 174">
     <span class='ocr_line' id='line_1_1' title="bbox 616 119 1762 174; baseline 0.001 -13"><span class='ocrx_word' id='word_1_1' title='bbox 616 121 830 162; x_wconf 84' lang='lat' dir='ltr'><strong>PRAEP.</strong></span> <span class='ocrx_word' id='word_1_2' title='bbox 859 119 1082 164; x_wconf 82' lang='lat' dir='ltr'>EVANG.</span> <span class='ocrx_word' id='word_1_3' title='bbox 1113 121 1192 163; x_wconf 86' lang='lat' dir='ltr'><em>XI.</em></span> <span class='ocrx_word' id='word_1_4' title='bbox 1225 123 1290 162; x_wconf 87' lang='lat'><em>11.</em></span> <span class='ocrx_word' id='word_1_5' title='bbox 1695 122 1762 174; x_wconf 75' lang='lat'><em>27</em></span> 
     </span>
    </p>
   </div>
   <div class='ocr_carea' id='block_1_2' title="bbox 82 234 1808 2665">
    <p class='ocr_par' dir='ltr' id='par_1_2' title="bbox 82 234 1808 2665">
     <span class='ocr_line' id='line_1_2' title="bbox 151 234 1762 314; baseline 0 -20"><span class='ocrx_word' id='word_1_6' title='bbox 151 242 200 294; x_wconf 79' lang='lat'><em>5.</em></span> <span class='ocrx_word' id='word_1_7' title='bbox 244 240 470 313; x_wconf 77' lang='grc' dir='ltr'><strong><em>ποταμῷ</em></strong></span> <span class='ocrx_word' id='word_1_8' title='bbox 509 234 613 309; x_wconf 75' lang='grc' dir='ltr'><em>γὰρ</em></span> <span class='ocrx_word' id='word_1_9' title='bbox 644 234 747 293; x_wconf 84' lang='grc' dir='ltr'><em>οὐκ</em></span> <span class='ocrx_word' id='word_1_10' title='bbox 778 241 928 293; x_wconf 81' lang='grc' dir='ltr'><em>ἔστιν</em></span> <span class='ocrx_word' id='word_1_11' title='bbox 959 239 1193 309; x_wconf 83' lang='grc' dir='ltr'><em>ἐμβῆναι</em></span> <span class='ocrx_word' id='word_1_12' title='bbox 1224 239 1310 303; x_wconf 79' lang='grc' dir='ltr'><em>δὶς</em></span> <span class='ocrx_word' id='word_1_13' title='bbox 1340 239 1418 313; x_wconf 75' lang='grc' dir='ltr'><em>τῷ</em></span> <span class='ocrx_word' id='word_1_14' title='bbox 1448 235 1597 314; x_wconf 73' lang='grc' dir='ltr'><em>αὐτῷ</em></span> <span class='ocrx_word' id='word_1_15' title='bbox 1627 235 1762 295; x_wconf 89' lang='grc' dir='ltr'><em>καθ’</em></span> 
     </span>
     <span class='ocr_line' id='line_1_3' title="bbox 147 317 1765 394; baseline 0.001 -17"><span class='ocrx_word' id='word_1_16' title='bbox 147 317 528 394; x_wconf 86' lang='grc' dir='ltr'><em>Ἡράκλειτον,</em></span> <span class='ocrx_word' id='word_1_17' title='bbox 571 317 702 378; x_wconf 74' lang='grc' dir='ltr'><em>οὐδὲ</em></span> <span class='ocrx_word' id='word_1_18' title='bbox 742 324 954 393; x_wconf 84' lang='grc' dir='ltr'><em>θνητῆς</em></span> <span class='ocrx_word' id='word_1_19' title='bbox 993 317 1188 387; x_wconf 79' lang='grc' dir='ltr'><em>οὐσίας</em></span> <span class='ocrx_word' id='word_1_20' title='bbox 1230 323 1313 387; x_wconf 82' lang='grc' dir='ltr'><em>δὶς</em></span> <span class='ocrx_word' id='word_1_21' title='bbox 1345 319 1598 391; x_wconf 81' lang='grc' dir='ltr'><em>ἅψασθαι</em></span> <span class='ocrx_word' id='word_1_22' title='bbox 1628 321 1765 379; x_wconf 75' lang='grc' dir='ltr'><em>κατὰ</em></span> 
     </span>
     <span class='ocr_line' id='line_1_4' title="bbox 156 402 1764 479; baseline 0.001 -18"><span class='ocrx_word' id='word_1_23' title='bbox 156 408 297 476; x_wconf 78' lang='grc' dir='ltr'><em>ἕξιν,</em></span> <span class='ocrx_word' id='word_1_24' title='bbox 337 403 456 462; x_wconf 82' lang='grc' dir='ltr'><em>ἀλλ’</em></span> <span class='ocrx_word' id='word_1_25' title='bbox 491 402 711 478; x_wconf 78' lang='grc' dir='ltr'><strong><em>ὀξύτητι</em></strong></span> <span class='ocrx_word' id='word_1_26' title='bbox 742 405 834 461; x_wconf 85' lang='grc' dir='ltr'><em>καὶ</em></span> <span class='ocrx_word' id='word_1_27' title='bbox 865 403 1017 478; x_wconf 82' lang='grc' dir='ltr'><em>τάχει</em></span> <span class='ocrx_word' id='word_1_28' title='bbox 1045 408 1350 479; x_wconf 81' lang='grc' dir='ltr'><strong><em>μεταβολῆς</em></strong></span> <span class='ocrx_word' id='word_1_29' title='bbox 1381 410 1642 479; x_wconf 79' lang='grc' dir='ltr'><em>σκίδνησι</em></span> <span class='ocrx_word' id='word_1_30' title='bbox 1673 408 1764 463; x_wconf 88' lang='grc' dir='ltr'><em>καὶ</em></span> 
     </span>
     <span class='ocr_line' id='line_1_5' title="bbox 153 486 1762 564; baseline 0.001 -18"><span class='ocrx_word' id='word_1_31' title='bbox 153 488 321 546; x_wconf 90' lang='grc' dir='ltr'><em>πάλιν</em></span> <span class='ocrx_word' id='word_1_32' title='bbox 352 487 610 562; x_wconf 78' lang='grc' dir='ltr'><em>συνάγει,</em></span> <span class='ocrx_word' id='word_1_33' title='bbox 650 492 860 563; x_wconf 78' lang='grc' dir='ltr'><em>μᾶλλον</em></span> <span class='ocrx_word' id='word_1_34' title='bbox 893 489 955 546; x_wconf 73' lang='grc' dir='ltr'><em>δὲ</em></span> <span class='ocrx_word' id='word_1_35' title='bbox 985 487 1118 546; x_wconf 74' lang='grc' dir='ltr'><em>οὐδὲ</em></span> <span class='ocrx_word' id='word_1_36' title='bbox 1147 487 1316 547; x_wconf 90' lang='grc' dir='ltr'><em>πάλιν</em></span> <span class='ocrx_word' id='word_1_37' title='bbox 1346 486 1478 547; x_wconf 76' lang='grc' dir='ltr'><em>οὐδὲ</em></span> <span class='ocrx_word' id='word_1_38' title='bbox 1507 489 1762 564; x_wconf 76' lang='grc' dir='ltr'><em>ὕστερον,</em></span> 
     </span>
     <span class='ocr_line' id='line_1_6' title="bbox 104 570 1766 648; baseline 0.001 -19"><span class='ocrx_word' id='word_1_39' title='bbox 104 597 130 629; x_wconf 73' lang='grc'>5</span> <span class='ocrx_word' id='word_1_40' title='bbox 154 570 276 630; x_wconf 82' lang='grc' dir='ltr'><em>ἀλλ’</em></span> <span class='ocrx_word' id='word_1_41' title='bbox 311 570 423 647; x_wconf 77' lang='grc' dir='ltr'><em>ἅμα</em></span> <span class='ocrx_word' id='word_1_42' title='bbox 452 579 776 631; x_wconf 85' lang='grc' dir='ltr'><em>συνίσταται</em></span> <span class='ocrx_word' id='word_1_43' title='bbox 807 575 900 630; x_wconf 87' lang='grc' dir='ltr'><em>καὶ</em></span> <span class='ocrx_word' id='word_1_44' title='bbox 929 570 1237 646; x_wconf 77' lang='grc' dir='ltr'><em>ἀπολείπει,</em></span> <span class='ocrx_word' id='word_1_45' title='bbox 1269 575 1361 631; x_wconf 87' lang='grc' dir='ltr'><em>καὶ</em></span> <span class='ocrx_word' id='word_1_46' title='bbox 1392 572 1642 648; x_wconf 89' lang='grc' dir='ltr'><em>πρόσεισι</em></span> <span class='ocrx_word' id='word_1_47' title='bbox 1673 577 1766 631; x_wconf 86' lang='grc' dir='ltr'><em>καὶ</em></span> 
     </span>
     <span class='ocr_line' id='line_1_7' title="bbox 153 654 1763 731; baseline 0.001 -18"><span class='ocrx_word' id='word_1_48' title='bbox 153 655 392 715; x_wconf 75' lang='grc' dir='ltr'><em>ἄπεισιν.</em></span> <span class='ocrx_word' id='word_1_49' title='bbox 451 663 499 716; x_wconf 84' lang='grc'><em>6.</em></span> <span class='ocrx_word' id='word_1_50' title='bbox 532 656 671 716; x_wconf 76' lang='grc' dir='ltr'><em>ὅθεν</em></span> <span class='ocrx_word' id='word_1_51' title='bbox 701 654 835 714; x_wconf 75' lang='grc' dir='ltr'><em>οὐδὲ</em></span> <span class='ocrx_word' id='word_1_52' title='bbox 867 663 944 724; x_wconf 83' lang='grc' dir='ltr'><em>εἰς</em></span> <span class='ocrx_word' id='word_1_53' title='bbox 974 655 1033 714; x_wconf 89' lang='grc' dir='ltr'>τό</span> <span class='ocrx_word' id='word_1_54' title='bbox 1066 657 1208 715; x_wconf 77' lang='grc' dir='ltr'><em>εἶναι</em></span> <span class='ocrx_word' id='word_1_55' title='bbox 1238 664 1490 731; x_wconf 80' lang='grc' dir='ltr'><em>περαίνει</em></span> <span class='ocrx_word' id='word_1_56' title='bbox 1520 657 1580 715; x_wconf 86' lang='grc' dir='ltr'><em>τὸ</em></span> <span class='ocrx_word' id='word_1_57' title='bbox 1611 657 1763 731; x_wconf 90' lang='grc' dir='ltr'><em>γινό-</em></span> 
     </span>
     <span class='ocr_line' id='line_1_8' title="bbox 151 739 1765 818; baseline -0.001 -18"><span class='ocrx_word' id='word_1_58' title='bbox 151 765 323 814; x_wconf 90' lang='grc' dir='ltr'><em>μενον</em></span> <span class='ocrx_word' id='word_1_59' title='bbox 353 740 542 814; x_wconf 80' lang='grc' dir='ltr'><em>αὐτῆς,</em></span> <span class='ocrx_word' id='word_1_60' title='bbox 573 747 648 818; x_wconf 76' lang='grc' dir='ltr'><em>τῷ</em></span> <span class='ocrx_word' id='word_1_61' title='bbox 678 742 954 814; x_wconf 80' lang='grc' dir='ltr'><em>μηδέποτε</em></span> <span class='ocrx_word' id='word_1_62' title='bbox 983 739 1174 814; x_wconf 83' lang='grc' dir='ltr'><em>λήγειν</em></span> <span class='ocrx_word' id='word_1_63' title='bbox 1203 741 1333 814; x_wconf 84' lang='grc' dir='ltr'><em>μηδ’</em></span> <span class='ocrx_word' id='word_1_64' title='bbox 1369 747 1632 799; x_wconf 81' lang='grc' dir='ltr'><em>ἵστασθαι</em></span> <span class='ocrx_word' id='word_1_65' title='bbox 1661 741 1765 815; x_wconf 82' lang='grc' dir='ltr'><em>τῂν</em></span> 
     </span>
     <span class='ocr_line' id='line_1_9' title="bbox 151 821 1765 900; baseline 0.001 -18"><span class='ocrx_word' id='word_1_66' title='bbox 151 828 400 898; x_wconf 85' lang='grc' dir='ltr'><em>γένεσιν,</em></span> <span class='ocrx_word' id='word_1_67' title='bbox 465 823 586 898; x_wconf 77' lang='grc' dir='ltr'><em>ἀλλ’</em></span> <span class='ocrx_word' id='word_1_68' title='bbox 635 821 742 883; x_wconf 80' lang='grc' dir='ltr'><em>άπὸ</em></span> <span class='ocrx_word' id='word_1_69' title='bbox 795 826 1104 899; x_wconf 86' lang='grc' dir='ltr'><em>σπέρματος</em></span> <span class='ocrx_word' id='word_1_70' title='bbox 1162 823 1250 883; x_wconf 76' lang='grc' dir='ltr'><em>ἀεὶ</em></span> <span class='ocrx_word' id='word_1_71' title='bbox 1306 824 1765 900; x_wconf 76' lang='grc' dir='ltr'><em>μεταβάλλουσαν</em></span> 
     </span>
     <span class='ocr_line' id='line_1_10' title="bbox 152 908 1764 984; baseline 0.002 -19"><span class='ocrx_word' id='word_1_72' title='bbox 152 914 396 983; x_wconf 77' lang='grc' dir='ltr'><em>ἔμβρυον</em></span> <span class='ocrx_word' id='word_1_73' title='bbox 426 923 634 982; x_wconf 78' lang='grc' dir='ltr'><em>ποιεῖν,</em></span> <span class='ocrx_word' id='word_1_74' title='bbox 670 908 788 966; x_wconf 82' lang='grc' dir='ltr'><em>εἶτα</em></span> <span class='ocrx_word' id='word_1_75' title='bbox 818 910 1052 983; x_wconf 78' lang='grc' dir='ltr'><em>βρέφος,</em></span> <span class='ocrx_word' id='word_1_76' title='bbox 1087 909 1204 967; x_wconf 81' lang='grc' dir='ltr'><em>εἶτα</em></span> <span class='ocrx_word' id='word_1_77' title='bbox 1234 915 1437 983; x_wconf 80' lang='grc' dir='ltr'><em>παῖδα,</em></span> <span class='ocrx_word' id='word_1_78' title='bbox 1479 909 1764 984; x_wconf 87' lang='grc' dir='ltr'><em>μειράκιον</em></span> 
     </span>
     <span class='ocr_line' id='line_1_11' title="bbox 88 991 1764 1070; baseline 0.001 -21"><span class='ocrx_word' id='word_1_79' title='bbox 88 1018 130 1050; x_wconf 86' lang='lat'><em>10</em></span> <span class='ocrx_word' id='word_1_80' title='bbox 155 996 376 1067; x_wconf 83' lang='grc' dir='ltr'><em>ἐφεξῆς,</em></span> <span class='ocrx_word' id='word_1_81' title='bbox 408 1000 731 1066; x_wconf 88' lang='grc' dir='ltr'><em>νεανίσκον,</em></span> <span class='ocrx_word' id='word_1_82' title='bbox 762 991 973 1067; x_wconf 70' lang='grc' dir='ltr'><em>ἄνδρα,</em></span> <span class='ocrx_word' id='word_1_83' title='bbox 1006 992 1349 1068; x_wconf 73' lang='grc' dir='ltr'><em>πρεσβύτην,</em></span> <span class='ocrx_word' id='word_1_84' title='bbox 1386 996 1637 1070; x_wconf 86' lang='grc' dir='ltr'><em>γέροντα,</em></span> <span class='ocrx_word' id='word_1_85' title='bbox 1669 993 1764 1062; x_wconf 78' lang='grc' dir='ltr'><em>τὰς</em></span> 
     </span>
     <span class='ocr_line' id='line_1_12' title="bbox 149 1076 1764 1151; baseline -0.001 -16"><span class='ocrx_word' id='word_1_86' title='bbox 149 1076 371 1151; x_wconf 77' lang='grc' dir='ltr'><em>πρώτας</em></span> <span class='ocrx_word' id='word_1_87' title='bbox 411 1084 767 1151; x_wconf 79' lang='grc' dir='ltr'><em>φθείρουσαν</em></span> <span class='ocrx_word' id='word_1_88' title='bbox 807 1080 1050 1151; x_wconf 75' lang='grc' dir='ltr'><em>γενέσεις</em></span> <span class='ocrx_word' id='word_1_89' title='bbox 1090 1081 1183 1135; x_wconf 86' lang='grc' dir='ltr'><em>καὶ</em></span> <span class='ocrx_word' id='word_1_90' title='bbox 1223 1078 1439 1151; x_wconf 83' lang='grc' dir='ltr'><em>ἡλικίας</em></span> <span class='ocrx_word' id='word_1_91' title='bbox 1481 1092 1600 1145; x_wconf 79' lang='grc' dir='ltr'><em>ταῖς</em></span> <span class='ocrx_word' id='word_1_92' title='bbox 1645 1081 1764 1136; x_wconf 83' lang='grc' dir='ltr'><em>ἐπι.-</em></span> 
     </span>
     <span class='ocr_line' id='line_1_13' title="bbox 150 1158 1763 1236; baseline 0.001 -18"><span class='ocrx_word' id='word_1_93' title='bbox 150 1165 480 1235; x_wconf 86' lang='grc' dir='ltr'><em>γινομέναις.</em></span> <span class='ocrx_word' id='word_1_94' title='bbox 574 1167 618 1219; x_wconf 84' lang='grc'><em>7.</em></span> <span class='ocrx_word' id='word_1_95' title='bbox 660 1159 783 1219; x_wconf 81' lang='grc' dir='ltr'><em>ἀλλ’</em></span> <span class='ocrx_word' id='word_1_96' title='bbox 825 1158 981 1236; x_wconf 78' lang='grc' dir='ltr'><em>ἡμεῖς</em></span> <span class='ocrx_word' id='word_1_97' title='bbox 1024 1165 1122 1220; x_wconf 77' lang='grc' dir='ltr'><em>ἕνα</em></span> <span class='ocrx_word' id='word_1_98' title='bbox 1161 1163 1495 1236; x_wconf 82' lang='grc' dir='ltr'><em>φοβούμεθα</em></span> <span class='ocrx_word' id='word_1_99' title='bbox 1534 1169 1763 1236; x_wconf 84' lang='grc' dir='ltr'><em>γελοίως</em></span> 
     </span>
     <span class='ocr_line' id='line_1_14' title="bbox 150 1244 1760 1320; baseline 0.001 -17"><span class='ocrx_word' id='word_1_100' title='bbox 150 1244 419 1318; x_wconf 89' lang='grc' dir='ltr'><em>θάνατον,</em></span> <span class='ocrx_word' id='word_1_101' title='bbox 453 1244 561 1319; x_wconf 75' lang='grc' dir='ltr'><em>ἤδη</em></span> <span class='ocrx_word' id='word_1_102' title='bbox 591 1245 888 1314; x_wconf 84' lang='grc' dir='ltr'><em>τοσούτους</em></span> <span class='ocrx_word' id='word_1_103' title='bbox 917 1245 1249 1320; x_wconf 84' lang='grc' dir='ltr'><em>τεθνηκότες</em></span> <span class='ocrx_word' id='word_1_104' title='bbox 1280 1250 1372 1304; x_wconf 83' lang='grc' dir='ltr'><em>καὶ</em></span> <span class='ocrx_word' id='word_1_105' title='bbox 1403 1245 1760 1320; x_wconf 82' lang='grc' dir='ltr'><em>θνήσκοντες.</em></span> 
     </span>
     <span class='ocr_line' id='line_1_15' title="bbox 153 1326 1761 1406; baseline 0.002 -20"><span class='ocrx_word' id='word_1_106' title='bbox 153 1326 219 1387; x_wconf 83' lang='grc' dir='ltr'><em>οὐ</em></span> <span class='ocrx_word' id='word_1_107' title='bbox 252 1329 357 1402; x_wconf 79' lang='grc' dir='ltr'><em>γὰρ</em></span> <span class='ocrx_word' id='word_1_108' title='bbox 387 1329 579 1403; x_wconf 89' lang='grc' dir='ltr'><em>μόνον,</em></span> <span class='ocrx_word' id='word_1_109' title='bbox 612 1329 686 1397; x_wconf 76' lang='grc' dir='ltr'><em>ὡς</em></span> <span class='ocrx_word' id='word_1_110' title='bbox 710 1326 1058 1403; x_wconf 58' lang='grc' dir='ltr'><em>“Ηράκλειτος</em></span> <span class='ocrx_word' id='word_1_111' title='bbox 1089 1336 1261 1403; x_wconf 83' lang='grc' dir='ltr'><em>ἔλεγε,</em></span> <span class='ocrx_word' id='word_1_112' title='bbox 1293 1331 1467 1406; x_wconf 90' lang='grc' dir='ltr'><em>πυρὸς</em></span> <span class='ocrx_word' id='word_1_113' title='bbox 1497 1330 1761 1404; x_wconf 85' lang='grc' dir='ltr'><em>θάνατος,</em></span> 
     </span>
     <span class='ocr_line' id='line_1_16' title="bbox 87 1411 1770 1488; baseline 0.002 -20"><span class='ocrx_word' id='word_1_114' title='bbox 87 1436 130 1468; x_wconf 83' lang='lat'><em>15</em></span> <span class='ocrx_word' id='word_1_115' title='bbox 153 1411 273 1487; x_wconf 82' lang='grc' dir='ltr'><em>άέρι</em></span> <span class='ocrx_word' id='word_1_116' title='bbox 312 1416 553 1486; x_wconf 83' lang='grc' dir='ltr'><em>γένεσις,</em></span> <span class='ocrx_word' id='word_1_117' title='bbox 597 1411 721 1470; x_wconf 81' lang='grc' dir='ltr'><em>ἄλλ’</em></span> <span class='ocrx_word' id='word_1_118' title='bbox 755 1421 834 1471; x_wconf 80' lang='grc' dir='ltr'><em>ἔτι</em></span> <span class='ocrx_word' id='word_1_119' title='bbox 865 1416 1207 1487; x_wconf 86' lang='grc' dir='ltr'><em>σαφέστερον</em></span> <span class='ocrx_word' id='word_1_120' title='bbox 1239 1413 1323 1472; x_wconf 82' lang='grc' dir='ltr'><em>ἐπ’</em></span> <span class='ocrx_word' id='word_1_121' title='bbox 1360 1412 1547 1472; x_wconf 72' lang='grc' dir='ltr'><em>αὐτῶν</em></span> <span class='ocrx_word' id='word_1_122' title='bbox 1576 1414 1770 1488; x_wconf 62' lang='grc' dir='ltr'><em>ἡμῶν“’</em></span> 
     </span>
     <span class='ocr_line' id='line_1_17' title="bbox 151 1495 1763 1573; baseline 0.001 -19"><span class='ocrx_word' id='word_1_123' title='bbox 151 1503 445 1572; x_wconf 86' lang='grc' dir='ltr'><em>φθείρεται</em></span> <span class='ocrx_word' id='word_1_124' title='bbox 464 1499 567 1571; x_wconf 76' lang='grc' dir='ltr'><em>μὲν</em></span> <span class='ocrx_word' id='word_1_125' title='bbox 584 1496 612 1554; x_wconf 91' lang='lat'><em>5</em></span> <span class='ocrx_word' id='word_1_126' title='bbox 630 1495 886 1571; x_wconf 78' lang='grc' dir='ltr'><em>άκμάζων</em></span> <span class='ocrx_word' id='word_1_127' title='bbox 907 1501 1212 1571; x_wconf 88' lang='grc' dir='ltr'><em>γενομένου</em></span> <span class='ocrx_word' id='word_1_128' title='bbox 1235 1501 1512 1572; x_wconf 86' lang='grc' dir='ltr'><em>γέροντος,</em></span> <span class='ocrx_word' id='word_1_129' title='bbox 1540 1498 1763 1573; x_wconf 84' lang='grc' dir='ltr'><em>ἐφθάρη</em></span> 
     </span>
     <span class='ocr_line' id='line_1_18' title="bbox 154 1577 1763 1655; baseline 0.001 -17"><span class='ocrx_word' id='word_1_130' title='bbox 154 1582 216 1638; x_wconf 76' lang='grc' dir='ltr'><em>δὲ</em></span> <span class='ocrx_word' id='word_1_131' title='bbox 245 1577 273 1638; x_wconf 88' lang='lat'><em>5</em></span> <span class='ocrx_word' id='word_1_132' title='bbox 306 1583 428 1648; x_wconf 86' lang='grc' dir='ltr'><em>νέος</em></span> <span class='ocrx_word' id='word_1_133' title='bbox 461 1587 538 1648; x_wconf 79' lang='grc' dir='ltr'><em>εἰς</em></span> <span class='ocrx_word' id='word_1_134' title='bbox 568 1581 663 1640; x_wconf 89' lang='grc' dir='ltr'><em>τὸν</em></span> <span class='ocrx_word' id='word_1_135' title='bbox 696 1581 1022 1655; x_wconf 80' lang='grc' dir='ltr'><em>ἀκμάζοντα,</em></span> <span class='ocrx_word' id='word_1_136' title='bbox 1055 1586 1148 1640; x_wconf 81' lang='grc' dir='ltr'><em>καὶ</em></span> <span class='ocrx_word' id='word_1_137' title='bbox 1177 1582 1206 1640; x_wconf 95' lang='lat'><em>5</em></span> <span class='ocrx_word' id='word_1_138' title='bbox 1238 1597 1368 1650; x_wconf 78' lang='grc' dir='ltr'><em>παῖς</em></span> <span class='ocrx_word' id='word_1_139' title='bbox 1394 1590 1471 1649; x_wconf 85' lang='grc' dir='ltr'><em>εἰς</em></span> <span class='ocrx_word' id='word_1_140' title='bbox 1494 1581 1591 1639; x_wconf 88' lang='grc' dir='ltr'><em>τὸν</em></span> <span class='ocrx_word' id='word_1_141' title='bbox 1614 1585 1763 1655; x_wconf 83' lang='grc' dir='ltr'><em>νέον,</em></span> 
     </span>
     <span class='ocr_line' id='line_1_19' title="bbox 153 1664 1766 1740; baseline 0.001 -19"><span class='ocrx_word' id='word_1_142' title='bbox 153 1671 230 1732; x_wconf 82' lang='grc' dir='ltr'><em>εἰς</em></span> <span class='ocrx_word' id='word_1_143' title='bbox 261 1666 324 1722; x_wconf 75' lang='grc' dir='ltr'><em>δὲ</em></span> <span class='ocrx_word' id='word_1_144' title='bbox 352 1665 450 1723; x_wconf 88' lang='grc' dir='ltr'><em>τὸν</em></span> <span class='ocrx_word' id='word_1_145' title='bbox 479 1671 654 1723; x_wconf 78' lang='grc' dir='ltr'><em>παῖδα</em></span> <span class='ocrx_word' id='word_1_146' title='bbox 693 1664 753 1724; x_wconf 84' lang='grc' dir='ltr'><em>τὸ</em></span> <span class='ocrx_word' id='word_1_147' title='bbox 793 1665 1022 1739; x_wconf 84' lang='grc' dir='ltr'><em>νήπιον,</em></span> <span class='ocrx_word' id='word_1_148' title='bbox 1063 1666 1091 1724; x_wconf 90' lang='lat'><em>5</em></span> <span class='ocrx_word' id='word_1_149' title='bbox 1135 1667 1197 1724; x_wconf 76' lang='grc' dir='ltr'><em>δὲ</em></span> <span class='ocrx_word' id='word_1_150' title='bbox 1235 1667 1371 1740; x_wconf 76' lang='grc' dir='ltr'><em>χθὲς</em></span> <span class='ocrx_word' id='word_1_151' title='bbox 1413 1673 1490 1734; x_wconf 85' lang='grc' dir='ltr'><em>εἰς</em></span> <span class='ocrx_word' id='word_1_152' title='bbox 1529 1665 1627 1725; x_wconf 85' lang='grc' dir='ltr'><em>τὸν</em></span> <span class='ocrx_word' id='word_1_153' title='bbox 1664 1666 1766 1739; x_wconf 89' lang='grc' dir='ltr'><em>σή-</em></span> 
     </span>
     <span class='ocr_line' id='line_1_20' title="bbox 150 1749 1808 1826; baseline 0.001 -19"><span class='ocrx_word' id='word_1_154' title='bbox 150 1773 320 1823; x_wconf 89' lang='grc' dir='ltr'><em>μερον</em></span> <span class='ocrx_word' id='word_1_155' title='bbox 349 1751 642 1824; x_wconf 85' lang='grc' dir='ltr'><em>τέθνηκεν,</em></span> <span class='ocrx_word' id='word_1_156' title='bbox 673 1749 702 1808; x_wconf 91' lang='lat'><em>5</em></span> <span class='ocrx_word' id='word_1_157' title='bbox 735 1751 796 1808; x_wconf 76' lang='grc' dir='ltr'><em>δὲ</em></span> <span class='ocrx_word' id='word_1_158' title='bbox 828 1750 1070 1825; x_wconf 88' lang='grc' dir='ltr'><em>σήμερον</em></span> <span class='ocrx_word' id='word_1_159' title='bbox 1102 1757 1179 1819; x_wconf 80' lang='grc' dir='ltr'><em>εἰς</em></span> <span class='ocrx_word' id='word_1_160' title='bbox 1210 1751 1308 1809; x_wconf 88' lang='grc' dir='ltr'><em>τὸν</em></span> <span class='ocrx_word' id='word_1_161' title='bbox 1339 1749 1562 1826; x_wconf 78' lang='grc' dir='ltr'><em>αὔριον·</em></span> <span class='ocrx_word' id='word_1_162' title='bbox 1609 1753 1764 1824; x_wconf 85' lang='grc' dir='ltr'><em>μένει</em></span> <span class='ocrx_word' id='word_1_163' title='bbox 1787 1771 1808 1802; x_wconf 85' lang='lat' dir='ltr'>d</span> 
     </span>
     <span class='ocr_line' id='line_1_21' title="bbox 82 1831 1763 1909; baseline 0.001 -19"><span class='ocrx_word' id='word_1_164' title='bbox 82 1857 130 1890; x_wconf 75' lang='lat'><em>20</em></span> <span class='ocrx_word' id='word_1_165' title='bbox 154 1835 214 1891; x_wconf 73' lang='grc' dir='ltr'><em>δὲ</em></span> <span class='ocrx_word' id='word_1_166' title='bbox 244 1831 377 1891; x_wconf 74' lang='grc' dir='ltr'><em>οὐδὲ</em></span> <span class='ocrx_word' id='word_1_167' title='bbox 409 1831 517 1908; x_wconf 83' lang='grc' dir='ltr'><em>εἷς,</em></span> <span class='ocrx_word' id='word_1_168' title='bbox 558 1832 690 1893; x_wconf 75' lang='grc' dir='ltr'><em>οὐδὲ</em></span> <span class='ocrx_word' id='word_1_169' title='bbox 722 1841 872 1893; x_wconf 83' lang='grc' dir='ltr'><em>ἔστιν</em></span> <span class='ocrx_word' id='word_1_170' title='bbox 903 1831 1008 1908; x_wconf 81' lang='grc' dir='ltr'><em>εἷς,</em></span> <span class='ocrx_word' id='word_1_171' title='bbox 1053 1834 1192 1892; x_wconf 83' lang='grc' dir='ltr'><em>ἀλλὰ</em></span> <span class='ocrx_word' id='word_1_172' title='bbox 1233 1834 1511 1909; x_wconf 87' lang='grc' dir='ltr'><em>γινόμεθα</em></span> <span class='ocrx_word' id='word_1_173' title='bbox 1548 1837 1763 1908; x_wconf 87' lang='grc' dir='ltr'><em>πολλοὶ,</em></span> 
     </span>
     <span class='ocr_line' id='line_1_22' title="bbox 151 1917 1766 1993; baseline 0.001 -18"><span class='ocrx_word' id='word_1_174' title='bbox 151 1921 279 1992; x_wconf 89' lang='grc' dir='ltr'><em>περὶ</em></span> <span class='ocrx_word' id='word_1_175' title='bbox 320 1922 382 1976; x_wconf 80' lang='grc' dir='ltr'><em>ἕν</em></span> <span class='ocrx_word' id='word_1_176' title='bbox 419 1942 471 1976; x_wconf 89' lang='grc' dir='ltr'><em>τι</em></span> <span class='ocrx_word' id='word_1_177' title='bbox 502 1917 798 1993; x_wconf 88' lang='grc' dir='ltr'><em>φάντασμα</em></span> <span class='ocrx_word' id='word_1_178' title='bbox 829 1921 921 1976; x_wconf 88' lang='grc' dir='ltr'><em>καὶ</em></span> <span class='ocrx_word' id='word_1_179' title='bbox 954 1918 1144 1978; x_wconf 87' lang='grc' dir='ltr'><em>κοινὸν</em></span> <span class='ocrx_word' id='word_1_180' title='bbox 1174 1923 1467 1993; x_wconf 85' lang='grc' dir='ltr'><em>ἐκμαγεῖον</em></span> <span class='ocrx_word' id='word_1_181' title='bbox 1495 1917 1633 1993; x_wconf 76' lang='grc' dir='ltr'><em>ὕλης</em></span> <span class='ocrx_word' id='word_1_182' title='bbox 1665 1942 1766 1977; x_wconf 90' lang='grc' dir='ltr'><em>πε-</em></span> 
     </span>
     <span class='ocr_line' id='line_1_23' title="bbox 151 2001 1768 2077; baseline 0.001 -18"><span class='ocrx_word' id='word_1_183' title='bbox 151 2006 583 2076; x_wconf 84' lang='grc' dir='ltr'><em>ριελαυνομένης</em></span> <span class='ocrx_word' id='word_1_184' title='bbox 624 2006 717 2061; x_wconf 89' lang='grc' dir='ltr'><em>καὶ</em></span> <span class='ocrx_word' id='word_1_185' title='bbox 756 2001 1204 2077; x_wconf 81' lang='grc' dir='ltr'><em>ὀλισθαινούσης.</em></span> <span class='ocrx_word' id='word_1_186' title='bbox 1297 2010 1344 2062; x_wconf 83' lang='grc'><em>8.</em></span> <span class='ocrx_word' id='word_1_187' title='bbox 1392 2007 1513 2062; x_wconf 82' lang='grc' dir='ltr'><em>ἐπεὶ</em></span> <span class='ocrx_word' id='word_1_188' title='bbox 1553 2005 1668 2070; x_wconf 72' lang='grc' dir='ltr'><em>πῶς</em></span> <span class='ocrx_word' id='word_1_189' title='bbox 1711 2007 1768 2061; x_wconf 79' lang='grc' dir='ltr'><em>οἱ</em></span> 
     </span>
     <span class='ocr_line' id='line_1_24' title="bbox 153 2083 1766 2167; baseline 0.001 -24"><span class='ocrx_word' id='word_1_190' title='bbox 153 2083 310 2144; x_wconf 83' lang='grc' dir='ltr'><em>αὐτοὶ</em></span> <span class='ocrx_word' id='word_1_191' title='bbox 349 2091 608 2160; x_wconf 85' lang='grc' dir='ltr'><em>μένοντες</em></span> <span class='ocrx_word' id='word_1_192' title='bbox 649 2090 855 2161; x_wconf 81' lang='grc' dir='ltr'><em>ἑτέροις</em></span> <span class='ocrx_word' id='word_1_193' title='bbox 897 2094 1162 2161; x_wconf 85' lang='grc' dir='ltr'><em>χαίρομεν</em></span> <span class='ocrx_word' id='word_1_194' title='bbox 1198 2093 1335 2167; x_wconf 63' lang='grc' dir='ltr'><em>γῦν,</em></span> <span class='ocrx_word' id='word_1_195' title='bbox 1383 2090 1586 2162; x_wconf 81' lang='grc' dir='ltr'><em>ἑτέροις</em></span> <span class='ocrx_word' id='word_1_196' title='bbox 1627 2085 1766 2158; x_wconf 91' lang='grc' dir='ltr'><em>πρό-</em></span> 
     </span>
     <span class='ocr_line' id='line_1_25' title="bbox 151 2170 1764 2246; baseline 0 -19"><span class='ocrx_word' id='word_1_197' title='bbox 151 2194 340 2244; x_wconf 92' lang='grc' dir='ltr'><em>τερον,</em></span> <span class='ocrx_word' id='word_1_198' title='bbox 385 2170 651 2230; x_wconf 80' lang='grc' dir='ltr'><em>τάναντία</em></span> <span class='ocrx_word' id='word_1_199' title='bbox 691 2177 963 2246; x_wconf 81' lang='grc' dir='ltr'><em>φιλοῦμεν</em></span> <span class='ocrx_word' id='word_1_200' title='bbox 1008 2175 1100 2229; x_wconf 86' lang='grc' dir='ltr'><em>καὶ</em></span> <span class='ocrx_word' id='word_1_201' title='bbox 1139 2175 1440 2244; x_wconf 81' lang='grc' dir='ltr'><em>μισοῦμεν,</em></span> <span class='ocrx_word' id='word_1_202' title='bbox 1483 2173 1576 2228; x_wconf 87' lang='grc' dir='ltr'><em>καὶ</em></span> <span class='ocrx_word' id='word_1_203' title='bbox 1615 2181 1764 2227; x_wconf 92' lang='grc' dir='ltr'><em>θαυ-</em></span> 
     </span>
     <span class='ocr_line' id='line_1_26' title="bbox 84 2253 1764 2329; baseline 0.001 -21"><span class='ocrx_word' id='word_1_204' title='bbox 84 2276 133 2308; x_wconf 75' lang='lat'><em>25</em></span> <span class='ocrx_word' id='word_1_205' title='bbox 154 2253 393 2328; x_wconf 82' lang='grc' dir='ltr'><em>μάζομεν</em></span> <span class='ocrx_word' id='word_1_206' title='bbox 423 2258 515 2313; x_wconf 84' lang='grc' dir='ltr'><em>καὶ</em></span> <span class='ocrx_word' id='word_1_207' title='bbox 540 2258 801 2329; x_wconf 82' lang='grc' dir='ltr'><em>ψέγομεν,</em></span> <span class='ocrx_word' id='word_1_208' title='bbox 834 2253 1019 2320; x_wconf 73' lang='grc' dir='ltr'><em>ἄλλοις</em></span> <span class='ocrx_word' id='word_1_209' title='bbox 1049 2253 1314 2329; x_wconf 74' lang='grc' dir='ltr'><em>χρώμεθα</em></span> <span class='ocrx_word' id='word_1_210' title='bbox 1344 2253 1546 2327; x_wconf 88' lang='grc' dir='ltr'><em>λόγοις,</em></span> <span class='ocrx_word' id='word_1_211' title='bbox 1579 2253 1764 2320; x_wconf 73' lang='grc' dir='ltr'><em>ἄλλοις</em></span> 
     </span>
     <span class='ocr_line' id='line_1_27' title="bbox 151 2337 1766 2412; baseline 0.001 -18"><span class='ocrx_word' id='word_1_212' title='bbox 151 2337 424 2410; x_wconf 80' lang='grc' dir='ltr'><em>πάθεσιν,</em></span> <span class='ocrx_word' id='word_1_213' title='bbox 455 2337 558 2397; x_wconf 81' lang='grc' dir='ltr'><em>οὐκ</em></span> <span class='ocrx_word' id='word_1_214' title='bbox 589 2339 763 2412; x_wconf 82' lang='grc' dir='ltr'><em>εἶδος,</em></span> <span class='ocrx_word' id='word_1_215' title='bbox 797 2337 864 2396; x_wconf 86' lang='grc' dir='ltr'><em>οὐ</em></span> <span class='ocrx_word' id='word_1_216' title='bbox 895 2339 1135 2412; x_wconf 83' lang='grc' dir='ltr'><em>μορφὴν,</em></span> <span class='ocrx_word' id='word_1_217' title='bbox 1168 2338 1235 2397; x_wconf 80' lang='grc' dir='ltr'><em>οὗ</em></span> <span class='ocrx_word' id='word_1_218' title='bbox 1269 2338 1523 2397; x_wconf 78' lang='grc' dir='ltr'><em>διάνοιαν</em></span> <span class='ocrx_word' id='word_1_219' title='bbox 1554 2345 1634 2395; x_wconf 80' lang='grc' dir='ltr'><em>ἔτι</em></span> <span class='ocrx_word' id='word_1_220' title='bbox 1663 2337 1766 2411; x_wconf 77' lang='grc' dir='ltr'><em>τὴν</em></span> 
     </span>
     <span class='ocr_line' id='line_1_28' title="bbox 155 2419 1765 2497; baseline 0.001 -20"><span class='ocrx_word' id='word_1_221' title='bbox 155 2419 331 2493; x_wconf 82' lang='grc' dir='ltr'><em>αὐτὴν</em></span> <span class='ocrx_word' id='word_1_222' title='bbox 370 2429 610 2495; x_wconf 82' lang='grc' dir='ltr'><em>ἔχοντες;</em></span> <span class='ocrx_word' id='word_1_223' title='bbox 678 2428 726 2481; x_wconf 86' lang='lat'><em>9.</em></span> <span class='ocrx_word' id='word_1_224' title='bbox 770 2421 897 2480; x_wconf 80' lang='grc' dir='ltr'><em>οὔτε</em></span> <span class='ocrx_word' id='word_1_225' title='bbox 937 2422 1042 2497; x_wconf 80' lang='grc' dir='ltr'><em>γὰρ</em></span> <span class='ocrx_word' id='word_1_226' title='bbox 1082 2421 1219 2481; x_wconf 72' lang='grc' dir='ltr'><em>ἄνευ</em></span> <span class='ocrx_word' id='word_1_227' title='bbox 1259 2426 1566 2497; x_wconf 83' lang='grc' dir='ltr'><em>μεταβολῆς</em></span> <span class='ocrx_word' id='word_1_228' title='bbox 1606 2426 1765 2497; x_wconf 80' lang='grc' dir='ltr'><em>ἕτερα</em></span> 
     </span>
     <span class='ocr_line' id='line_1_29' title="bbox 154 2503 1769 2580; baseline 0.001 -19"><span class='ocrx_word' id='word_1_229' title='bbox 154 2503 387 2579; x_wconf 87' lang='grc' dir='ltr'><em>πάσχειν</em></span> <span class='ocrx_word' id='word_1_230' title='bbox 427 2505 572 2574; x_wconf 83' lang='grc' dir='ltr'><em>εἰκὸς</em></span> <span class='ocrx_word' id='word_1_231' title='bbox 621 2504 750 2564; x_wconf 81' lang='grc' dir='ltr'><em>οὔτε</em></span> <span class='ocrx_word' id='word_1_232' title='bbox 788 2506 1151 2580; x_wconf 88' lang='grc' dir='ltr'><em>μεταβάλλων</em></span> <span class='ocrx_word' id='word_1_233' title='bbox 1190 2503 1216 2564; x_wconf 88' lang='lat'><em>5</em></span> <span class='ocrx_word' id='word_1_234' title='bbox 1251 2506 1418 2576; x_wconf 81' lang='grc' dir='ltr'><em>αὐτὸς</em></span> <span class='ocrx_word' id='word_1_235' title='bbox 1448 2503 1520 2565; x_wconf 73' lang='grc' dir='ltr'><em>ἂν</em></span> <span class='ocrx_word' id='word_1_236' title='bbox 1551 2516 1650 2579; x_wconf 80' lang='grc' dir='ltr'><em>εἴη.</em></span> <span class='ocrx_word' id='word_1_237' title='bbox 1715 2512 1769 2564; x_wconf 78' lang='grc' dir='ltr'><em>εἰ</em></span> 
     </span>
     <span class='ocr_line' id='line_1_30' title="bbox 158 2586 1765 2665; baseline 0 -19"><span class='ocrx_word' id='word_1_238' title='bbox 158 2589 219 2646; x_wconf 75' lang='grc' dir='ltr'><em>δὲ</em></span> <span class='ocrx_word' id='word_1_239' title='bbox 248 2586 277 2646; x_wconf 90' lang='lat'><em>5</em></span> <span class='ocrx_word' id='word_1_240' title='bbox 309 2588 473 2658; x_wconf 84' lang='grc' dir='ltr'><em>αὐτὸς</em></span> <span class='ocrx_word' id='word_1_241' title='bbox 503 2588 606 2648; x_wconf 80' lang='grc' dir='ltr'><em>οὐκ</em></span> <span class='ocrx_word' id='word_1_242' title='bbox 636 2596 813 2665; x_wconf 80' lang='grc' dir='ltr'><em>ἔστιν,</em></span> <span class='ocrx_word' id='word_1_243' title='bbox 857 2590 978 2649; x_wconf 78' lang='grc' dir='ltr'><em>οὐδ’</em></span> <span class='ocrx_word' id='word_1_244' title='bbox 1017 2599 1184 2664; x_wconf 86' lang='grc' dir='ltr'><em>ἔστιν,</em></span> <span class='ocrx_word' id='word_1_245' title='bbox 1217 2588 1338 2649; x_wconf 76' lang='grc' dir='ltr'><em>ἀλλ’</em></span> <span class='ocrx_word' id='word_1_246' title='bbox 1378 2595 1437 2648; x_wconf 86' lang='grc' dir='ltr'><em>ἐκ</em></span> <span class='ocrx_word' id='word_1_247' title='bbox 1467 2594 1563 2648; x_wconf 85' lang='grc' dir='ltr'><em>τοῦ</em></span> <span class='ocrx_word' id='word_1_248' title='bbox 1595 2587 1765 2648; x_wconf 79' lang='grc' dir='ltr'><em>αὐτὸν</em></span> 
     </span>
    </p>
   </div>
   <div class='ocr_carea' id='block_1_3' title="bbox 89 2673 1875 2836">
    <p class='ocr_par' dir='ltr' id='par_1_3' title="bbox 89 2673 1875 2836">
     <span class='ocr_line' id='line_1_31' title="bbox 89 2673 1875 2750; baseline -0.001 -22"><span class='ocrx_word' id='word_1_249' title='bbox 89 2694 133 2728; x_wconf 80' lang='lat'><em>30</em></span> <span class='ocrx_word' id='word_1_250' title='bbox 154 2673 546 2748; x_wconf 87' lang='grc' dir='ltr'><em>μεταβάλλειν,</em></span> <span class='ocrx_word' id='word_1_251' title='bbox 586 2674 877 2749; x_wconf 88' lang='grc' dir='ltr'><em>γινόμενος</em></span> <span class='ocrx_word' id='word_1_252' title='bbox 918 2679 1099 2750; x_wconf 79' lang='grc' dir='ltr'><em>ἕτερος</em></span> <span class='ocrx_word' id='word_1_253' title='bbox 1139 2679 1192 2747; x_wconf 68' lang='grc' dir='ltr'><em>ἐξ</em></span> <span class='ocrx_word' id='word_1_254' title='bbox 1225 2678 1438 2750; x_wconf 81' lang='grc' dir='ltr'><em>ἑτέρου·</em></span> <span class='ocrx_word' id='word_1_255' title='bbox 1501 2673 1765 2742; x_wconf 81' lang='grc' dir='ltr'><em>ψεύδεται</em></span> <span class='ocrx_word' id='word_1_256' title='bbox 1785 2694 1875 2738; x_wconf 83' lang='lat'><strong>[311]</strong></span> 
     </span>
     <span class='ocr_line' id='line_1_32' title="bbox 159 2756 1871 2836; baseline 0.003 -22"><span class='ocrx_word' id='word_1_257' title='bbox 159 2758 221 2814; x_wconf 74' lang='grc' dir='ltr'><em>δὲ</em></span> <span class='ocrx_word' id='word_1_258' title='bbox 270 2756 305 2830; x_wconf 80' lang='grc' dir='ltr'><em>ἡ</em></span> <span class='ocrx_word' id='word_1_259' title='bbox 358 2768 619 2833; x_wconf 81' lang='grc' dir='ltr'><em>αἴσθησις</em></span> <span class='ocrx_word' id='word_1_260' title='bbox 668 2758 864 2836; x_wconf 77' lang='grc' dir='ltr'><em>ἀγνοίᾳ</em></span> <span class='ocrx_word' id='word_1_261' title='bbox 922 2763 1024 2818; x_wconf 81' lang='grc' dir='ltr'><em>τοῦ</em></span> <span class='ocrx_word' id='word_1_262' title='bbox 1074 2758 1233 2827; x_wconf 80' lang='grc' dir='ltr'><em>ὄντος</em></span> <span class='ocrx_word' id='word_1_263' title='bbox 1305 2759 1449 2818; x_wconf 78' lang='grc' dir='ltr'><em>εἶναι</em></span> <span class='ocrx_word' id='word_1_264' title='bbox 1510 2758 1570 2815; x_wconf 89' lang='grc' dir='ltr'><em>τὸ</em></span> <span class='ocrx_word' id='word_1_265' title='bbox 1631 2778 1871 2831; x_wconf 71' lang='lat' dir='ltr'><em>‹poet—(529)</em></span> 
     </span>
    </p>
   </div>
   <div class='ocr_carea' id='block_1_4' title="bbox 155 2839 446 2915">
    <p class='ocr_par' dir='ltr' id='par_1_4' title="bbox 155 2839 446 2915">
     <span class='ocr_line' id='line_1_33' title="bbox 155 2839 446 2915; baseline 0.01 -17"><span class='ocrx_word' id='word_1_266' title='bbox 155 2839 406 2915; x_wconf 88' lang='grc' dir='ltr'><em>νόμενον.</em></span> <span class='ocrx_word' id='word_1_267' title='bbox 417 2839 446 2862; x_wconf 86' lang='grc'><strong>”</strong></span> 
     </span>
    </p>
   </div>
  </div>
 </body>
</html>
