2014 3146
229 113 334 164 364
910 111 1156 152 EUSEBII

230 233 502 302 πτομένου
544 227 690 294 τινὸς
732 229 932 300 μέρους
963 225 1098 299 μετὰ
1127 229 1226 283 τοῦ
1256 224 1626 295 ἀποκοπέντος
1660 234 1839 301 ψυχῆς

230 314 423 387 μόριον
455 313 624 383 εἶναι,
671 309 773 383 τήν
813 336 871 368 τε
914 315 974 367 ἐν
1013 325 1126 376 τοῖς
1156 308 1354 376 ν’πνοις
1383 307 1735 384 ἀναχώρησιν
1764 312 1839 385 μὴ

231 405 518 469 γίνεσθαι,
577 404 732 496 εἴπερ
786 401 874 452 δεῖ
922 398 1186 468 προσφυᾶ
1240 393 1342 467 τὴν
1385 397 1723 468 ἐντελέχειαν
1773 420 1840 453 ου

232 486 381 539 ἐστιν
427 480 595 536 εἶναι·
663 477 722 536 τὸ
770 477 826 536 δ’
870 476 1076 551 ἄληθες
1133 479 1272 552 μηδὲ
1327 477 1509 537 ῦπνον
1564 485 1836 551 γίνεσθαι

231 571 276 623 3.
311 566 402 622 καὶ
434 563 544 638 μὴν
577 566 911 637 ἐντελεχείας
942 562 1128 635 οὔσης,
1161 561 1292 620 οὐδὲ
1324 567 1651 620 ἐναντίωσιν
1675 564 1840 636 λόγου
1863 589 1885 621 5

231 648 366 722 πρὸς
399 653 724 721 ἐπιθυμίας·
781 653 842 705 ἓν
882 649 942 705 δὲ
983 649 1076 704 καὶ
1116 646 1319 705 ταυτὸν
1361 646 1434 704 δι’
1471 646 1604 704 ὅλου
1635 670 1845 706 πεπον-

184 767 206 798 d
231 737 396 792 θέναι
426 733 486 790 τὸ
517 738 658 804 πᾶν,
691 730 758 790 οὐ
811 735 1133 805 διαφωνοῦν
1179 735 1372 808 ἑαυτῷ.
1450 730 1740 804 αἰσθήσεις
1783 733 1844 790 δὲ

232 818 405 891 μόνον
446 818 690 875 δυνατὸν
730 825 863 884 ἴσως
903 824 1192 889 γίνεσθαι,
1234 815 1329 882 τὰς
1362 817 1424 873 δὲ
1453 814 1673 888 νοήσεις
1704 815 1842 872 ἀδύ-

233 927 415 960 νατον.
480 901 564 958 διὸ
606 904 699 958 καὶ
741 898 899 957 αὐτοὶ
938 899 1114 974 ἄλλην
1154 900 1340 975 ψυχὴν
1378 901 1475 959 τὸν
1514 904 1653 957 νοῦν
1694 900 1846 958 εἰσά-

233 997 456 1059 γουσιν,
489 984 555 1042 ὃν
586 984 873 1043 ἀθάνατον
902 991 1166 1043 τίθενται.
1226 990 1274 1042 4.
1309 983 1410 1057 τὴν
1433 977 1538 1043 οῦν
1568 987 1844 1058 λογιζομέ-
1867 1009 1908 1042 10

234 1096 339 1142 νην
369 1071 554 1144 ψυχὴν
585 1068 762 1135 ἄλλως
807 1071 1147 1142 ἐντελέχειαν
1188 1066 1227 1141 ἦ
1267 1073 1464 1127 τοῦτον
1493 1068 1590 1125 τὸν
1619 1068 1844 1142 τρόπον,

234 1179 448 1227 αναγκη
482 1154 642 1226 εἶναι,
678 1160 728 1210 εἰ
758 1160 848 1211 δεῖ
867 1157 940 1230 τῷ
966 1151 1191 1226 ὀνόματι
1215 1153 1393 1230 τούτῳ
1414 1156 1669 1227 χρῆσθαι.
1714 1150 1839 1211 οὐδ’

233 1240 267 1312 ἡ
299 1236 626 1311 αἰσθητικὴ,
661 1247 815 1312 εἴπερ
841 1241 933 1294 καὶ
958 1235 1098 1311 αὕτη
1127 1241 1239 1294 τῶν
1271 1241 1560 1310 αἰσθητῶν
1590 1234 1848 1295 ἀπόντων

233 1322 361 1389 τοῦς
392 1322 600 1388 τύπους
641 1329 749 1396 ἔχει
768 1369 782 1395 ,
830 1321 1032 1388 αυτούς
1063 1347 1129 1379 ου
1159 1346 1295 1395 μετα
1324 1325 1424 1380 τοῦ
1463 1321 1710 1394 σώματος
1740 1347 1848 1397 αρα

235 1412 368 1476 ἓΜξει
417 1415 470 1465 εἰ
500 1409 559 1464 δε
589 1405 691 1480 μὴ,
724 1431 899 1473 ουτως
934 1410 1214 1464 ἐνέσονται
1246 1431 1319 1472 ως
1341 1409 1552 1480 μορφαὶ
1583 1408 1674 1462 καὶ
1709 1405 1846 1463 εἰκό-
1870 1430 1911 1463 15

235 1508 355 1559 νες·
404 1489 527 1549 ἀλλ’
555 1489 836 1549 ἀδύνατον
858 1489 1036 1559 ἄλλως
1069 1494 1349 1565 δέχεσθαι,
1385 1497 1436 1548 εἰ
1455 1489 1628 1558 οὕτως
1656 1494 1846 1549 ἐνεῑεν.

236 1574 340 1634 οῦκ
371 1575 478 1648 ἄρα
509 1569 628 1634 οῦσ’
667 1575 969 1650 ἀχωριστος
1004 1579 1322 1649 ἐντελέχεια.
1378 1581 1425 1633 ἴ).
1460 1578 1552 1632 καὶ
1577 1576 1688 1648 μὴν
1718 1574 1848 1633 οὐδὲ

126 1660 296 1732 (812)τὸ
330 1664 646 1734 ἐπιθυμοῦν
692 1660 766 1733 μὴ
807 1667 1031 1732 σιτίων,
1072 1662 1212 1733 μηδὲ
1242 1665 1456 1732 ποτῶν,
1503 1657 1624 1717 ἀλλ’
1660 1658 1846 1717 ἄλλων

236 1745 385 1818 παρὰ
417 1743 482 1801 τὰ
511 1748 611 1802 τοῦ
640 1744 919 1817 σώματος,
963 1743 1098 1801 οὐδὲ
1138 1741 1273 1801 αὐτὸ
1305 1741 1604 1817 ἀχώριστος
1639 1746 1849 1800 ἐντελέ-

237 1853 371 1902 χεια.
435 1826 630 1885 λοιπὸν
662 1830 722 1884 δε
752 1828 810 1885 τὸ
843 1824 1130 1899 φυτικὸν
1109 1853 1178 1884 αν
1209 1837 1322 1900 εἰή,
1366 1825 1413 1884 ὁ
1436 1827 1848 1905 ἀμφισβήτησιν
1871 1851 1913 1885 20

236 1911 307 1969 ἂν
341 1911 550 1980 δόξειεν
592 1937 764 1985 εχειν,
806 1911 1014 1985 μήποτε
1045 1915 1242 1970 τοῦτον
1282 1910 1378 1969 τὸν
1406 1911 1613 1985 τρόπον
1645 1915 1850 1970 ἐντελέ-

238 2021 356 2070 χεια
388 1995 690 2071 ἀχώριστος
722 1998 770 2071 ᾗ.
815 2002 862 2053 6.
897 1995 1018 2052 ἀλλ’
1055 1995 1189 2053 οὐδε
1213 1999 1372 2053 τοῦτο
1395 2002 1652 2069 φαίνεται
1676 1995 1849 2062 οὕτως

238 2089 379 2154 ε’χον.
445 2088 496 2138 εἰ
533 2105 639 2155 γαρ
681 2077 715 2152 ἡ
757 2077 896 2154 αρχὴ
929 2080 1133 2147 παντὸς
1174 2083 1356 2154 φυτοῦ
1385 2083 1512 2154 περὶ
1540 2078 1643 2153 τὴν
1675 2085 1848 2155 ῥίζαν,

238 2169 328 2222 καὶ
361 2163 742 2238 αὐξανομένου
772 2169 871 2222 τοῦ
902 2163 1074 2222 ἄλλου
1105 2165 1354 2238 σώματος
1385 2167 1511 2238 περὶ
1543 2163 1645 2237 τὴν
1676 2170 1850 2240 ῥίζαν,

239 2252 330 2306 καὶ
361 2248 426 2307 τὰ
457 2248 604 2306 κάτω
639 2253 698 2306 ἐν
729 2257 953 2316 πολλοῖς
982 2254 1096 2306 τῶν
1135 2253 1358 2321 φυτῶν,
1401 2245 1434 2322 ἡ
1467 2243 1617 2322 ψυχὴ
1654 2255 1847 2321 δηλον-
1871 2271 1913 2304 25

238 2333 321 2390 ότι
353 2333 701 2434 ἀπολιποῦσα
741 2332 806 2389 τὰ
847 2332 987 2390 ἄλλα
1029 2337 1167 2406 μέρη
1210 2341 1287 2399 εἰς
1321 2336 1382 2390 ἕν
1421 2358 1472 2390 τι
1512 2332 1849 2405 συνεστάλη·

239 2415 340 2474 οὐκ
371 2442 478 2490 αρα
508 2442 580 2489 ην
611 2421 672 2474 ἐν
701 2421 775 2493 τῷ
807 2415 919 2474 ολω
952 2442 1024 2483 ως
1055 2437 1359 2492 αχωριστος
1393 2420 1712 2491 ἐντελέχεια.
1757 2419 1848 2473 καὶ

192 2527 213 2559 b
240 2501 344 2573 γὰρ
385 2525 457 2557 αυ
498 2503 612 2558 ἐστὶ
653 2504 787 2575 πρὶν
829 2499 1142 2574 αὐξηθῆναι
1182 2501 1241 2558 τὸ
1273 2526 1454 2574 φυτον
1485 2506 1546 2559 ἐν
1575 2508 1650 2579 τῷ
1681 2501 1850 2576 ὀλίγω

238 2584 400 2662 ὃγκω.
466 2590 510 2642 7
547 2591 598 2642 εἰ
635 2578 738 2642 οῦν
775 2588 866 2642 καὶ
909 2592 986 2652 εἰς
1025 2583 1215 2658 ὀλίγον
1256 2591 1470 2660 ἔρχεται
1510 2589 1569 2642 ἐκ
1607 2591 1850 2658 μείζονος

239 2672 419 2741 φυτοῦ
460 2671 552 2725 καὶ
593 2672 645 2736 ἐξ
686 2667 878 2741 ὀλίγου
920 2673 1008 2726 ἐπὶ
1047 2693 1189 2742 παν,
1241 2675 1300 2727 τί
1333 2668 1538 2726 κωλύει
1578 2671 1668 2726 καὶ
1710 2665 1848 2735 όλως
1872 2692 1914 2724 30

239 2760 599 2826 χωρίζεσθαι;
650 2775 764 2819 πως
807 2752 855 2809 δ’
903 2778 974 2811 αν
1014 2757 1105 2811 καὶ
1145 2753 1350 2828 ἀμερὴς
1399 2745 1540 2810 ουσα
1588 2755 1850 2827 μεριστοῦ

239 2842 338 2895 τοῦ
369 2836 617 2911 σώματος
661 2840 965 2910 ἐντελέχεια
1007 2840 1220 2910 γένοιτο
1250 2836 1503 2911 μεριστῆς
1544 2834 1576 2909 ἦ
1617 2862 1675 2895 τε
1706 2834 1849 2908 αὐτὴ
