2014 3146
215 105 245 157 8
716 157 718 160 .
882 106 1128 147 EUSEBII

212 221 451 296 μάζειν)
493 228 551 278 οἳ
584 220 650 279 τά
691 219 763 278 δι’
801 220 1140 295 αἰνιγμάτων
1173 225 1603 295 ἐπεσκιασμένα,
1648 230 1698 280 εἰ
1726 227 1818 282 καὶ

212 307 286 380 μὴ
316 320 430 372 τοῖς
461 309 615 378 πᾶσι,
647 319 760 372 τοῖς
792 309 931 377 γοῦν
961 304 1096 376 πρὸς
1125 303 1229 376 τὴν
1258 305 1471 364 τούτων
1500 304 1676 380 άκοὴν
1708 310 1820 365 ἐπι-

100 396 450 464 [302]τηδείοις
522 387 597 447 δι’
648 393 954 463 ἑρμηνείας
1002 392 1095 446 καὶ
1157 396 1461 492 σαφηνείας
1515 394 1819 465 ἐξέφαινον.

213 480 261 532 4.
294 474 467 549 ταύτῃ
507 499 591 532 τοι
631 473 798 532 πάλιν
837 470 866 531 ὁ
898 472 1215 547 σοφώτατος
1247 497 1396 547 παρα
1424 481 1612 534 τοῖσδε
1642 485 1822 535 Σολο-

212 585 331 633 μων
374 561 609 617 ἐνθένδε
649 560 828 616 ποθὲν
863 553 965 629 τὴν
1004 557 1283 633 καταρχὴν
1321 563 1419 617 τοῦ
1459 564 1571 617 τῶν
1611 570 1866 634 Παροι-5

167 670 186 701 d
213 647 356 717 μιῶν
387 642 678 717 ἐποιήσατο
710 642 1151 717 συγγράμματος,
1181 647 1480 717 μονονουχὶ
1509 643 1610 717 τὴν
1641 651 1826 703 αἰτίαν

216 727 364 804 αὐτῷ
395 732 491 799 τῆς
520 731 737 802 γραφῆς
767 726 974 800 ταύτην
1013 728 1156 786 εἶναι
1199 727 1451 800 διδάξας,
1494 726 1569 786 δι’
1604 722 1684 788 ὧν
1724 726 1826 786 αύ-

214 828 327 879 τοϊς
367 811 571 886 ῥήμασι
603 818 726 870 δεῖν
758 819 928 885 ἔφησε
959 811 1137 870 πάντα
1167 809 1346 887 ἄνδρα
1375 818 1589 886 γνῶναι
1619 810 1825 886 σοφίαν

215 900 307 954 καὶ
346 902 607 954 παιδείαν
655 899 747 953 καὶ
785 900 983 969 νοῆσαι
1023 895 1220 970 λόγους
1258 896 1610 971 φρονήσεως,
1666 900 1826 966 δέξα-

216 988 357 1039 σθαί
415 1004 475 1038 τε
532 979 773 1055 στροφάς
825 979 1034 1053 λόγων,
1102 984 1305 1054 νοῆσαί
1350 1005 1409 1038 τε
1464 981 1826 1055 δικαιοσύνην
1847 1005 1889 1038 10

216 1064 401 1139 ἀληθῆ
432 1068 524 1123 καὶ
554 1072 722 1140 κρίμα
753 1064 1154 1137 κατευθύνειν,
1200 1070 1293 1123 ἵνα
1325 1070 1433 1138 δῶ,
1465 1069 1658 1139 φησὶν,
1690 1065 1827 1124 ἀκά-

217 1175 332 1218 κοις
371 1157 748 1225 πανουργίαν,
789 1156 955 1207 παιδί
987 1174 1045 1208 τε
1083 1153 1194 1227 νέῳ
1225 1157 1494 1224 αἴσθησίν
1523 1175 1582 1208 τε
1613 1153 1704 1207 καὶ
1735 1158 1828 1208 ἒν-

218 1260 390 1293 νοιαν.
433 1239 611 1293 ταῖνδε
640 1234 745 1308 γὰρ
775 1233 1018 1302 ἀκούσας
1048 1232 1076 1292 ὁ
1105 1233 1276 1307 σοφὸς
1307 1234 1622 1309 σοφώτερος
1654 1241 1823 1308 ἔσται,

216 1319 244 1378 ὁ
278 1321 339 1377 δὲ
368 1318 594 1393 νοήμων
623 1322 963 1393 κυβέρνησιν
993 1318 1278 1393 κτήσεται·
1340 1318 1530 1392 νοήσει
1558 1343 1618 1376 τε
1647 1341 1828 1395 παρα-

218 1402 389 1478 βολὴν
443 1407 536 1462 καὶ
583 1403 870 1462 σκοτεινὸν
922 1402 1088 1476 λόγον
1141 1403 1327 1478 ῥήσεις
1379 1427 1439 1460 τε
1490 1422 1682 1475 σοφων
1734 1407 1826 1462 καὶ
1849 1427 1890 1461 15

219 1495 530 1562 αινίγματα.
623 1493 671 1546 5.
706 1492 797 1545 καὶ
827 1513 892 1546 τα
922 1513 1025 1561 μεν
1054 1492 1149 1570 τῆς
1178 1492 1276 1545 τοῦ
1309 1490 1660 1561 δηλωθέντος
1690 1506 1822 1561 συγ-

218 1572 532 1646 γράμματος
574 1577 901 1646 ἐπαγγελίας
940 1571 1165 1630 τοιαυτά
1201 1597 1326 1629 τινα
1366 1589 1464 1644 ην
1535 1597 1629 1640 τας
1673 1571 1721 1628 δ’
1768 1576 1828 1630 έν

219 1661 371 1731 μέρει
401 1661 513 1714 τῶν
544 1660 859 1731 λεχθέντων
890 1657 1198 1731 προτάσεις,
1231 1659 1324 1714 καὶ
1352 1655 1566 1714 τούτων
1588 1681 1683 1723 τας
1711 1660 1831 1714 ε’πι-

107 1767 200 1808 (514)
221 1741 436 1814 λύσεις,
476 1741 579 1814 τήν
616 1765 675 1799 τε
705 1740 933 1815 λογικὴν
962 1748 1344 1817 πραγματείαν
1374 1747 1590 1807 οἰκείως
1619 1744 1688 1814 τῇ
1715 1744 1829 1798 τῶν

220 1825 446 1898 ἀνδρῶν
494 1833 665 1901 σοφία
714 1851 772 1883 τε
823 1829 914 1883 καὶ
964 1828 1128 1901 φωνῇ
1172 1825 1264 1883 διὰ
1303 1829 1500 1883 πασῶν
1539 1829 1653 1883 τῶν
1692 1822 1826 1900 παρ’
1851 1846 1894 1880 20

221 1910 410 1978 αὐτοῖς
440 1913 800 1983 προφητικῶν
840 1914 1072 1983 γραφῶν
1111 1913 1454 1984 φερομένην,
1494 1906 1601 1986 ὅτῳ
1641 1917 1827 1984 φίλον,

221 2000 316 2068 τῆς
357 1994 571 2052 τούτων
612 1994 904 2063 ἐντεύξεως
942 1994 1037 2061 τὰς
1078 2001 1308 2066 βίβλους
1351 1997 1439 2051 ε’πὶ
1470 1998 1668 2067 σχολῆς
1697 1994 1831 2067 μετὰ

222 2095 407 2154 χεῖρας
439 2078 627 2151 λαβών
660 2088 878 2137 εἵσεται.
957 2084 1004 2136 6.
1051 2084 1101 2135 εἰ
1130 2081 1196 2135 δέ
1221 2102 1302 2144 τις
1332 2081 1424 2135 καὶ
1453 2084 1549 2151 τῆς
1579 2078 1831 2152 γλώσσης

223 2163 392 2237 αὐτῆς
423 2161 733 2237 φιλοκάλως
763 2166 977 2236 γένοιτο
1010 2167 1070 2220 ἐν
1096 2168 1281 2238 πείρα,
1314 2168 1425 2219 ἴδοι
1448 2158 1537 2233 ἂν,
1569 2159 1658 2219 οἷα
1682 2163 1831 2233 παρὰ

224 2248 555 2321 βαρβάροις,
615 2247 823 2321 ἄνδρας
874 2245 1274 2320 λογικωτάτους
1326 2245 1495 2304 οὐδὲν
1550 2249 1831 2319 σοφιστῶν
1852 2264 1894 2298 25

178 2357 200 2388 b
224 2331 356 2389 οὐδὲ
387 2331 637 2406 ῥητόρων
666 2329 1004 2399 ἀποδέοντας
1033 2335 1102 2406 τῇ
1130 2337 1309 2406 οἰκείᾳ
1338 2329 1579 2404 γλώσσῃ.
1639 2336 1684 2387 7.
1719 2329 1833 2387 εἷεν

229 2413 281 2473 δ’
325 2411 395 2472 ἂν
444 2413 631 2482 αὐτοῖς
671 2418 764 2471 καὶ
806 2423 1060 2490 ἔμμετροι
1098 2414 1374 2487 ποιήσεις,
1429 2411 1501 2481 ὥς
1545 2413 1579 2488 ἡ
1621 2413 1831 2488 μεγάλη

227 2502 479 2566 ΝῙωσέως
513 2497 648 2575 ᾠδὴ,
681 2502 773 2556 καὶ
802 2505 901 2556 τοῦ
932 2502 1121 2570 Λαβὶδ
1150 2497 1178 2555 ὁ
1211 2497 1317 2570 ριη’
1350 2498 1595 2571 Ψαλμὸς,
1625 2502 1701 2573 τῷ
1732 2522 1833 2554 κα-
1902 2536 1907 2541 -

229 2587 479 2661 λουμένςο
518 2583 645 2657 παρ’
677 2580 939 2656 ’Ἑλλησιν
977 2579 1140 2659 ἡρῴῳ
1176 2585 1356 2658 μέτρω
1388 2583 1829 2654 συντεταγμένοι.

228 2671 367 2742 φασὶ
396 2672 536 2740 γοῦν
569 2667 835 2741 ἑξάμετρα
867 2668 1010 2725 εἶναι
1039 2672 1229 2736 ταῦτα,
1264 2664 1337 2722 δι’
1373 2668 1666 2722 ἑκκαίδεκα
1697 2674 1829 2722 συλ-
1854 2692 1896 2724 30

229 2756 418 2823 λαβών
448 2755 803 2825 πεποιημένα.
866 2754 957 2808 καὶ
987 2750 1052 2807 τὰ
1083 2748 1246 2807 λοιπὰ
1278 2751 1338 2806 δὲ
1375 2748 1442 2806 τὰ
1481 2748 1610 2822 παρ’
1648 2748 1832 2817 αὐτοῖς

229 2835 457 2911 στιχήρη
510 2833 585 2893 δι’
629 2840 777 2893 ε’πῶν
818 2838 1030 2908 λέγεται
1069 2837 1374 2907 τριμέτρων
1412 2857 1471 2891 τε
1511 2835 1603 2890 καὶ
1640 2857 1833 2906 τετρα-
