2014 3146
655 143 868 184 PRAEP.
899 143 1120 186 EVANG.
1154 144 1276 187 XIV.
1309 145 1350 187 6.
1685 142 1788 195 271

181 257 440 334 οὐδαμῶς
470 260 959 331 νεωτερισθέντων
999 257 1281 332 εἰρήσεταί
1316 283 1410 332 μοι
1441 252 1608 326 αὖθίς
1639 282 1788 332 ποτε,

184 343 280 402 ε’ἁν
309 349 644 418 φιλοσοφίας
675 341 880 416 σχολὴν
908 340 1112 416 άγάγω.
1173 343 1249 417 μή
1279 367 1411 402 ποτε
1440 347 1627 417 μέντοι
1657 343 1790 417 ἆγά-
1811 368 1902 410 (733)

182 454 330 503 γοιμι
361 426 565 502 σχολὴν
604 426 906 500 τοσαύτην,
949 427 1151 485 τούτου
1191 431 1331 501 γοῦν
1374 431 1597 500 ἕνεκεν,
1640 429 1790 503 εἰμὴ

181 510 290 570 ὑπὸ
322 517 562 580 παιδιᾶς.
640 516 719 569 12.
752 511 850 569 τὸν
882 509 936 569 δ’
979 504 1081 570 οὖν
1112 512 1349 586 Ζήνωνα
1387 509 1791 585 ὁἈρκεσίλαος

139 597 502 672 5ἆντίτεχνον
540 598 630 654 καὶ
677 593 955 665 ἆξιόνικον
1004 593 1325 671 ὑπάρχοντα
1374 603 1611 671 θεωρῶν
1659 597 1791 664 τούς

181 679 314 755 παρ’
362 687 578 740 ἐκείνου
623 678 1087 790 ἀποφερομένους
1127 682 1325 755 λόγους
1377 682 1645 790 καθῄρει,
1700 686 1791 739 καὶ

181 765 351 824 οὐδὲν
383 765 562 824 ω’κνει.
628 770 708 823 13.
742 768 832 822 καὶ
873 767 1000 838 περὶ
1030 790 1132 838 μεν
1171 770 1284 823 τῶν
1314 764 1499 824 άλλων
1530 792 1563 823 α
1597 766 1790 840 ἐμεμά-

182 876 311 926 χητο
354 855 548 908 ἐκείνω
587 847 703 907 οὔτ’
752 860 882 916 ἰσως
930 855 1107 908 εἰπεῖν
1147 857 1282 924 ἔχω,
1340 860 1448 908 εἴτε
1490 854 1580 907 καὶ
1623 853 1790 925 εἶχον,

181 934 349 994 οὐδεν
381 940 494 992 ἔδει
523 938 630 992 νῦν
655 932 840 992 αὐτῶν
862 938 1208 1008 μνησθῆναι
1255 935 1315 992 τὸ
1340 936 1402 992 δε
1427 933 1602 1009 δόγμα
1632 939 1793 993 τοῦτο
1810 958 1898 1000 [428]

119 1047 159 1078 10
184 1019 361 1078 αὐτοῦ
399 1017 623 1094 πρώτου
668 1017 999 1094 εὑρομένου,
1044 1017 1213 1077 καύτό
1254 1022 1346 1077 καὶ
1375 1018 1436 1077 τὸ
1466 1017 1639 1093 ὄνομα
1670 1024 1792 1093 βλέ-

182 1129 304 1163 πων
335 1101 671 1178 εὖδοκιμοῦν
705 1108 764 1161 ἐν
793 1118 912 1171 ταῖς
938 1101 1227 1178 Ἀθήναις,
1259 1103 1363 1178 τὴν
1385 1105 1795 1178 καταληπτικὴν

182 1195 527 1263 φαντασίαν,
559 1187 708 1263 πάσῃ
739 1194 957 1263 μηχανῇ
991 1192 1182 1263 ἐχρῆτο
1215 1187 1301 1246 ἐπ’
1336 1187 1525 1263 αὐτήν.
1582 1185 1610 1247 ὁ
1643 1187 1697 1247 δ’
1734 1193 1793 1246 ἐν
1818 1212 1841 1244 b

181 1299 256 1332 τω
297 1271 683 1350 ασθενεστέρῳ
725 1270 831 1346 ὢν,
872 1270 1112 1347 ἡσυχίαν
1153 1271 1332 1348 άγων,
1375 1273 1442 1332 οὐ
1483 1273 1793 1349 δυνάμενος

181 1356 520 1431 ἀδικεῖσθαι,
548 1355 903 1433 Ἀρκεσιλάου
933 1359 1036 1432 μὲν
1066 1357 1279 1431 ἀφίετο,
1312 1359 1489 1416 πολλὰ
1519 1354 1590 1416 ἂν
1613 1365 1793 1417 εἰπεῖν

119 1467 160 1500 15
184 1451 356 1518 ε’,χων
389 1439 512 1500 ἀλλ’
546 1442 648 1500 οὐκ
679 1441 876 1517 ἤθελε,
921 1441 1056 1517 τάχα
1088 1444 1149 1500 δε
1178 1447 1388 1517 μᾶλλον
1418 1442 1623 1516 άλλως,
1657 1443 1792 1517 πρὸς

187 1530 248 1586 δὲ
286 1527 383 1586 τὸν
421 1527 606 1585 οὐκέτι
649 1531 709 1586 ἐν
751 1532 916 1597 ζῶσιν
954 1525 1086 1586 ὄντα
1127 1527 1404 1586 Πλάτωνα
1456 1527 1790 1601 ε’σκιαμάχει,

184 1615 275 1670 καὶ
315 1611 417 1685 τὴν
456 1610 563 1669 ἀπὸ
603 1611 811 1685 ἁμάξης
860 1619 1139 1686 πομπείαν
1179 1619 1364 1670 πᾶσαν
1404 1612 1791 1685 κατεθορύβει,

183 1700 362 1770 λέγων
394 1695 466 1763 ὡς
506 1694 622 1753 οὔτ’
659 1693 730 1754 ἂν
759 1700 857 1754 τοῦ
886 1695 1187 1765 Πλάτωνος
1217 1697 1590 1771 ἀμυνομένου,
1621 1721 1794 1771 υπερ-

187 1787 364 1839 δικεῐν
403 1806 461 1839 τε
498 1780 671 1839 αὐτοῦ
710 1780 860 1839 άλλω
891 1780 1084 1840 ουδενὶ
1113 1785 1307 1856 μέλον·
1365 1793 1474 1840 εἴτε
1503 1781 1793 1856 μελήσειεν

120 1865 531 1943 2οἈρκεσιλάω,
564 1863 727 1934 αὐτός
758 1891 821 1939 γε
851 1872 1148 1940 κερδανεῖν
1178 1865 1314 1944 ᾤετο
1344 1865 1793 1940 άποτρεψάμενος

183 1948 279 2024 ἀφ’
318 1953 521 2008 ἑαυτοῦ
548 1949 645 2009 τὸν
667 1949 1040 2025 Ἀρκεσίλαον.
1101 1957 1262 2010 τοῦτο
1290 1954 1349 2009 δὲ
1380 1950 1489 2028 ᾔδη
1521 1954 1610 2008 καὶ
1636 1951 1792 2024 Ἀγα-
1818 1987 1834 2008 c

184 2041 393 2093 θοκλέα
430 2035 526 2093 τὸν
565 2035 919 2109 Συρακόσιον
958 2035 1264 2109 ποιήσαντα
1307 2037 1367 2093 τὸ
1409 2035 1653 2110 σόφισμα
1705 2038 1794 2093 ἐπὶ

184 2119 314 2187 τούς
326 2126 761 2195 Καρχηδονίους.
811 2126 889 2177 14.
917 2126 975 2178 οί
992 2123 1231 2178 Στωϊκοὶ
1259 2122 1319 2177 δὲ
1334 2117 1623 2192 ὑπήκουον
1640 2123 1793 2176 ἐκπε-

186 2206 503 2278 πληγμένοι.
576 2200 609 2276 ἡ
651 2209 835 2277 μοῦσα
866 2204 970 2277 γὰρ
1000 2202 1188 2271 αὐτοῖς
1219 2203 1353 2261 οὐδὲ
1383 2203 1503 2261 τότε
1534 2197 1603 2277 ἧν
1633 2213 1795 2277 φιλο-

122 2314 163 2345 25
187 2287 347 2360 λόγος
385 2285 512 2345 οὐδ’
538 2287 771 2360 ’ἐργάτις
810 2296 1081 2362 χαρίτων,
1123 2285 1228 2395 ὑφ’
1271 2281 1351 2345 ὧν
1392 2287 1421 2345 ὅ
1449 2285 1794 2361 Ἀρκεσίλαος

186 2398 251 2430 τα
282 2397 385 2446 μεν
416 2371 790 2446 περικρούων,
822 2373 887 2429 τὰ
920 2374 980 2430 δε
1011 2369 1368 2447 ὑποτέμνων,
1401 2371 1539 2429 ἄλλα
1573 2371 1625 2430 δ’
1658 2372 1794 2430 ὑπο-

188 2465 478 2529 σκελίζων,
520 2464 969 2529 κατεγλωττίζετο
1017 2456 1222 2524 αὐτους
1282 2460 1373 2514 καὶ
1426 2456 1666 2524 πιθανὸς
1706 2482 1790 2529 ην.

186 2548 483 2615 τοιγαροῦν
512 2539 647 2615 πρὸς
677 2539 772 2608 οὓς
802 2566 903 2615 μεν
933 2539 1227 2615 αντέλεγεν
1248 2541 1597 2616 ἡττωμένων,
1631 2545 1692 2599 ἐν
1714 2539 1796 2608 οἷς

189 2628 250 2684 δε
300 2629 479 2700 λέγων
530 2619 600 2698 ἦν
651 2631 1222 2701 καταπεπληγμένων,
1278 2633 1635 2701 δεδειγμένον
1679 2650 1794 2692 πως

126 2734 168 2767 30
189 2727 302 2778 τοῖς
343 2710 466 2769 τότε
506 2708 827 2785 ἀνθρώποις
865 2710 1079 2786 ὑπῆρχε
1114 2713 1290 2786 μηδεν
1340 2712 1482 2770 εἶναι
1521 2709 1645 2785 μήτ’
1692 2711 1794 2767 οὐν
1820 2733 1842 2765 d

190 2802 346 2868 ἔπος,
377 2794 512 2869 μήτε
541 2796 751 2867 πάθος,
781 2794 916 2869 μήτε
945 2804 1110 2870 ἔργον
1140 2801 1202 2854 ἓν
1225 2795 1432 2870 βραχυ,
1463 2797 1601 2869 μηδε
1630 2793 1794 2867 ἄχρη-

190 2898 321 2937 στον
349 2877 679 2938 τούναντίον
706 2879 962 2953 ὀφθῆναί
987 2879 1115 2939 ποτ’
1148 2877 1246 2954 ἂν,
1289 2890 1420 2939 εἴτι
1450 2879 1522 2954 μὴ
1551 2878 1796 2954 Ἀρκεσι-
