2014 3146
587 116 798 158 PRAEP.
831 115 1050 158 EVANG.
1082 117 1178 159 xv.
1212 119 1251 158 6.
1283 121 1321 162 7.
1654 118 1758 170 355

150 256 253 304 μεν
291 226 430 304 ἡμᾶς
483 229 683 300 αὐτοὺς
734 234 861 307 περὶ
901 236 996 305 τῆς
1039 239 1298 306 μεγίστης
1337 235 1428 290 καὶ
1468 234 1757 309 θειοτάτης

151 313 438 388 δυνάμεως
481 314 873 390 διαλεγόμενοι.
937 322 1016 374 17.
1050 314 1189 374 ἀλλὰ
1229 316 1333 393 γὰρ
1378 324 1454 385 εἰς
1494 316 1591 376 τὸν
1629 324 1756 393 περὶ

149 404 242 472 τῆς
284 397 550 472 ἀληθείας
592 399 758 473 λόγον
803 405 1059 475 ἐοίκαμεν
1102 400 1212 459 ὑπὸ
1244 409 1561 477 προθυμίας
1594 407 1757 478 ἐκφέ-

147 495 364 558 ρεσθαι.
443 489 613 557 δῆλον
652 487 754 558 μὲν
795 489 887 543 καὶ
927 483 957 542 ὃ
998 490 1389 561 προυθέμεθα,
1432 484 1504 554 ὥς
1543 486 1646 545 οὐκ
1685 484 1755 545 ἂν

103 592 123 624 5
149 569 262 627 εἷεν
303 568 629 627 διδάσκαλοι
669 573 796 645 περὶ
837 568 1046 644 κόσμου
1086 574 1354 643 γενέσεως
1393 576 1452 629 οἰ
1485 573 1623 646 μηδὲ
1653 571 1754 646 τὴν

145 650 321 727 ἀρχὴν
350 657 572 726 γένεσιν
601 652 965 721 ἀπολιπόντες
996 653 1199 732 αὐτῷ.”

272 741 382 795 Καὶ
434 738 558 812 μὴν,
595 742 686 795 καὶ
726 741 852 812 περὶ
893 742 988 811 τῆς
1031 745 1144 796 τῶν
1196 739 1468 813 σωμάτων
1507 743 1752 814 πέμπτης

145 819 367 896 οὐσίας,
401 821 472 895 ἣν
504 822 830 896 εἰσηγήσατο
855 822 1262 896 Ἀριστοτέλης,
1295 830 1468 881 ταῦτα
1499 836 1747 898 παραθε-

142 909 267 964 τεόν

79 1015 119 1046 10
263 1003 359 1052 V.II
390 989 572 1065 “Περὶ
614 1016 753 1064 γουν
792 998 904 1049 τῶν
943 993 1303 1065 καλουμένων
1333 999 1649 1067 στοιχείων,
1697 997 1748 1062 ἐξ

142 1067 222 1132 ὠν
251 1074 487 1150 πρώτων
517 1074 742 1149 σώματα
773 1079 1105 1148 συνέστηκε,
1148 1075 1389 1134 Πλατων
1418 1101 1521 1150 μεν
1552 1076 1749 1180 ἑπόμε-

141 1184 234 1226 νος
264 1164 330 1232 τῆ
363 1162 488 1235 περὶ
521 1158 660 1218 αὐτα
691 1164 995 1237 ἐναργεία,
1019 1160 1273 1234 καθάπερ
1305 1164 1396 1218 καὶ
1427 1166 1484 1219 οἱ
1509 1160 1615 1234 πρὸ
1647 1161 1748 1219 αὐ-

140 1248 263 1317 τοῦ,
305 1245 544 1318 τέσσαρα
584 1270 643 1303 τε
687 1253 895 1318 ἔφησεν
936 1246 1078 1303 εἶναι
1117 1249 1288 1303 ταῦτα
1318 1244 1748 1320 ὁμολογούμενα,

139 1335 253 1400 πῦρ
284 1332 376 1386 καὶ
405 1334 513 1402 γῆν
543 1335 635 1387 καὶ
665 1327 799 1405 ἀέρα
831 1332 923 1386 καὶ
953 1329 1137 1403 ὕδωρ,
1171 1331 1262 1387 καὶ
1288 1333 1348 1387 έκ
1369 1329 1582 1388 τοῦτων
1613 1350 1751 1403 συγ-

75 1435 115 1467 15
139 1416 484 1487 κρινομένων
512 1414 578 1470 τὰ
608 1413 772 1471 λοιπὰ
796 1413 975 1472 πάντα
998 1418 1327 1487 γεννᾶσθαι·
1375 1413 1750 1488 Ἀριστοτέλης

70 1560 78 1566 ⁸
142 1498 230 1570 δὲ,
274 1494 347 1565 ὦς
394 1505 601 1571 ἔοικεν,
645 1503 872 1566 ἐλπίσας
914 1497 1288 1574 περιττότερος
1327 1510 1632 1572 φανεῖσθαι
1672 1504 1748 1576 τῷ

138 1597 373 1656 φρονεῖν
423 1592 552 1640 εἴτι
583 1588 740 1657 σῶμα
773 1587 832 1640 ἐκ
863 1588 1119 1657 περιττοῦ
1162 1590 1469 1656 προσθείη,
1503 1603 1750 1656 προσκα-

137 1673 448 1740 τηρίθμησε
499 1682 612 1734 τοῖς
667 1670 1023 1741 φαινομένοις
1078 1671 1324 1740 τέτταρσι
1381 1667 1596 1742 σώμασι
1647 1668 1749 1740 τὴν

137 1754 391 1823 πέμπτην
421 1750 654 1824 οὐσίαν,
707 1751 857 1809 πάνυ
880 1754 982 1825 μὲν
1006 1756 1268 1826 λαμπρῶς
1299 1755 1390 1809 καὶ
1421 1752 1748 1826 φιλοδωρως

72 1857 113 1889 20
136 1839 202 1909 τῇ
233 1834 398 1909 φύσει
429 1836 799 1910 χρησάμενος,
830 1837 904 1910 μὴ
935 1837 1185 1894 συνιδών
1219 1838 1278 1894 δὲ
1308 1835 1390 1894 ὅτι
1413 1835 1479 1894 οὐ
1510 1847 1748 1911 νομοθε-

135 1934 255 1977 τεῖν
300 1926 388 1978 δεῖ
424 1925 900 1994 φυσιολογοῦντα,
949 1921 1015 1978 τὰ
1057 1923 1116 1978 δὲ
1159 1927 1254 1994 τῆς
1307 1921 1543 1994 φύσεως
1574 1921 1745 1996 αὐτῆς

139 2007 455 2078 ἐξιστορεῖν.
516 2010 564 2063 2.
601 2013 676 2073 εἰς
699 2013 894 2064 τοίνυν
922 2004 1023 2078 τὴν
1053 2003 1338 2073 ἀπόδειξιν
1360 2012 1458 2063 τοῦ
1489 2010 1746 2078 τέτταρας

138 2089 280 2146 εἶναι
310 2086 408 2156 τὰς
439 2089 659 2163 πρώτας
689 2096 803 2148 τῶν
833 2088 1103 2163 σωμάτων
1134 2089 1361 2162 φύσεις,
1395 2083 1458 2162 ἧς
1491 2091 1559 2162 δὴ
1591 2097 1747 2165 χρεία

1771 1861 1858 1903 [470]

1772 1943 1794 1976 d

135 2187 248 2240 τοῖς
290 2182 702 2244 Πλατωνικοῖς,
751 2173 817 2231 οὐ
861 2172 1033 2246 μόνον
1072 2171 1174 2231 οὐκ
1212 2169 1283 2232 ἂν
1326 2183 1587 2232 συντελοῖ
1623 2199 1675 2231 τι
1716 2173 1744 2230 ὁ
1797 2204 1803 2211 ·

74 2278 115 2310 25
139 2257 597 2330 Περιπατητικὸς,
630 2255 769 2314 ἄλλα
793 2258 997 2330 σχεδὸν
1027 2260 1119 2314 καὶ
1143 2257 1308 2331 μόνος
1335 2255 1626 2316 έναντιοῖτ’
1661 2257 1743 2316 ἄν.

135 2341 415 2413 λεγόντων
454 2345 591 2414 γοῦν
622 2338 780 2414 ἡμων
818 2339 901 2398 ότι
932 2345 1044 2399 πᾶν
1073 2359 1229 2415 σωμα
1264 2367 1298 2414 η
1328 2343 1542 2415 θερμὸν
1571 2339 1605 2414 ἢ
1636 2357 1747 2411 ψυ-

135 2424 298 2499 χρὸν,
342 2424 375 2497 ἢ
414 2425 590 2498 ὑγρὸν
630 2422 663 2498 ἢ
681 2424 900 2528 ξῃρόν,
946 2423 980 2499 ἢ
1019 2426 1268 2499 μαλακὸν
1307 2424 1341 2499 ἢ
1390 2426 1662 2502 σκληρὸν,
1710 2424 1745 2499 ἢ

134 2513 347 2590 κοῦφον
377 2505 410 2582 ἢ
444 2508 618 2582 βαρυ,
659 2535 692 2582 η
723 2509 921 2583 ἀραιὸν
960 2535 993 2583 η
1033 2509 1277 2584 πυκνὸν,
1318 2514 1412 2568 καὶ
1454 2508 1746 2583 εὑρισκόν-

133 2618 244 2651 των
274 2592 356 2651 ὅτι
387 2591 490 2651 οὐκ
520 2619 590 2652 αν
615 2595 804 2667 ἕτερόν
826 2620 877 2652 τι
897 2605 981 2668 εἴη
1005 2594 1065 2653 τὸ
1095 2599 1334 2669 μεθέξον
1362 2595 1574 2654 τούτων
1598 2595 1744 2662 τινὸς

70 2699 111 2731 30
134 2676 287 2749 παρὰ
310 2703 376 2735 τα
405 2683 659 2752 τέτταρα·
694 2679 773 2752 (εἰ
798 2703 901 2752 μεν
930 2704 1035 2753 γαρ
1064 2679 1306 2754 θερμὸν,
1338 2706 1372 2754 η
1403 2704 1516 2753 πυρ
1546 2706 1579 2753 η
1609 2679 1741 2750 ἀήρ

137 2768 188 2818 εί
217 2764 277 2819 δὲ
316 2761 562 2837 ψυχρὸν,
596 2760 751 2836 ὕδωρ
793 2760 825 2835 ἢ
865 2766 960 2836 γῆ·
1025 2767 1117 2821 καὶ
1159 2771 1209 2822 εἰ
1251 2766 1354 2838 μὲν
1394 2764 1588 2839 ξηρὸν,
1631 2766 1743 2836 πῦρ

134 2841 168 2918 ἢ
203 2850 300 2918 γῆ·
351 2853 402 2904 εἰ
431 2849 490 2904 δὲ
510 2846 702 2922 ὑγρὸν,
735 2843 947 2923 ὕδωρῆ
978 2845 1107 2923 ἀήρ·
1155 2852 1246 2906 καὶ
1273 2856 1322 2907 εἰ
1349 2850 1451 2921 μὲν
1480 2846 1750 2921 μαλακὸν,

1338 2942 1446 2993 23*
