2014 3146
253 132 356 184 170
923 133 1171 174 EUSEBII

532 242 642 294 θεοὶ
668 243 896 304 ξείνοισιν
921 240 1129 304 ἐοικότες
1154 240 1532 310 ἀλλοδαποῖσιν,
1560 252 1565 255 ’

462 319 684 364 παντοῖοι
709 314 1009 377 τελέθοντες,
1039 314 1379 378 ἐπιστρωφῶσι
1404 311 1604 380 πόληας.

251 436 334 487 25.
368 432 508 504 μηδὲ
538 432 810 504 Πρωτέως
833 454 892 487 τε
923 433 1014 488 καὶ
1039 433 1264 498 Θέτιδος
1286 435 1725 501 καταψευδέσθω
1755 458 1854 507 μη-

255 517 399 588 δεὶς,
441 514 571 588 μηδ’
622 519 682 573 ἐν
724 519 1056 592 τραγῳδίαις
1096 514 1227 589 μηδ’
1276 519 1336 573 ἐν
1373 531 1487 582 τοῖς
1518 514 1702 585 ἄλλοις
1733 540 1857 575 ποι-

203 632 219 654 c
253 598 458 672 ήμασιν
482 598 931 672 εἰσαγέτωἽΙραν
954 599 1352 674 ἠλλοιωμένην,
1385 596 1456 668 ὦς
1479 604 1686 676 ἱέρειαν
1705 599 1856 675 ἆγεί-
1901 623 1921 655 5

252 703 464 757 ρουσαν

459 787 650 859 Ἰνάχου
670 787 892 861 Ἀργείου
916 797 1138 857 ποταμοῦ
1162 793 1334 845 παισὶν
1359 793 1634 861 βιοδώροις.

252 929 336 982 26.
372 927 463 981 καὶ
493 924 633 982 ἄλλα
673 928 898 982 τοιαῦτα
938 923 1114 982 πολλοὶ
1153 924 1227 998 μὴ
1258 921 1392 998 ἡμῖν
1431 928 1857 993 ψευδέσθωσαν.

252 1006 383 1082 μηδ’
426 1003 498 1066 αὖ
536 1006 646 1067 ὑπὸ
683 1009 896 1067 τούτων
936 1007 1375 1083 ἀναπειθόμεναι
1427 1014 1487 1066 αἱ
1525 1012 1751 1084 μητέρες
1793 1008 1860 1067 τὰ

252 1099 446 1151 παιδία
469 1093 961 1167 ἐκδειματούντων,
987 1096 1247 1167 λέγουσαι
1267 1093 1395 1160 τοὺς
1415 1091 1632 1167 μύθους
1657 1098 1857 1167 κακῶς,
1882 1119 1922 1152 10

253 1175 325 1246 ὡς
349 1177 457 1253 ἄρα
485 1187 618 1237 θεοί
631 1203 776 1246 τινες
798 1182 1175 1253 περιέρχονται
1199 1178 1418 1252 νύκτωρ
1441 1187 1662 1246 πολλοῖς
1684 1181 1860 1247 ξένοις

253 1267 345 1321 καὶ
375 1269 750 1330 παντοδαποῖς
793 1262 1207 1337 ἰνδαλλόμενοι,
1249 1269 1342 1320 ι’να
1380 1262 1454 1338 μὴ
1498 1288 1608 1336 αμα
1626 1288 1751 1341 μεν
1783 1269 1860 1331 εἰς

250 1348 421 1416 θεους
453 1351 890 1422 βλασφημωσιν,
931 1345 1042 1449 ἅμα
1085 1349 1146 1406 δε
1195 1347 1321 1434 τοὺς
1362 1354 1566 1414 παῖδας
1616 1347 1862 1421 ἀπεργα-

252 1440 450 1501 ζωνται
482 1435 841 1505 δειλοτέρους.
888 1431 984 1506 Μὴ
1017 1432 1140 1507 γὰρ,
1177 1439 1296 1506 ἔφη.
1341 1437 1424 1490 27.
1453 1431 1594 1490 Ἀλλ’
1630 1434 1755 1507 ἀρα,
1787 1434 1860 1505 ἠν

207 1534 227 1565 <¹
255 1515 306 1574 δ’
343 1517 467 1591 ε’γω,
502 1517 658 1576 αὐτοὶ
688 1542 791 1590 μεν
821 1522 877 1575 οἱ
903 1526 1032 1575 θεοί
1061 1524 1203 1575 εἰσιν
1232 1516 1339 1575 οἷοι
1362 1516 1437 1591 μὴ
1467 1516 1858 1593 ματαβάλλειν,
1884 1540 1924 1572 15

250 1601 390 1675 ἡμᾶς
425 1603 484 1660 δὲ
515 1606 735 1660 ποιοῦσι
766 1607 953 1660 δοκεῖν
973 1605 1115 1675 σφᾶς
1142 1602 1532 1670 παντοδαπους
1554 1609 1862 1675 φαίνεσθαι

255 1690 629 1754 ἐξαπατῶντες
669 1689 760 1744 καὶ
802 1686 1186 1759 γοητεύοντες;
1213 1685 1402 1759 Ἴσως,
1450 1694 1570 1761 ἔφη.
1660 1692 1732 1745 Τί
1770 1689 1858 1756 δέ;

253 1764 323 1842 ἦν
364 1770 413 1827 δ’
461 1770 591 1843 ἐγώ·
637 1770 948 1839 ψεύδεσθαι
987 1770 1016 1828 ὁ
1055 1771 1188 1838 θεὸς
1229 1774 1414 1829 ε’θέλοι
1456 1767 1527 1828 ἂν
1566 1767 1600 1843 ἢ
1640 1769 1786 1847 λόγῳ
1824 1766 1859 1842 ἢ

255 1862 398 1932 ἔργω
454 1854 817 1928 φαντάσματα
865 1861 1198 1928 προτείνων;
1262 1852 1382 1912 Οὐκ
1412 1855 1566 1926 οἶδα,
1619 1847 1735 1927 ἧδ’
1783 1853 1857 1921 ὅς.

254 1943 337 1998 28.
376 1937 498 1996 Οὐκ
537 1939 735 2010 οἶσθα,
785 1932 850 2012 ἦν
892 1938 943 1996 δ’
991 1937 1125 2011 ἐγώ,
1170 1937 1255 1997 ὅτι
1298 1939 1358 1996 τό
1408 1963 1470 2012 γε
1522 1937 1594 2005 ὠς
1634 1938 1860 2012 ἀληθῶς
1881 1962 1924 1994 20

255 2027 492 2096 ψεῦδος,
527 2030 578 2080 εἰ
604 2021 724 2081 οἷόν
754 2047 813 2080 τε
842 2020 992 2080 τοῦτ’
1030 2030 1235 2096 εἰπεῖν,
1278 2022 1482 2090 πάντες
1523 2029 1655 2081 θεοί
1678 2047 1737 2081 τε
1767 2027 1861 2081 καὶ

255 2106 546 2180 ἅνθρωποι
575 2114 825 2181 μισοῦσι;
868 2111 1028 2180 Πῶς,
1073 2115 1208 2181 ἔφη,
1251 2111 1454 2180 λέγεις;
1502 2106 1686 2166 Οἷσθοὲ
1728 2130 1857 2179 που,

254 2186 325 2263 ἦν
356 2189 410 2249 δ’
447 2191 580 2265 ἐγώ,
610 2191 694 2250 ὅτι
723 2197 798 2270 τῷ
830 2191 1150 2270 κυριωτάτῳ
1184 2195 1399 2249 ἑαυτῶν
1425 2191 1737 2260 ψεύδεσθαι
1768 2194 1862 2249 καὶ

255 2278 382 2347 περὶ
413 2276 478 2332 τὰ
509 2277 819 2351 κυριώτατα
849 2276 1037 2343 οὐδεὶς
1068 2277 1211 2335 ἑκτὸν
1236 2279 1434 2348 ἐθέλει,
1466 2275 1604 2334 ἀλλὰ
1635 2275 1862 2334 πάντων

255 2359 489 2433 μάλιστα
529 2369 782 2434 φοβεῖται
827 2366 942 2419 ε’κεῖ
985 2359 1118 2419 αὐτὸ
1158 2364 1476 2433 κεκτῆσθαι.
1561 2359 1711 2418 Οὐδὲ
1752 2363 1861 2418 νῦν
1882 2382 1924 2414 25

257 2468 372 2516 πω,
413 2437 446 2515 ἦ
483 2442 535 2500 δ’
569 2443 656 2518 ὂς,
698 2445 983 2518 μανθάνω.
1055 2451 1139 2503 29.
1180 2455 1301 2503 Οἴει
1342 2445 1445 2519 γάρ
1475 2452 1535 2502 τί
1558 2470 1653 2518 με,
1697 2451 1860 2518 ἔφην,

146 2555 232 2596 (646)
257 2526 461 2601 σεμνὸν
507 2531 714 2601 λέγειν·
765 2528 869 2601 ἐγώ
914 2531 975 2587 δὲ
1020 2532 1160 2603 λέγω
1209 2529 1292 2587 ὅτι
1329 2533 1398 2604 τῇ
1440 2533 1590 2604 ψυχῇ
1629 2531 1755 2603 περὶ
1793 2526 1861 2584 τοὶ

145 2634 231 2676 [379]
258 2611 391 2669 ὄντα
439 2611 753 2674 ψεύδεσθαί
789 2636 848 2670 τε
886 2617 978 2670 καὶ
1019 2618 1293 2683 ἐψεῦσθαι
1341 2616 1432 2670 καὶ
1482 2610 1674 2685 ἀμαθῆ
1715 2611 1860 2668 εἶναι

257 2699 348 2753 καὶ
380 2699 624 2754 ἐνταῦθα
656 2703 803 2770 ἔχειν
841 2720 900 2753 τε
930 2700 1021 2754 καὶ
1052 2704 1354 2771 κεκτῆσθαι
1393 2695 1453 2753 τὸ
1483 2699 1686 2763 ψεῦδος
1718 2694 1862 2753 πάν-

255 2805 343 2848 τες
374 2779 549 2853 ἥκιστ’
596 2778 666 2839 ἂν
709 2784 955 2849 δέξαιντο
996 2784 1087 2838 καὶ
1118 2785 1340 2853 μισοῦσι
1371 2779 1604 2852 μάλιστα
1635 2777 1767 2836 αὐτὸ
1801 2783 1860 2837 ἐν
1880 2801 1924 2834 30

257 2869 331 2941 τῷ
361 2864 606 2942 τοιούτω.
668 2870 750 2922 30.
786 2864 945 2922 Πολύ
976 2863 1053 2938 γ’,
1087 2873 1205 2938 ἔφη.
1253 2862 1413 2922 Ἀλλὰ
1443 2863 1554 2936 μὴν
1583 2861 1859 2937 ὀρθότατά
