2014 3146
239 99 338 154 152
917 99 1162 140 EUSEBII

233 218 338 290 μὲν
367 229 479 282 τοῖς
510 213 641 289 παρ’
679 213 812 287 ἡμῖν
843 212 1028 287 ψυχήν
1056 237 1114 271 τε
1138 217 1378 289 παρέχον
1403 217 1494 272 καὶ
1517 223 1842 289 σωμασκίαν

238 303 501 374 ἐμποιοῦν
541 301 634 355 καὶ
675 303 1006 364 πταίσαντος
1047 296 1292 371 σώματος
1339 298 1589 374 ἰατρικὴν
1640 302 1731 357 καὶ
1780 303 1839 358 ἐν

234 383 418 450 ἄλλοις
469 381 608 439 ἄλλα
649 383 917 441 συντιθὲν
963 384 1055 439 καὶ
1105 379 1450 456 ἀσκούμενον
1509 387 1693 442 πᾶσαν
1746 386 1837 441 καὶ

124 487 215 526 (630)
235 473 504 525 παντοίαν
543 473 750 540 σοφίαν
791 470 1206 539 ἐπικαλεῖσθαι,
1247 471 1359 524 τῶν
1401 468 1461 524 δὲ
1503 466 1688 525 αὐτῶν
1716 467 1838 526 τού-

232 576 345 610 των
373 550 553 608 ὄντων
586 553 644 608 ἐν
674 547 784 628 ὅλῳ
814 573 873 607 τε
904 548 1125 628 οὐρανῷ
1166 553 1258 608 καὶ
1292 550 1427 608 κατὰ
1450 550 1659 624 μεγάλα
1682 555 1838 627 μέρη,
1870 574 1905 630 15

232 638 327 693 καὶ
357 637 579 708 προσέτι
611 638 797 692 καλῶν
827 637 919 692 καὶ
953 638 1286 710 εἰλικρινῶν,
1319 639 1380 693 έν
1402 635 1613 704 τούτοις
1645 637 1708 694 δὲ
1738 634 1840 694 οὐκ

233 718 339 794 ἄρα
369 722 794 793 μεμηχανῆσθαι
833 717 934 792 τὴν
973 726 1085 778 τῶν
1123 725 1432 778 καλλίστων
1462 723 1554 778 καὶ
1584 719 1842 794 τιμιωτά-

232 829 345 862 των
379 803 567 877 φύσιν.
1157 877 1162 881 ,

352 887 497 946 Ἀλλ’
536 885 793 961 οὐδαμῶς
823 886 982 945 τοῦτό
1012 886 1063 959 γ’
1102 884 1171 946 ἄν
1202 887 1367 961 λόγον
1398 894 1524 962 ἔχοι.

358 977 441 1029 47.
494 968 718 1030 Οὐκοῦν
750 977 802 1028 εἰ
827 970 902 1045 μὴ
933 977 1114 1044 τοῦτο,
1146 970 1266 1046 μετ’
1302 976 1519 1030 ἐκείνου
1544 978 1643 1030 τοῦ
1673 972 1839 1045 λόγου
1864 996 1904 1028 10

231 1053 302 1114 ἂν
333 1054 589 1157 ε’πόμενοι
619 1058 837 1128 βέλτιον
867 1057 1148 1129 λέγοιμεν,
1192 1080 1264 1123 ως
1295 1063 1470 1130 ἔστιν,
1513 1081 1547 1113 α
1577 1056 1840 1124 πολλακις

231 1139 559 1214 εἰρήκαμεν,
601 1137 831 1214 απειρόν
868 1165 927 1198 τε
968 1142 1027 1199 ἐν
1067 1144 1143 1217 τῷ
1176 1144 1343 1199 παντὶ
1373 1140 1515 1199 πολὺ
1548 1143 1640 1198 καὶ
1671 1143 1839 1214 πέρας

231 1229 444 1298 ικανον,
479 1232 574 1282 καί
602 1249 681 1290 τις
714 1222 796 1281 ἐπ’
835 1223 1022 1291 αὐτοις
1055 1231 1203 1283 αἰτία
1233 1223 1298 1282 οὐ
1323 1224 1530 1299 φαύλη,
1557 1225 1840 1299 κοσμοῦσά

230 1333 290 1366 τε
331 1311 421 1366 καὶ
463 1307 842 1366 συνταττουσα
885 1307 1170 1376 ἐνιαυτούς
1209 1311 1301 1366 καὶ
1343 1307 1490 1384 ω’ρας
1521 1312 1612 1367 καὶ
1641 1312 1838 1384 μῆνας,

183 1416 204 1448 b
229 1400 401 1466 σοφία
431 1395 523 1450 καὶ
553 1399 684 1459 νοῦς
715 1396 982 1466 λεγομένη
1015 1392 1346 1452 δικαιότατα.
1862 1416 1902 1448 15

356 1476 691 1536 Δικαιότατα
725 1480 877 1550 δῆτα.

353 1567 436 1619 48.
486 1568 673 1635 Σοφία
702 1559 813 1635 μὴν
844 1564 936 1618 καὶ
966 1565 1098 1628 νοῦς
1121 1559 1258 1619 ἄνευ
1283 1566 1461 1636 ψυχῆς
1486 1560 1589 1620 οὐκ
1615 1559 1685 1620 ἅν
1708 1585 1840 1620 ποτε

228 1654 548 1720 γενοίσθην.

359 1727 442 1788 Ού
479 1728 585 1804 γὰρ
626 1721 742 1787 οῦν.

359 1813 580 1871 Οὐκοῦν
622 1816 681 1870 ἐν
722 1813 823 1885 μὲν
853 1815 922 1886 τῇ
951 1816 1050 1870 τοῦ
1081 1807 1217 1879 Διὸς
1250 1816 1390 1886 ἐρεῖς
1420 1811 1589 1886 φύσει
1620 1819 1836 1885 βασιλι-
1860 1838 1902 1869 20

226 1895 331 1970 κὴν
371 1898 473 1971 μὲν
513 1896 723 1970 ψυχὴν,
767 1895 1054 1967 βασιλικὸν
1095 1898 1155 1954 δὲ
1202 1901 1340 1954 νοῦν
1382 1899 1702 1970 ἐγγίνεσθαι
1746 1897 1836 1956 δια

225 1979 329 2053 τὴν
366 1985 460 2054 τῆς
502 1987 678 2046 αἰτίας
721 1978 991 2054 δύναμιν,
1044 1983 1103 2037 ἐν
1149 1982 1210 2038 δὲ
1261 1979 1444 2048 ἅλλοις
1484 1979 1623 2039 ἄλλα
1675 1981 1834 2056 καλοὶ,

226 2064 423 2123 καθότι
454 2072 619 2139 φίλον
650 2063 894 2131 ἑκάστοις
925 2061 1244 2140 λέγεσθαι.4”

183 2181 202 2203 e
353 2161 450 2209 LlI.
522 2145 551 2168 “
576 2147 685 2207 Τὸν
737 2146 791 2205 δ’
849 2147 1159 2222 ἡγούμενον
1197 2149 1299 2223 μὲν
1338 2147 1508 2216 θεούς
1550 2149 1718 2221 εἶναι,
1761 2148 1834 2223 μὴ

224 2239 536 2307 φροντίζειν
577 2233 638 2290 δὲ
679 2230 882 2299 αὐτοὺς
919 2237 1031 2290 τῶν
1061 2231 1441 2308 ἀνθρωπίνων
1470 2233 1827 2308 πραγμάτων,
1854 2258 1896 2290 25

224 2318 671 2391 παραμυθητέον.
746 2308 790 2374 ὦ
829 2315 1016 2391 ἄριστε
1059 2318 1154 2391 δὴ,
1198 2322 1420 2391 φῶμεν,
1463 2315 1544 2375 ὅτι
1583 2318 1687 2390 μὲν
1726 2314 1832 2391 ἡγῇ

223 2400 413 2473 θεοὺς,
447 2399 741 2473 συγγένειά
770 2425 851 2468 τις
883 2411 1014 2469 ἴσως
1045 2419 1107 2458 σε
1136 2408 1266 2459 θεία
1296 2401 1432 2476 πρὸς
1457 2400 1516 2459 τὸ
1548 2400 1834 2475 ξύμφυτον

224 2481 345 2556 ἄγει
385 2487 548 2556 τιμᾶν
590 2486 681 2540 καὶ
713 2491 953 2557 νομίζειν
986 2484 1153 2542 εἶναι·
1203 2489 1389 2543 κακῶν
1422 2487 1481 2543 δὲ
1512 2483 1834 2559 ἀνθρώπων

178 2591 200 2622 d
225 2570 317 2625 καὶ
347 2566 560 2624 ἀδίκων
589 2565 749 2641 τύχαι
783 2574 897 2644 ἰδίᾳ
928 2571 1020 2626 καὶ
1052 2575 1308 2646 δημοσία,
1339 2567 1578 2644 ἀληθείᾳ
1606 2570 1709 2641 μὲν
1729 2567 1832 2626 οὐκ

225 2650 568 2724 εὐδαίμονες,
595 2650 776 2719 δόξαις
809 2653 870 2709 δὲ
902 2652 1412 2726 εὐδαιμονιζόμεναι
1442 2652 1678 2725 σφόδρα,
1704 2649 1828 2709 ἀλλ’
1854 2675 1895 2708 30

335 2846 388 2886 23
423 2836 519 2886 Τὸν
552 2837 597 2885 δ’
631 2837 898 2898 ἡγούμενον
934 2843 1002 2897 —-]
1033 2845 1168 2886 Plato
1199 2846 1309 2898 Leg.
1344 2847 1407 2888 10.
1444 2859 1484 2898 p.
1516 2846 1612 2886 899.
