2014 3146
283 122 385 175 356
966 122 1212 163 EUSEBII

174 264 264 307 (805)
285 239 390 313 ἀὴρ
423 235 453 310 ἢ
485 239 621 311 πῦρ·
671 244 723 296 εἰ
754 239 813 295 δὲ
845 236 1115 311 σκληρὸν,
1156 234 1312 313 ὕδωρ
1344 235 1377 311 ἢ
1415 243 1509 312 γῆ·
1556 242 1647 296 καὶ
1677 242 1894 314 κοῦφον

284 325 397 397 μὲν,
417 324 508 379 καὶ
539 319 763 396 ἀραιὸν,
795 319 914 381 οἷον
945 325 1056 394 πῦρ
1098 324 1190 379 καὶ
1219 321 1352 396 ἀήρ·
1400 322 1547 397 βαρὺ
1578 325 1640 381 δὲ
1669 327 1761 382 καὶ
1791 349 1892 382 πυ-

285 407 450 478 κνὸν,
481 405 637 480 ὕδωρ
668 409 759 464 καὶ
790 407 912 479 γῆ.)
955 409 1046 463 καὶ
1090 409 1149 463 ἐκ
1187 410 1300 464 τῶν
1339 404 1526 464 ἄλλων
1571 409 1631 464 δὲ
1660 405 1894 466 ἁπασῶν

284 498 396 548 τῶν
425 490 618 549 ἁπλῶν
651 490 948 564 δυνάμεων
988 490 1414 549 κατανοούντων
1456 491 1528 558 ὡς
1568 491 1672 549 οὐκ
1701 488 1772 551 ἂν
1810 504 1893 565 εἴη

286 573 434 650 παρά
463 574 635 632 ταῦτά
651 600 700 632 τι
726 580 885 649 σῶμα
911 578 1099 650 ἕτερον
1116 592 1126 601 ’
1173 567 1331 642 οὗτος
1356 575 1686 634 ἀνθίσταται
1708 577 1892 650 μόνος,
1917 602 1937 634 5

284 659 519 733 φάσκων
551 658 834 719 δύνασθαι
865 663 1022 735 σῶμα
1054 660 1197 718 εἶναι
1221 659 1434 719 τούτων
1451 659 1705 735 ἄμοιρον·
1739 666 1893 734 σῶμα

288 746 347 802 δὲ
386 742 522 817 μήτε
563 743 736 819 βαρύ,
782 744 916 819 μήτε
965 749 1211 818 κοῦφον,
1263 744 1398 818 μήτε
1437 744 1712 819 μαλακὸν,
1762 745 1895 819 μήτε

286 827 559 902 σκληρὸν,
600 829 736 902 μήτε
765 829 969 903 ὑγρὸν,
1012 828 1152 886 ἄλλα
1182 829 1316 902 μήτε
1356 828 1551 902 ξηρὸν,
1597 832 1894 903 μονονουχὶ

285 917 463 986 λέγων
493 918 648 986 σῶμα
678 913 745 971 οὐ
778 918 946 988 σῶμα.
1025 908 1084 970 τὸ
1115 916 1217 987 μὲν
1247 914 1350 987 γὰρ
1382 913 1555 988 ὄνομα
1587 916 1896 972 καταλέλοι-

285 1020 389 1054 πεν
421 994 599 1075 αὐτῷ,
631 996 726 1065 τὰς
761 999 822 1055 δὲ
848 997 1138 1071 δυνάμεις,
1172 998 1244 1055 δι’
1277 991 1355 1056 ὧν
1386 1002 1541 1072 σῶμα
1565 1000 1780 1072 πέφυκε
1810 1006 1892 1070 715-
1920 1025 1960 1056 ιο

242 1100 262 1132 b
287 1092 516 1153 νεσθαι,
558 1081 734 1150 πάσας
774 1081 1079 1156 ἀφῄρηκεν.
1163 1087 1210 1138 3.
1254 1081 1287 1155 ἢ
1328 1090 1521 1140 τοίνυν
1565 1079 1704 1156 ἡμᾶς
1756 1080 1896 1157 ἅπερ

287 1165 453 1232 αὐτὸς
485 1168 631 1239 λέγει
663 1173 882 1224 πείθων
912 1166 1279 1241 ἀφαιρήσεται
1309 1171 1403 1238 τῆς
1427 1166 1727 1234 Πλάτωνος
1757 1166 1897 1239 γνώ-

264 1273 409 1324 μης,
441 1247 474 1323 ἢ
504 1250 570 1307 τὰ
594 1250 893 1318 Πλάτωνος
916 1250 1313 1324 βεβαιούμενος
1343 1255 1455 1308 τῶν
1479 1251 1627 1327 αὐτῷ
1660 1250 1899 1309 δοκούν-

286 1358 398 1392 των
438 1331 832 1408 ἀποστήσεται·
894 1334 1034 1394 ω’στε
1087 1335 1305 1410 οὐδαμῆ
1355 1335 1618 1410 χρήσιμος
1658 1334 1795 1410 πρὸς
1833 1361 1899 1393 τα

288 1423 387 1476 τοῦ
419 1418 733 1487 Πλάτωνος.
795 1424 843 1478 4.
880 1426 958 1477 ἔτι
999 1417 1027 1477 ὁ
1059 1422 1162 1494 μὲν
1205 1419 1441 1478 Πλάτων
1481 1419 1662 1478 πάντα
1691 1444 1757 1477 τα
1787 1419 1898 1478 σω’-
1920 1444 1961 1476 15

286 1529 456 1577 ματα,
499 1501 592 1562 άτε
634 1507 721 1561 ἐπὶ
763 1509 890 1578 μιᾶς
930 1501 1120 1578 ὁμοίας
1154 1504 1291 1577 ὕλης
1333 1504 1729 1579 θεωρούμενα,
1762 1503 1900 1577 βού-
1949 1568 1957 1576 1

287 1597 436 1645 λεται
466 1591 770 1662 τρέπεσθαι
800 1589 1166 1662 μεταβάλλειν
1189 1590 1237 1646 τ’
1278 1596 1353 1656 εἰς
1379 1588 1613 1662 ἄλληλα·
1661 1588 1690 1646 ὁ
1723 1590 1784 1646 δὲ
1809 1591 1897 1645 ἐπὶ

287 1674 388 1745 μὲν
426 1676 538 1730 τῶν
580 1671 766 1731 ἄλλων
795 1672 996 1731 οὐσίαν
1035 1673 1229 1746 ἀπαθῆ
1259 1697 1319 1730 τε
1349 1676 1441 1731 καὶ
1473 1672 1767 1746 ἄφθαρτον
1805 1675 1896 1730 καὶ

287 1755 558 1830 ἄτρεπτον
597 1756 817 1824 πάντως
855 1754 1024 1830 ἀξιοῖ,
1070 1763 1164 1815 ἵνα
1196 1757 1264 1830 δὴ
1296 1756 1369 1831 μὴ
1411 1755 1896 1831 εὐκαταφρονήτου

287 1840 434 1906 τινὸς
466 1839 781 1914 πράγματος
810 1841 1079 1914 γεννητὴς
1113 1842 1254 1899 εἶναι
1287 1846 1451 1914 δοκῇ,
1508 1839 1762 1915 περιττὸν
1792 1842 1895 1914 μὲν
1919 1866 1960 1897 20

242 1959 259 1981 c
292 1927 384 1981 καὶ
416 1931 561 1981 ἴδιον
601 1924 917 1982 παντάπασι
961 1928 1138 1998 λέγων
1167 1925 1363 1998 οὐδὲν,
1407 1924 1472 1982 τά
1506 1926 1566 1982 δὲ
1609 1921 1716 1982 ὑπὸ
1747 1924 1896 1982 Πλά-

289 2033 461 2075 τωνος
494 2007 576 2065 ἐπ’
615 2008 800 2067 ἄλλων
833 2012 1117 2084 ἑωραμένα
1148 2015 1327 2077 καλῶς
1356 2014 1683 2083 μεταφέρων
1716 2012 1804 2066 ε’πὶ
1834 2008 1899 2066 τὰ

289 2091 363 2166 μὴ
395 2092 771 2167 προσήκοντα,
805 2095 1060 2169 καθάπερ
1091 2096 1235 2161 τινες
1264 2100 1376 2152 τῶν
1403 2092 1640 2167 ὕστερον
1670 2118 1833 2167 γενομ
1845 2097 1899 2150 έ-

223 2203 226 2206 ’
289 2202 407 2235 νων
436 2175 930 2250 ἀνδριαντοποιῶν.
1001 2184 1048 2236 5.
1083 2183 1292 2237 ἐκεῖνοί
1315 2202 1374 2236 τε
1413 2177 1518 2253 γάρ
1549 2177 1898 2252 ἀπομιμησά-

290 2285 446 2334 μενοι
477 2265 641 2319 τοῦδε
670 2267 769 2320 τοῦ
799 2260 1002 2336 ἀνδρὸς
1033 2263 1312 2337 κεφαλὴν,
1354 2262 1526 2320 ἄλλου
1557 2264 1618 2320 δὲ
1648 2262 1708 2319 τὸ
1740 2266 1897 2338 στέρτ
1920 2285 1961 2318 25

290 2371 410 2417 νον,
443 2349 632 2420 ἑτέρου
658 2348 717 2403 δε
741 2346 842 2419 τὴν
866 2346 1062 2421 ζώνην,
1083 2354 1159 2415 εἰς
1173 2346 1376 2405 ταυτὸν
1394 2350 1698 2413 συνθέντες
1725 2351 1899 2404 ἐνίοτε

291 2429 364 2502 μὴ
409 2429 759 2503 προσήκοντα
799 2431 1090 2507 πράγματα
1128 2431 1383 2540 ἀλληλοις
1429 2438 1655 2489 ἔπεισαν
1699 2429 1897 2497 αυτούς

293 2511 364 2579 ὥς
395 2539 446 2570 τι
477 2515 833 2587 πεποιηκότες
876 2521 1045 2574 ἰῃδιον
1102 2518 1195 2573 καὶ
1234 2515 1405 2583 όντως
1445 2515 1505 2573 τὸ
1544 2540 1646 2589 μεν
1676 2513 1834 2586 ολον,

293 2597 363 2669 δή
394 2622 473 2664 τις
504 2593 574 2655 ἂν
604 2596 963 2674 άσυμμέτρως
989 2608 1135 2674 ἔχειν
1158 2599 1478 2673 αἰτιάσαιτο,
1513 2602 1663 2657 ἐστὶν
1692 2596 1895 2670 αὐτων,

247 2682 358 2738 ὶτὰ
392 2681 440 2738 ὃ
494 2686 554 2739 ἐν
595 2680 743 2759 αυτῷ
784 2687 1232 2758 συνηρανισμένα
1272 2692 1369 2742 καί
1401 2709 1454 2742 τι
1494 2683 1664 2741 καλὸν
1704 2689 1896 2756 ἔχοντα
1919 2706 1960 2738 30

292 2765 394 2823 οὐκ
425 2763 626 2823 αὐτῶν.
689 2773 735 2824 6.
772 2767 1033 2835 ὡσαύτως
1065 2771 1128 2826 δὲ
1158 2772 1249 2826 καὶ
1275 2767 1646 2843 Ἀριστοτέλης
1676 2764 1896 2824 άκούων

298 2850 591 2918 Πλάτωνος
620 2849 703 2908 ὅτι
735 2855 854 2909 ἐστί
878 2877 958 2919 τις
988 2851 1150 2910 οὐσία
1179 2853 1346 2927 νοητὴ
1377 2850 1509 2910 καθ’
1544 2848 1720 2924 αὐτὴν
1749 2849 1897 2908 ἀσώ-
