2014 3146
541 122 753 166 PRAEF.
778 122 1001 164 EVANG.
1026 122 1240 164 X111.21.
1263 122 1383 163 XIV.
1404 124 1443 164 1.
1701 121 1804 174 253

189 237 321 305 θεός
364 257 466 296 σου
508 241 567 295 ἐν
607 239 772 296 παντὶ
819 244 964 314 ἔργῳ
1007 239 1119 295 τῶν
1159 241 1359 311 χειρῶν
1402 257 1519 295 σου.
1597 237 1695 295 ἐὰν
1741 239 1802 295 δὲ

194 321 604 396 ἐλαιολογήσῃς,
650 320 753 380 οὐκ
796 325 1228 397 ἐπαναστρέφεις
1275 321 1706 396 καλαμήσασθαι
1736 321 1801 379 τά
1822 346 1914 388 (714)

190 405 368 465 ὀπίσω
400 423 527 464 σου·
588 411 662 483 τῷ
695 405 1024 479 προσηλύτω
1074 401 1165 464 καὶ
1209 410 1287 483 τῷ
1329 406 1558 484 ὀρφανῷ
1604 410 1696 464 καὶ
1735 412 1802 481 τῇ

192 491 332 567 χήρα
365 497 530 549 ἔσται.
574 490 671 549 ε’ἀν
704 492 763 548 δὲ
793 490 1074 566 τρυγήσῃς
1104 489 1201 548 τὸν
1224 490 1523 565 ἀμπελῶνα
1546 509 1667 563 σου,
1700 490 1803 550 οὐκ

145 602 168 633 5
195 574 664 651 ἐπανατρυγήσεις
706 576 771 632 τά
810 573 988 678 ὀπίσω
1028 592 1155 633 σου·
1225 579 1303 652 τῷ
1341 573 1669 653 προσηλύτςῡ
1710 578 1804 634 καὶ

189 665 254 735 τῇ
288 659 429 736 χήρα
461 666 611 717 ἔσται
649 659 849 718 ταῦτα’

321 749 399 802 14.
447 747 556 802 Καὶ
587 749 760 801 ταῦτα
789 768 891 818 μεν
925 743 991 801 τά
1022 743 1170 816 παρὰ
1202 753 1416 802 Μωσεϊ.
1473 750 1612 817 δῆλα
1646 747 1706 802 δὲ
1736 744 1802 802 τά

190 827 490 895 Πλάτωνος
530 832 591 886 ἐν
630 826 712 896 οἷς
751 834 923 929 μυρία
966 827 1146 900 εὕροις
1186 823 1256 885 ἀν
1295 827 1668 901 ἀνεπίληπτα,
1724 832 1802 887 ὠν

193 913 261 986 δὴ
292 911 526 986 μάλιστα
565 916 678 969 τῶν
719 910 853 1013 παρ’
900 909 1050 988 αυτῷ
1091 909 1157 969 τά
1200 912 1374 986 σεμνὰ
1415 915 1507 969 καὶ
1539 912 1801 988 κράτιστα

124 1023 167 1055 10
190 994 587 1070 ἀποδεχόμενοι
619 1010 732 1064 τοῖς
757 995 831 1070 μὴ
866 996 1131 1063 τοιούτοις
1154 995 1336 1070 μακρά
1359 1003 1573 1071 χαίρειν
1597 1002 1796 1071 φαμέν.

189 1080 330 1139 ἀλλὰ
359 1081 464 1156 γὰρ
504 1080 718 1139 τούτων
758 1083 868 1138 ὦδε
900 1084 1382 1155 ὃιεξωὸευμένων,
1426 1081 1801 1155 ἀποδοθείσης

187 1189 246 1223 τε
277 1172 454 1233 αἰτίας
487 1163 562 1223 δι’
595 1163 667 1239 ἣν
697 1165 762 1224 οὐ
795 1165 931 1223 κατὰ
957 1165 1232 1224 Πλάτωνα
1263 1174 1595 1239 φιλοσοφεῖν
1628 1166 1803 1239 ἐγνώ-

189 1274 390 1324 καμεν,
425 1249 542 1324 ὥρα
571 1254 664 1308 καὶ
693 1250 759 1308 τά
789 1255 882 1325 τῆς
913 1256 1107 1323 λοιπῆς
1139 1249 1491 1324 ὑποσχέσεως
1524 1257 1601 1319 εἰς
1632 1254 1800 1325 πέρας

189 1333 450 1408 ἀγαγεῖν,
503 1338 594 1392 καὶ
633 1335 727 1403 wig
767 1359 830 1408 γε
873 1334 1041 1402 ἄλλας
1085 1337 1321 1408 αἱρέσεις
1361 1339 1455 1408 τῆς
1480 1334 1801 1410 Ἑλληνικῆς

126 1445 167 1477 15
194 1423 570 1493 ἐπιθεωρῆσαι
600 1426 947 1493 φιλοσοφίας.

125 1867 168 1899 20
478 1909 735 1951 BIBAION
766 1909 1506 1951 ΤΕΣΣΑΡΕΣΚΑΙΔΕΚΑΤΟΝ.

814 2002 1149 2039 ΠΡΟΟΙΜΙΟΝ.
1820 1994 1912 2079 {Eg}

317 2107 353 2158 Ι.
396 2093 536 2152 Ὅσα
576 2095 676 2168 μὲν
720 2100 898 2152 εἰπεῖν
943 2119 1002 2152 τε
1042 2096 1135 2151 καὶ
1166 2092 1397 2152 ἀκοῦσαι
1428 2086 1499 2167 ἦν
1531 2091 1674 2167 ἀμφὶ
1704 2098 1801 2167 τῆς

191 2177 327 2236 κατὰ
367 2178 643 2238 Πλάτωνα
682 2185 1015 2251 φιλοσοφίας
1053 2181 1148 2249 τῆς
1188 2202 1247 2235 τε
1297 2177 1496 2235 τούτου
1549 2176 1684 2251 πρὸς
1735 2176 1801 2235 τοὶ

130 2289 171 2320 25
186 2262 460 2335 Εβραίων
499 2261 656 2335 λόγια
687 2268 1035 2347 συμφωνίας,
1068 2260 1133 2318 δι’
1178 2259 1247 2334 ἢν
1286 2261 1382 2319 τὸν
1421 2260 1602 2336 ἄνδρα
1632 2286 1802 2319 κατα-

192 2346 577 2447 πεπλήγμεθα,
609 2348 702 2403 καὶ
746 2348 818 2403 αὐ
848 2345 1016 2404 πάλιν
1044 2350 1140 2415 τῆς
1171 2344 1305 2421 πρὸς
1343 2344 1545 2413 αὐτοὺς
1586 2352 1847 2420 ὃιαφω-ι)

191 2437 336 2503 νίας,
369 2429 433 2488 δι’
468 2455 539 2503 ην
568 2429 672 2488 οὐκ
702 2428 772 2487 ἀν
802 2454 881 2496 τις
912 2428 1082 2488 αὐτὸν
1113 2432 1175 2488 εὐ
1205 2455 1432 2505 φρονων
1454 2429 1798 2504 ἀποδέξαιτο,

194 2513 439 2573 διελθων
481 2519 541 2572 ἐν
570 2518 647 2592 τῷ
677 2514 782 2588 πρὸ
811 2514 1029 2587 τούτου,
1061 2517 1271 2589 μέτειμι
1301 2519 1408 2573 νῦν
1439 2518 1528 2572 ἐπὶ
1557 2515 1652 2582 τὰς
1691 2524 1800 2572 λοι-

194 2622 300 2667 πας
332 2601 572 2672 αἱρέσεις
615 2623 728 2661 των
758 2597 889 2674 παρ’
923 2597 1195 2700 ἘλλησινμἸ
1223 2603 1310 2657 ἐπὶ
1341 2606 1645 2675 φιλοσοφία
1682 2605 1799 2656 δια-

130 2708 172 2741 30
196 2685 536 2758 βοηθέντων.
608 2688 655 2740 52.
713 2686 805 2740 καὶ
857 2683 1070 2741 τούτων
1122 2685 1193 2741 αὐ
1245 2683 1412 2742 πάλιν
1462 2683 1558 2741 τὸν
1599 2687 1659 2740 ἐκ
1703 2688 1799 2756 τῆς

194 2766 462 2841 ἀληθείας
492 2766 723 2825 ὄλισθον
753 2766 855 2824 οὐκ
886 2766 1048 2835 αὐτὸς
1079 2767 1215 2826 οὐδε
1245 2768 1374 2842 παρ’
1413 2772 1670 2842 ἐμαυτοῦ,
1707 2766 1799 2824 διὰ

197 2853 258 2909 δὲ
287 2855 383 2925 τῆς
413 2851 599 2910 αὐτῶν
629 2850 796 2909 πάλιν
825 2857 939 2910 τῶν
969 2850 1304 2927 Ἑλληνικῶν
1346 2856 1554 2926 φωνῶν
1593 2875 1799 2926 μαρτυ-
