2014 3146
279 140 348 192 46
949 141 1195 182 EUSEBII

408 262 454 314 6.
490 259 825 330 Σαφέστατα
857 255 948 313 διὰ
977 253 1190 313 τούτων
1219 255 1285 313 οὐ
1315 255 1488 330 μόνον
1515 257 1576 314 τὸ
1615 257 1886 330 γινώσκε-

281 352 417 399 σθαι
453 356 573 407 ταῖς
603 354 826 414 νοηταῖς
857 337 1095 412 οὐσίαις,
1138 337 1276 396 ἄλλα
1315 344 1406 397 καὶ
1438 341 1496 398 τὸ
1529 341 1679 399 εἷναί
1702 367 1761 400 τε
1791 346 1883 400 καὶ

279 424 380 497 τὴν
404 423 602 484 οῦσιάν
631 432 776 497 ἔχειν
799 425 947 498 παρὰ
969 428 1066 482 τοῦ
1087 422 1326 496 ἀγαθοῦ,
1361 424 1573 499 δηλαδὴ
1596 431 1694 484 τοῦ
1723 431 1881 500 θεοῦ,

278 512 451 582 φησὶν
493 508 521 566 ὁ
553 508 820 567 Πλάτων’
868 506 927 566 τό
969 532 1029 565 τε
1070 506 1289 580 ἀγαθὸν
1327 505 1438 582 “μὴ
1482 510 1623 567 εἶναι
1663 508 1882 585 οὐσίαν,

277 591 397 650 ἀλλ’
449 596 702 651 ἐπέκεινα
751 599 849 666 τῆς
892 590 1118 697 οὐσίας,
1179 600 1449 670 πρεσβείᾳ
1500 597 1593 651 καὶ
1650 595 1884 668 δυνάμει
1907 621 1927 652 5

277 676 575 784 ὑπερέχον·
566 675 615 703 ·”
669 676 808 734 ὥστε
837 677 912 751 μὴ
943 674 1209 751 ὁμοούσια
1242 676 1382 734 αὐτα
1412 684 1703 751 τίθεσθαι,
1747 677 1885 736 ἀλλὰ

276 763 416 835 μηδε
446 762 720 845 ἀγέννητα
751 769 1020 835 νομίζειν,
1056 761 1139 819 ότι
1173 761 1241 835 δὴ
1273 765 1364 819 καὶ
1394 761 1452 819 τὸ
1487 763 1631 820 εἶναι
1661 766 1754 820 καὶ
1783 762 1887 836 τὴν

276 845 474 904 οὐσίαν
508 855 701 919 εἴληφε
732 845 880 920 παρὰ
910 850 1010 904 τοῦ
1038 844 1112 919 μὴ
1143 845 1300 914 ὄντος
1330 844 1552 919 οὐσίας,
1600 844 1720 904 ἄλλ’
1759 850 1882 906 ἐπέ-

162 952 257 993 (543)
277 955 433 989 κεινα
473 929 665 997 οὐσίας
696 937 964 1007 πρεσβεία
995 934 1087 987 καὶ
1119 930 1353 1004 δυνάμει
1382 930 1772 1033 ὑπερέχοντος
1819 930 1885 990 ὃν

277 1015 346 1088 δὴ
388 1018 478 1072 καὶ
521 1015 694 1088 μόνον
735 1015 957 1083 εἰκότως
996 1015 1136 1072 θεὸν
1165 1040 1231 1072 τα
1253 1015 1527 1089 Ἐβραίων
1557 1013 1882 1090 ἀναγορεύει
1906 1042 1946 1074 10

274 1099 462 1173 λόγια,
507 1095 634 1166 ὡς
610 1097 680 1157 άν
710 1114 824 1167 τοῖς
855 1104 1024 1156 πᾶσιν
1056 1109 1234 1157 αἴτιον
1263 1098 1412 1158 όντα.
1506 1106 1549 1157 7.
1585 1125 1650 1156 τα
1682 1099 1750 1173 δὴ
1782 1102 1884 1159 οῦν

274 1183 408 1256 μήτε
448 1182 507 1241 τὸ
551 1184 694 1241 εἶναι
724 1183 858 1256 μήτε
889 1183 991 1255 τὴν
1026 1182 1226 1241 οὐσίαν
1255 1183 1385 1258 παρ’
1424 1186 1640 1241 ἑαυτῶν
1671 1191 1883 1257 ἔχοντα,

273 1267 412 1325 ἄλλα
443 1269 583 1341 μηδε
612 1272 708 1339 τῆς
737 1267 989 1368 τάγαθοῦ
1019 1267 1241 1340 φύσεως
1271 1267 1422 1336 ὄντα,
1455 1265 1522 1324 οῦ
1557 1267 1624 1340 δὴ
1653 1266 1885 1342 εὔλογον

271 1352 442 1418 θεοὺς
473 1349 764 1425 ἡγεῖσθαι,
808 1350 890 1418 οἷς
919 1351 992 1425 μὴ
1023 1351 1191 1425 φύσει
1221 1351 1280 1409 τὸ
1311 1350 1530 1424 ἀγαθὸν
1559 1351 1882 1426 πρόσεστιν

275 1438 360 1494 ἑνὶ
393 1437 497 1509 γὰρ
528 1441 690 1494 τοῦτο
721 1436 873 1513 μόνω
905 1439 998 1493 καὶ
1028 1434 1220 1493 οῦδενι
1249 1435 1397 1493 άλλω
1428 1434 1764 1510 ἀναθετέον,
1806 1441 1884 1514 τῷ
1906 1461 1946 1493 15

271 1520 423 1597 μόνῳ
458 1518 684 1597 ἀγαθῷ,
717 1517 748 1576 ὃ
779 1521 847 1592 δὴ
878 1523 969 1577 καὶ
994 1516 1288 1577 “ἐπέκεινα
1318 1519 1497 1592 πάσης
1528 1519 1719 1588 οὐσίας
1749 1544 1884 1595 πρε-

272 1611 434 1680 σβεία
464 1628 522 1661 τε
552 1607 644 1660 καὶ
677 1603 911 1677 δυνάμει
940 1601 1250 1678 ῦπερέχον”
1297 1612 1628 1678 θαυμασίως
1667 1606 1696 1662 ὁ
1727 1604 1885 1663 Πλά-

225 1710 246 1742 b
272 1712 384 1745 των
425 1685 767 1762 ἀνεφώνησε.
829 1688 997 1746 πάλιν
1040 1689 1102 1745 δὲ
1142 1691 1235 1746 καὶ
1265 1687 1294 1746 ὁ
1327 1688 1647 1762 Νουμήνιος
1680 1693 1740 1747 ἐν
1768 1704 1882 1756 τοῖς

272 1775 416 1845 Περὶ
457 1771 737 1845 τάγαθοῦ,
789 1771 891 1845 τὴν
932 1776 1031 1830 τοῦ
1073 1773 1374 1840 Πλάτωνος
1417 1773 1671 1831 διάνοιαν
1714 1776 1883 1847 ἑρμη-

269 1856 471 1929 νεύων,
503 1860 699 1914 τοῦτον
731 1859 955 1924 διέξεισι
984 1857 1082 1914 τὸν
1110 1856 1317 1931 τρόπον
1900 1884 1941 1915 20

397 1951 543 2001 XXII.
586 1939 712 1998 “Ta
751 1965 853 2013 μεν
893 1943 994 1998 οὐν
1033 1941 1256 2014 σώματα
1296 1948 1490 2013 λαβεῖν
1519 1938 1655 2014 ἡμῖν
1686 1929 1878 2014 έξεστι,

271 2028 697 2099 σημαινομένοις
738 2032 798 2083 ἐκ
837 2050 896 2082 τε
933 2024 1141 2098 ὁμοίων
1171 2022 1278 2082 άπό
1308 2050 1366 2082 τε
1394 2049 1507 2082 των
1539 2030 1600 2082 ἐν
1628 2039 1741 2092 τοῖς
1772 2049 1881 2083 πα-

228 2142 244 2163 c
272 2113 614 2183 ρακειμένοις
653 2108 1053 2183 γνωρισμάτων
1085 2109 1351 2167 ἐνόντων·
1411 2107 1660 2181 τάγαθὸν
1691 2110 1752 2166 δὲ
1782 2107 1875 2167 οῦ-

274 2192 432 2261 δενός
465 2197 522 2250 ἐκ
553 2196 962 2269 παρακειμένου
994 2191 1110 2251 οὐδ’
1142 2185 1211 2250 αῦ
1241 2191 1348 2251 άπὸ
1379 2192 1572 2266 ὁμοίου
1604 2197 1878 2266 αἰσθητοῦ

272 2285 387 2334 ἔστι
418 2284 612 2348 λαβεῖν
642 2277 858 2351 μηχανή
888 2303 968 2344 τις
999 2277 1259 2352 οὐδεμία·
1318 2275 1456 2334 άλλά
1501 2277 1713 2351 δεήσει,
1756 2275 1876 2335 οἷον
1899 2304 1940 2335 25

271 2370 327 2417 εἴ
359 2384 439 2426 τις
483 2364 570 2417 ἐπὶ
603 2365 782 2435 σκοπῇ
811 2362 1155 2435 καθήμενος,
1203 2366 1346 2420 ναῦν
1377 2358 1578 2419 ἁλιάδα
1609 2361 1878 2436 βραχεῖάν

268 2468 393 2501 τινα
423 2443 635 2501 τούτων
664 2449 777 2501 τῶν
810 2448 1182 2519 ἐπακτρίδων,
1214 2450 1327 2504 τῶν
1356 2445 1561 2519 μόνων,
1593 2453 1745 2519 μίαν,
1777 2444 1878 2519 μό-

268 2552 404 2600 νην,
453 2534 687 2602 ἔρημον,
740 2536 1093 2601 μετακυμίοις
1135 2533 1399 2601 ἐχομένην
1438 2529 1535 2597 ὀξὺ
1578 2528 1872 2601 δεδορκώς,

231 2643 234 2646 ’
269 2616 366 2687 μιᾷ
398 2616 535 2686 βολῇ
568 2619 786 2669 κατεῖδε
815 2612 917 2684 τὴν
946 2615 1108 2684 ναῦν,
1141 2612 1283 2669 οὕτω
1318 2611 1388 2684 δή
1409 2636 1534 2669 τινα
1557 2610 1874 2669 ἀπελθόντα

269 2695 457 2770 πόρρω
490 2694 597 2752 άπὸ
627 2701 739 2754 τῶν
771 2701 1057 2769 αἰσθητῶν
1086 2695 1343 2769 ὁμιλῆσαι
1373 2699 1451 2772 τῷ
1484 2694 1679 2772 άγαθῷ
1720 2695 1871 2772 μόνῳ
1894 2722 1935 2754 3ο

267 2778 458 2853 μόνον,
493 2786 633 2837 ἔνθα
663 2779 797 2853 μήτε
827 2805 907 2846 τις
939 2779 1237 2853 ἅνθρωπος
1267 2778 1400 2853 μήτε
1427 2804 1480 2836 τι
1504 2783 1641 2856 ζῷον
1666 2782 1871 2853 ἕτερον,

267 2865 406 2937 μηδὲ
438 2867 593 2937 σῶμα
624 2868 763 2937 μέγα
793 2866 932 2937 μηδὲ
963 2863 1222 2939 σμικρὸν,
1263 2862 1401 2921 άλλά
1430 2888 1511 2931 τις
1541 2862 1749 2936 ἅφατος
1780 2865 1871 2920 καὶ
