2014 3146
232 81 258 95 Ο

253 142 325 197 20
927 143 1177 186 EUSEBII

252 258 400 317 ολων
431 265 631 331 αἰτίου,
662 262 756 332 τῆς
786 282 846 316 τε
875 262 973 315 τοῦ
1000 261 1267 333 δευτέρου
1289 266 1601 332 θεολογίας.
1634 261 1726 316 καὶ
1747 262 1860 317 τῶν

253 342 440 402 άλλων
485 347 598 401 τῶν
647 348 866 418 διανοίᾳ
907 340 1051 416 μόνῃ
1092 347 1316 414 ληπτῶν
1353 343 1480 410 τούς
1522 342 1718 415 λόγους
1766 345 1860 401 καὶ

249 427 345 495 τὰς
386 435 630 500 θεωρίας
672 419 735 482 εὖ
779 425 924 499 μάλα
974 428 1066 482 καὶ
1115 425 1356 500 ἀκριβῶς
1412 427 1858 501 περιειλήφασιν,

249 509 321 578 ῶς
362 511 435 584 μὴ
475 509 545 568 ἂν
586 507 852 584 ἁμαρτεῖν
891 509 1020 576 τοὺς
1061 534 1195 582 μετα
1239 514 1412 567 ταῦτα
1461 510 1590 585 παρ’
1633 510 1859 584 Ελλησι

247 594 347 667 τὴν
396 594 609 653 τούτων
659 593 836 667 φύσιν
886 593 1331 667 ἀνηρευνηκότας
1384 593 1719 668 πρεσβύταις
1769 592 1859 652 οἶα
1882 616 1902 649 5

196 701 220 733 d
247 681 551 753 νεωτέρους
582 681 1128 751 κατηκολουθηκέναι
1160 677 1348 751 φάναι.
1444 683 1523 735 10.
1557 681 1730 736 ταῦτα
1759 680 1862 752 μὲν

249 762 318 836 δὴ
359 765 454 820 καὶ
493 765 618 836 περὶ
659 766 755 835 τῆς
795 766 893 819 τοῦ
933 761 1138 829 παντὸς
1182 769 1560 835 φυσιολογίας.
1632 766 1757 836 διχῆ
1800 763 1861 819 δὲ

246 849 338 904 καὶ
377 847 475 904 τὸν
505 849 633 920 περὶ
661 845 877 904 τούτων
910 845 1348 919 διαστειλάμενοι
1388 845 1583 919 λόγον,
1624 845 1722 904 τὸν
1759 847 1862 920 μὲν

245 933 375 1028 περὶ
423 933 536 987 τῶν
585 934 875 1002 αἰσθητῶν
919 928 1021 986 οὐκ
1061 935 1138 996 εἰς
1179 930 1352 1003 ἄκρον
1396 928 1568 1006 ᾤοντο
1613 935 1735 987 δεῖν
1783 936 1860 996 εἰς

243 1038 375 1080 τους
414 1013 653 1081 πολλους
696 1015 979 1087 ἐκφέρειν,
1020 1011 1158 1072 οὐδέ
1192 1037 1256 1086 γε
1284 1038 1380 1080 τας
1411 1020 1590 1080 αἰτίας
1619 1016 1716 1086 τῆς
1746 1019 1860 1071 τῶν
1882 1038 1923 1069 ιο

243 1097 425 1156 όντων
454 1097 676 1170 φύσεως
705 1096 767 1154 τὸ
793 1101 1045 1170 δημῶδες
1069 1100 1286 1198 πλῆθος
1312 1096 1681 1200 ἐκδιδάσκειν,
1713 1097 1860 1170 πλὴν

243 1203 377 1240 οσον
415 1184 487 1254 ἠν
526 1181 835 1254 ἀναγκαῖον
885 1184 1123 1255 εἰδέναι,
1175 1179 1260 1238 ὅτι
1307 1206 1366 1240 τε
1414 1182 1488 1254 μὴ
1537 1179 1861 1255 ἀπηυτομά-

243 1285 422 1324 τισται
462 1264 522 1322 τὸ
564 1288 706 1337 παν,
746 1262 881 1338 μηδ’
918 1269 1036 1337 εἰκῆ
1077 1267 1169 1322 καὶ
1212 1264 1285 1331 ῶς
1325 1273 1519 1339 ἔτυχεν
1560 1268 1612 1334 ἐξ
1652 1262 1859 1339 ἀλόγου

244 1354 422 1424 φορᾶς
451 1345 795 1423 ὑφέστηκεν,
837 1347 1026 1422 ἄγεται
1058 1346 1111 1406 δ’
1145 1345 1250 1422 ὑφ’
1283 1345 1489 1426 ἡνιόχῳ
1520 1355 1660 1407 θεοῦ
1691 1349 1859 1426 λόγῳ,

244 1436 337 1491 καὶ
373 1432 607 1507 δυνάμει
628 1441 839 1506 ,σοφίας
863 1432 1108 1507 ἀρρήτου
1133 1439 1580 1507 διακυβερνᾶται.
1631 1438 1712 1490 11.
1728 1436 1854 1508 περὶ
1880 1458 1920 1490 15

245 1520 306 1576 δὲ
335 1522 448 1575 τῶν
477 1520 724 1590 νοητῶν,
764 1514 848 1574 ὅτι
886 1519 989 1588 μέν
1021 1521 1136 1575 ἐστι
1167 1519 1259 1573 καὶ
1289 1523 1444 1589 τίνα,
1486 1514 1594 1589 ὅπη
1631 1540 1693 1583 ντε
1735 1522 1859 1574 δια-

248 1601 453 1670 τάξεως
486 1608 599 1675 ἒχει
630 1599 919 1674 δυνάμεῶς
949 1624 1009 1657 τε
1039 1602 1132 1657 καὶ
1165 1604 1463 1675 διαφορᾶς,
1507 1611 1718 1675 εἴρηται
1756 1602 1860 1674 μὲν

241 1689 334 1743 καὶ
363 1700 483 1751 ταῖς
514 1690 687 1759 ἱεραῖς
719 1691 935 1757 βίβλοις
968 1687 1461 1758 ἐγκαταβέβληται,
1513 1691 1590 1760 εἰς
1633 1683 1859 1752 ἐξάκου-

135 1792 224 1833 (523)
249 1769 379 1828 στόν
419 1793 478 1827 τε
517 1783 632 1836 τοῖς
672 1772 807 1826 πᾶσι
849 1772 1253 1843 παραδέδοται,
1300 1768 1433 1826 καθ’
1471 1766 1604 1827 ὅσον
1647 1771 1858 1826 εἰδέναι

244 1857 384 1929 χρῆν
421 1851 550 1920 τούς
590 1849 880 1924 εὐσεβείας
920 1855 1428 1926 μεταποιουμένους
1470 1859 1546 1919 εἰς
1576 1851 1856 1926 ἀνάληψιν
1879 1879 1920 1912 20

247 1938 519 2010 εὐλαβοῦς
549 1939 641 1993 καὶ
671 1935 961 2011 σῶφρονος
991 1943 1136 2009 βίου.
1234 1942 1314 1995 12.
1348 1936 1444 1995 τόν
1476 1939 1537 1994 δὲ
1568 1935 1637 2011 δὴ
1667 1936 1857 2009 βαθὺν

246 2025 340 2079 καὶ
379 2019 656 2093 λεληθότα
695 2022 822 2092 περὶ
863 2019 1078 2078 τούτων
1116 2019 1283 2092 λόγον
1314 2025 1375 2079 ἐν
1404 2020 1734 2096 ἀπορρήτοις
1766 2029 1857 2094 ζη-

244 2119 363 2164 τεῖν
401 2128 460 2162 τε
499 2108 593 2162 καὶ
633 2103 1001 2161 διδάσκεσθαι
1042 2110 1450 2177 κατελίμπανον
1489 2118 1602 2172 τοῖς
1632 2111 1767 2172 οἵοις
1796 2129 1855 2163 τε

243 2214 311 2246 τα
357 2186 545 2246 τοιάδε
593 2198 877 2262 μυεισθαι.
950 2190 1158 2286 βραχέα
1208 2189 1271 2245 δε
1319 2190 1411 2245 καὶ
1461 2184 1533 2254 ῶς
1589 2191 1650 2244 ἐν
1697 2187 1852 2245 τύπω

246 2272 450 2345 φάναι,
505 2266 568 2328 εὗ
607 2269 678 2330 ἂν
719 2278 830 2345 ἔχοι
879 2274 972 2328 καὶ
1019 2276 1115 2345 τῆς
1163 2270 1375 2330 τούτων
1425 2277 1674 2329 διελθεῖν
1726 2275 1854 2328 ἐπο-
1876 2296 1916 2328 25

247 2362 461 2423 πτείας,
502 2354 599 2412 τόν
636 2378 695 2411 τε
725 2354 1003 2414 Πλάτωνα
1041 2354 1146 2413 κάν
1175 2355 1351 2414 τούτω
1381 2379 1447 2412 τα
1477 2362 1614 2428 φίλα
1644 2377 1856 2429 πεφρο-

246 2438 453 2511 νηκότα
483 2451 596 2504 τοῖς
631 2441 989 2510 δηλουμένοις
1019 2443 1383 2512 παραστῆσαι.

203 2556 225 2587 b
376 2533 495 2582 V111.
544 2518 627 2579 Οὐ
659 2519 771 2594 μὴν
800 2520 941 2577 ἀλλὰ
970 2524 1062 2578 καὶ
1092 2525 1218 2594 περὶ
1248 2526 1343 2594 τῆς
1372 2526 1486 2579 τῶν
1515 2526 1732 2594 νοητῶν
1761 2524 1852 2578 καὶ

249 2603 558 2679 ἀσωμάτων
598 2602 943 2671 παιδεύσεῶς
981 2628 1040 2661 τε
1080 2608 1172 2661 καὶ
1202 2612 1443 2678 θεωρίας
1473 2610 1547 2681 τῶ
1578 2604 1850 2683 πανσόφςο

250 2699 454 2748 Μωσεῖ
484 2691 576 2746 καὶ
603 2703 718 2755 τοῖς
740 2684 1013 2761 Ἑβραίων
1041 2688 1348 2762 προφήταις
1376 2688 1616 2747 Πλάτων
1644 2688 1672 2746 ὁ
1702 2700 1852 2746 θαυ-
1873 2712 1912 2743 30

249 2772 443 2847 μάσιος
496 2775 1004 2845 ἐπηκολουθηκέναι
1057 2771 1148 2829 διὰ
1198 2776 1310 2831 τῶν
1363 2780 1586 2831 οἰκείων
1642 2775 1851 2846 φωνῶν

252 2861 366 2915 ἐστι
399 2860 590 2930 δῆλος,
630 2855 727 2914 εἴτ’
767 2859 819 2923 ἐξ
850 2855 1016 2929 ἀκοῆς
1049 2863 1126 2923 εἰς
1160 2853 1328 2915 αὐτὸν
1358 2857 1599 2930 ἡκούσης
1628 2854 1847 2930 μαθων,
