2014 3146
283 137 387 190 258
965 137 1211 179 EUSEBII

287 256 377 320 δες
406 249 678 327 υπάρχειν
719 251 1049 325 ἐδογμάτιζε.
1118 257 1481 326 Παρμενίδου
1523 253 1584 310 δε
1617 255 1898 319 Μέλισσος

286 342 497 411 ἑταῖρος
549 340 770 409 γέγονε,
822 336 888 393 τὰ
934 335 1073 394 αὐτὰ
1123 339 1202 412 τῷ
1253 342 1581 412 Παρμενίδῃ
1635 336 1891 406 δοξάζων.

283 422 496 480 τούτων
529 419 597 494 δὴ
628 423 731 479 οὐν
761 424 886 496 πέρι
915 417 1081 478 ὁποῖα
1111 419 1139 477 ὁ
1165 419 1405 478 Πλάτων
1436 425 1496 478 ἐν
1513 445 1588 499 τῳ
1613 420 1894 499 Θεαιτήτῳ

292 504 602 574 διέξεισιν’
580 504 751 563 άκουε

545 588 661 648 Ἐκ
696 591 755 647 δὲ
798 590 866 663 δὴ
898 593 1074 665 φορᾶς
1112 613 1172 646 τε
1213 592 1306 646 καὶ
1346 588 1614 664 κινήσεως
1644 592 1736 647 καὶ
1767 589 1894 665 κρά-
1939 613 1962 645 5

171 692 267 732 (723)
288 695 426 741 σεως
457 673 591 749 πρὸς
630 675 840 748 ἄλληλα
884 681 1095 747 γίνεται
1135 672 1314 732 πάντα
1344 671 1378 731 ἂ
1421 673 1490 746 δή
1520 699 1704 748 φαμεν
1736 675 1896 748 εἶναι,

287 759 389 818 οὐκ
415 759 600 834 ὀρθῶς
631 758 1152 834 προσαγορεύοντες.
1216 764 1329 816 ἔστι
1368 759 1471 832 μὲν
1500 759 1605 831 γὰρ
1629 756 1898 817 οὐδέποτε

285 842 483 917 οὐδὲν,
516 842 602 900 ἀεὶ
635 845 695 901 δὲ
727 850 955 917 γίνεται.
1018 846 1111 900 καὶ
1143 845 1266 917 περὶ
1299 842 1498 901 τούτου
1525 843 1726 910 πάντες
1752 847 1897 912 ἐξαί-

288 947 396 986 σιοι
418 930 582 1002 σοφοὶ
604 926 749 1001 πλὴν
762 933 1123 1003 Παρμενίδου
1153 930 1563 1003 ξυμφέρεσθον,
1596 927 1900 1003 Πρωταγό-

290 1039 388 1088 ρας
441 1036 500 1070 τε
551 1014 641 1069 καὶ
675 1012 1024 1087 “Ηράκλειτος
1075 1015 1166 1069 καὶ
1199 1011 1597 1086 Ἐμπεδοκλῆς,
1651 1016 1743 1070 καὶ
1786 1017 1899 1071 τῶν
1922 1036 1964 1068 10

289 1103 533 1171 ποιητῶν
564 1101 616 1155 οἰ
661 1096 817 1171 ἄκροι
850 1101 944 1170 τῆς
975 1096 1245 1168 ποιήσεως
1276 1100 1563 1171 ἑκατέρας,
1606 1103 1898 1175 κωμῳδίας

287 1184 391 1256 μὲν
416 1179 769 1255 Ἐπίχαρμος,
800 1188 1112 1259 τραγῳδίας
1144 1180 1476 1255 δὲὍμηρος,
1509 1181 1684 1240 εἰπών

426 1304 671 1361 Ὠκεανόν
696 1330 745 1361 τε
771 1314 907 1361 θεῶν
932 1311 1124 1379 γένεσιν
1150 1311 1233 1361 καὶ
1260 1312 1444 1379 μητέρα
1473 1308 1677 1376 Τηθύν,

244 1466 263 1497 b
287 1435 467 1494 πάντα
509 1445 729 1510 εἴρηκεν
770 1441 971 1508 ἔκγονα
1011 1439 1141 1511 ῥοῆς
1181 1458 1241 1494 τε
1272 1437 1362 1493 καὶ
1402 1433 1684 1509 κινήσεως.
1756 1431 1790 1509 ἢ
1833 1431 1899 1493 οὐ
1923 1457 1963 1489 15

179 1549 268 1592 [422]
290 1526 445 1578 δοκεῖ
471 1527 634 1578 τοῦτο
664 1523 880 1593 λέγειν;

418 1613 464 1662 2.
484 1603 732 1706 ”ςΕμοιγε.’

427 1696 519 1757 Τίς
561 1690 664 1747 οὐν
709 1686 779 1747 ἂν
822 1695 900 1746 ἔτι
942 1688 1077 1762 πρός
1118 1713 1181 1762 γε
1219 1693 1484 1758 τοσοῦτον
1523 1687 1900 1764 στρατόπεδον

290 1776 382 1831 καὶ
412 1773 718 1848 στρατηγὸν
735 1771 979 1847 Όμηρον
1012 1774 1240 1831 δύναιτο
1262 1771 1683 1847 ἀμφισβητήσας
1707 1771 1781 1847 μὴ
1805 1797 1898 1830 κα-

290 1861 620 1931 ταγέλαστος
650 1856 984 1930 γενέσθαι;”
1921 1879 1963 1910 20

422 1939 559 2001 Εἶθ’
593 1945 713 2014 εξῆς
744 1941 957 2016 προϊων
985 1966 1061 2018 τῳ
1093 1940 1239 2019 λόγῳ
1271 1944 1522 2046 ἐπιφέρει
1551 1944 1729 2014 λέγων

418 2023 505 2083 3.
510 2022 837 2099 Προσιτέον
867 2050 969 2083 ουν
1001 2029 1295 2100 ἐγγυτέρω,
1330 2051 1402 2093 ως
1434 2025 1462 2083 ὁ
1491 2022 1632 2100 ὑπερ
1665 2036 1902 2101 Πρωτα-

291 2110 464 2214 γόρου
495 2110 654 2183 λόγος
702 2113 983 2183 ἐπέταττε,
1026 2113 1117 2167 καὶ
1150 2112 1414 2169 σκεπτέον
1453 2109 1556 2183 τὴν
1585 2114 1901 2212 φερομένην

289 2195 497 2269 ταύτην
527 2194 726 2252 οὐσίαν
767 2195 1161 2298 διακρουοντα,
1205 2204 1314 2253 εἴτε
1352 2194 1503 2268 ὑγιες
1547 2205 1655 2253 εἴτε
1686 2194 1901 2270 σαθρὸν

290 2283 609 2353 φθέγγεται.
672 2279 815 2353 μάχη
858 2278 911 2337 δ’
944 2282 1046 2338 οὐν
1087 2283 1214 2355 περὶ
1254 2278 1423 2352 αὐτῆς
1454 2279 1520 2338 οὐ
1552 2278 1739 2354 φαύλη
1770 2277 1892 2339 οὐδ’
1921 2300 1963 2333 25

288 2362 495 2437 ὀλίγοις
523 2366 731 2437 γέγονε.

419 2452 641 2505 Πολλοῦ
673 2451 763 2505 καὶ
796 2454 885 2506 δεῖ
912 2447 1099 2522 φαύλη
1132 2449 1307 2521 εἶναι,
1340 2446 1480 2505 ἀλλὰ
1510 2450 1635 2523 περὶ
1666 2449 1768 2521 μὲν
1797 2445 1899 2520 τὴν

249 2529 501 2589 θἸωνίαν
539 2535 632 2588 καὶ
674 2535 962 2590 ἐπιδίδωσι
1003 2531 1279 2607 πάμπολυ.
1366 2538 1424 2590 οἱ
1458 2532 1561 2608 γάρ
1601 2537 1698 2590 τοῦ
1732 2531 1899 2605 Ἡρα-

293 2621 514 2673 κλείτον
566 2618 770 2691 ἑταῖροι
820 2622 1117 2692 χορηγοῦσι
1160 2616 1358 2675 τούτου
1407 2620 1508 2674 τοῦ
1546 2615 1713 2689 λόγου
1752 2614 1899 2690 μάλα

294 2702 632 2774 ἐρρωμένως.
1889 2753 1892 2756 ,
1919 2720 1960 2753 30

412 2897 438 2935 3
471 2887 523 2935 ἐν
544 2891 605 2947 τῷ
630 2885 892 2947 Θεαιτήτῳ]
925 2909 969 2947 p.
995 2897 1087 2936 152.
1116 2898 1209 2936 179.
