2014 3146
298 101 368 152 42
988 103 1236 144 EUSEBII

300 216 401 289 τὴν
453 221 595 275 ναῦν
650 216 1001 290 ἐφεζόμενος,
1059 215 1272 290 ὄμματα
1322 216 1372 275 δ’
1420 216 1590 276 αὐτοῦ
1630 221 1722 277 καὶ
1771 223 1906 286 νοῦς

254 324 276 356 d
303 300 448 360 εὐθὺ
477 306 574 359 τοῦ
608 304 831 374 αἰθέρος
863 303 1180 368 ξυντέταται
1209 299 1344 373 πρὸς
1374 301 1439 359 τα
1478 302 1770 376 μετάρσια,
1811 307 1904 361 καὶ

300 383 334 458 ἡ
366 385 492 453 ὁδὸς
525 385 676 461 αὐτῷ
705 383 820 441 ἄνω
865 384 935 441 δι’
973 382 1215 457 οὐρανοῦ
1246 384 1460 458 ἄπεισι,
1505 390 1721 445 πλέοντι
1756 387 1902 446 κάτω

301 470 437 527 κατὰ
485 469 586 541 τὴν
628 468 935 526 θάλατταν·
1004 467 1149 527 οὕτω
1199 472 1291 526 καὶ
1339 467 1368 526 ὁ
1421 473 1756 546 δημιουργὸς
1804 473 1907 544 τὴν

300 554 462 626 ὕλην,
497 557 596 611 τοῦ
624 551 759 626 μήτε
791 558 1117 628 διακροῦσαι
1145 553 1279 627 μήτε
1310 551 1773 628 άποπλαγχθῆναι
1804 555 1907 614 αὐ-
1928 580 1949 612 5

299 636 427 711 τὴν,
469 634 706 713 ἁρμονίᾳ
745 638 1158 712 ξυνδησάμενος
1197 637 1358 705 αὐτὸς
1396 640 1499 712 μὲν
1537 636 1677 713 ὑπὲρ
1709 639 1907 713 ταύτης

299 727 548 796 ἵδρυται,
603 719 723 780 οἷον
761 721 900 795 ὑπὲρ
940 723 1079 789 νεώς
1121 726 1210 781 ἐπὶ
1251 722 1555 796 θαλάττης,
1605 728 1700 797 τῆς
1742 722 1904 796 ὕλης·

298 807 400 879 τὴν
424 803 697 881 ἁρμονίαν
723 808 782 864 δὲ
814 806 1021 879 ἰθύνει,
1051 822 1170 874 ταῖς
1204 810 1376 874 ἰδέαις
1408 814 1683 881 οἰακίζων,
1715 812 1908 880 βλέπει
1937 807 1961 817 ”

298 915 358 948 τε
389 890 512 948 ἀντὶ
542 897 640 949 τοῦ
671 889 913 965 οὐρανοῦ
947 898 1022 957 εἰς
1052 893 1148 949 τὸν
1179 890 1293 950 ἄνω
1324 891 1461 949 θεὸν
1491 891 1909 966 προσαγόμενον

301 973 473 1033 αὐτοῦ
515 974 580 1032 τα
619 974 861 1049 ὄμματα,
907 975 1175 1050 λαμβάνει
1212 999 1271 1033 τε
1300 977 1360 1033 τό
1391 977 1493 1049 μὲν
1523 975 1770 1048 κριτικὸν
1799 975 1906 1034 ἀπὸ
1931 1002 1970 1033 10

297 1065 392 1133 τῆς
422 1067 684 1132 θεωρίας,
716 1061 775 1116 τὸ
809 1061 870 1117 δὲ
900 1059 1197 1134 ὁρμητικὸν
1226 1058 1333 1118 άπὸ
1364 1065 1459 1133 τῆς
1491 1058 1784 1133 ἐφέσεως.”

426 1149 509 1202 25.
560 1148 672 1202 Καὶ
724 1143 751 1201 ὃ
802 1144 1069 1217 σωτήριος
1120 1145 1251 1218 παρ’
1302 1141 1437 1217 ἡμῖν
1483 1144 1642 1217 λόγος
1677 1142 1904 1218 “οὗδὲν,

298 1231 464 1302 φησὶ,
509 1228 740 1286 δύναται
781 1225 809 1286 ὁ
850 1229 971 1296 υίὸς
1003 1243 1183 1287 ποιεῖν
1214 1226 1315 1300 ἀφ’
1350 1232 1580 1301 ἑαυτοῦ,
1628 1228 1723 1287 ἐὰν
1753 1228 1828 1303 μή
1857 1253 1909 1287 τι

299 1317 476 1387 βλέπῃ
507 1313 604 1370 τὸν
635 1316 842 1387 πατέρα
874 1310 1193 1371 ποιοῦντα.”
1242 1311 1382 1371 ἄλλα
1410 1312 1516 1386 γὰρ
1546 1318 1786 1371 τοσαῦτα
1817 1315 1909 1371 καὶ

199 1419 291 1460 (540)
311 1400 439 1470 περὶ
477 1403 643 1455 τοῦδε
676 1394 703 1454 ὁ
738 1397 1073 1471 Νουμήνιος.
1132 1395 1215 1455 ὅτι
1256 1399 1318 1455 δὲ
1356 1396 1458 1455 οὐκ
1495 1404 1700 1469 οἰκεῖα,
1740 1396 1806 1455 τά
1848 1399 1909 1455 δὲ
1931 1422 1973 1455 15

298 1481 560 1540 Πλάτωνι
615 1485 886 1539 δοκοῦντα
939 1481 1219 1554 διεσάφει,
1273 1480 1441 1539 οὐδὲν
1494 1483 1767 1553 ἐπιλέγειν
1821 1487 1909 1540 δεῖ

298 1581 418 1632 ταῖς
459 1563 630 1623 αὐτοῦ
670 1580 900 1639 φωναῖς.
998 1571 1081 1623 26.
1126 1562 1154 1623 ὁ
1205 1568 1271 1623 δέ
1314 1591 1376 1638 γε
1416 1565 1655 1624 Πλάτων
1700 1564 1784 1623 ὅτι
1832 1565 1906 1640 μὴ

300 1654 512 1722 πρῶτος
542 1655 734 1707 ταῖσδε
764 1653 1020 1724 κέχρηται
1049 1665 1167 1717 ταῖς
1201 1654 1499 1722 ἐπιβολαῖς,
1532 1649 1818 1727 φθάνουσι
1850 1647 1903 1707 δ’

297 1733 467 1791 αὐτὸν
497 1733 887 1808 προειληφότες
910 1734 1183 1807 Ἑβραίων
1206 1739 1263 1792 οἰ
1289 1737 1472 1808 σοφοὶ,
1507 1737 1782 1792 δέδεικται
1814 1734 1906 1791 διὰ

295 1823 409 1876 τῶν
441 1821 854 1892 ἐκτεθειμένων.
919 1818 1140 1886 εἰκότως
1181 1823 1317 1892 δῆτα
1356 1821 1448 1876 καὶ
1487 1823 1600 1875 τῶν
1632 1820 1778 1876 νέων
1808 1843 1904 1891 φι-
1927 1843 1968 1874 20

298 1901 555 1976 λοσόφων
589 1903 864 1976 διαφανὴς
901 1903 1142 1975 γεγονώς
1165 1902 1438 1977 Ἀμέλιος,
1478 1909 1571 1974 τῆς
1602 1901 1904 1968 Πλάτωνος
1987 1900 1990 1903 ’

299 1989 390 2044 καὶ
433 1985 623 2058 αὐτὸς,
675 1993 725 2045 εἰ
765 1994 862 2044 καί
895 2011 975 2053 τις
1017 1986 1208 2059 ἄλλος,
1261 1985 1499 2059 ζηλωτὴς
1550 1992 1902 2059 φιλοσοφίας,

298 2070 445 2144 πλὴν
483 2069 621 2128 ἀλλὰ
661 2070 947 2145 βάρβαρον
984 2070 1260 2145 ὀνομάσας
1299 2070 1396 2128 τὸν
1418 2069 1675 2143 Ἑβραῑον
1705 2069 1906 2127 θεολό-

298 2181 418 2228 γον,
451 2162 502 2213 εἰ
531 2158 623 2212 καὶ
652 2155 726 2230 μὴ
759 2154 837 2213 ἐπ’
862 2153 1125 2229 ὀνόματος
1155 2157 1356 2228 ἠξίωσε
1386 2158 1488 2212 τοῦ
1513 2151 1903 2227 εὐαγγελιστοῦ

291 2239 553 2297 Ἰωάννου
595 2239 818 2314 μνήμην
867 2239 1234 2312 ποιήσασθαι,
1292 2243 1654 2312 ἐπιμαρτυρεῖ
1703 2236 1755 2294 δ’
1800 2230 1905 2296 οὖν
1927 2262 1970 2294 25

253 2342 275 2374 b
298 2322 445 2396 ὅμως
476 2336 594 2388 ταῖς
626 2322 800 2381 αὐτοῦ
838 2338 1078 2397 φωναῖς,
1121 2323 1259 2381 αὐτὰ
1293 2322 1361 2396 δὴ
1391 2327 1562 2381 ταῦτα
1594 2322 1727 2396 πρὸς
1759 2327 1906 2397 ῥῆμα

299 2405 545 2479 γράφων-

426 2502 550 2550 ΧΙΧ.
592 2486 742 2546 “Kal
782 2482 942 2556 οὗτος
983 2489 1088 2564 ἄρα
1128 2483 1198 2563 ἧν
1238 2493 1267 2548 ὁ
1308 2490 1466 2563 λόγος
1509 2489 1639 2547 καθ’
1687 2488 1754 2548 ὃν
1795 2492 1904 2547 αἰεὶ

299 2571 433 2630 ὄντα
471 2573 536 2630 τὰ
575 2573 839 2646 γινόμενα
881 2578 1118 2646 ἐγίνετο,
1161 2573 1233 2640 ὡς
1263 2571 1333 2630 ἂν
1363 2577 1456 2630 καὶ
1493 2573 1520 2630 ὁ
1554 2571 1903 2646 οΗράκλειτος

301 2655 576 2729 ἀξιώσειε,
618 2661 707 2714 καὶ
747 2656 816 2730 νὴ
848 2654 952 2715 Δί’
986 2655 1051 2714 ὃν
1081 2654 1109 2714 ὃ
1142 2656 1419 2731 βάρβαρος
1450 2656 1594 2724 ἀξιοῖ
1623 2659 1681 2713 ἐν
1711 2660 1777 2729 τῇ
1808 2661 1903 2728 τῆς
1927 2680 1967 2712 30

253 2771 269 2792 c
302 2741 471 2814 ἀρχῆς
522 2740 667 2809 τάξει
718 2765 778 2798 τε
830 2744 920 2798 καὶ
973 2741 1097 2816 ἀξία
1150 2740 1527 2813 καθεστηκότα
1579 2740 1713 2812 πρὸς
1767 2739 1904 2798 θεὸν

305 2826 446 2883 εἶναι
489 2832 579 2882 καὶ
618 2824 756 2882 θεὸν
800 2826 967 2883 εἶναι·
1018 2825 1089 2882 δι’
1127 2818 1192 2882 οὗ
1233 2822 1408 2882 πάνθ’
1443 2821 1628 2891 ἁπλαῖς
1672 2829 1902 2898 γεγενῆ-
