2014 3146
601 122 815 166 PRAEP.
849 121 1069 165 EVANG.
1101 122 1223 162 xlv.
1248 124 1313 164 16.
1663 118 1766 171 297

157 237 346 311 κακὸν,
378 239 505 311 περὶ
536 236 606 310 ’ἤν
639 240 750 295 ἐστι
781 236 840 296 τὸ
863 235 1060 295 ὑλικὸν
1084 240 1319 310 πλῆθος,
1356 237 1491 311 [ἐστὶ
1522 238 1614 294 καὶ
1644 236 1770 310 ὁρα-

154 321 245 389 τὸς
276 318 304 380 6
336 320 613 395 κόσμος.]”

286 412 329 464 7.
386 406 539 465 Μετὰ
571 407 631 464 δὲ
661 405 891 474 τούτους
932 411 989 464 οί
1023 409 1137 465 νέοι
1179 409 1255 483 τῷ
1287 404 1469 483 χρόνῳ
1500 411 1615 474 πῶς
1648 404 1793 463 6³66--

155 495 314 561 ξαζον
346 489 514 548 ἄκουε

112 595 131 627 5
275 571 306 595 “
304 573 628 682 Σωκράτης
659 577 751 633 καὶ
782 574 1024 633 Πλάτων
1056 580 1117 633 ἓν
1145 574 1206 632 τὸ
1236 575 1512 649 μονοφυὲς
1543 577 1634 632 καὶ
1667 571 1770 631 αῦ-

154 684 383 734 τοφυες,
426 660 485 717 τὸ
515 659 847 734 μοναδικόν,
890 659 951 717 τὸ
982 658 1155 726 ὄντως
1185 657 1250 717 ὸν
1280 657 1513 732 ἀγαθόν.
1589 658 1770 718 πάντα

156 746 218 802 δὲ
258 749 430 802 ταῦτα
469 748 582 802 τῶν
612 743 899 817 ὀνομάτων
931 750 1009 810 εἰς
1037 743 1135 801 τὸν
1166 748 1306 801 νοῦν
1337 742 1582 801 σπεύδει.
1637 747 1770 811 νοῦς

154 822 257 888 οὖν
286 827 315 886 6
345 827 477 895 θεὸς
508 828 780 903 χωριστὸν
812 829 986 900 εἶδος,
1019 825 1169 885 τοῦτ’
1205 833 1319 885 ἔστι
1352 828 1412 885 τὸ
1443 826 1632 901 ἀμιγες
1663 827 1771 894 πά-

154 933 254 987 σης
284 911 421 985 ὕλης
452 915 543 969 καὶ
575 915 774 986 μηδενὶ
805 916 1040 988 παθητῷ
1072 914 1583 986 συμπεπλεγμένον.

92 1018 132 1050 10
281 1002 329 1056 8.
369 996 744 1071 Ἀριστοτέλης
794 997 891 1054 τὸν
941 997 1046 1070 μὲν
1099 995 1362 1054 ἀνωτάτω
1422 996 1561 1054 θεὸν
1623 995 1768 1064 εἶδος

153 1080 452 1156 χωριστὸν,
486 1079 853 1155 ἐπιβεβηκότα
881 1085 951 1156 τῇ
990 1087 1201 1158 σφαίρᾳ
1240 1084 1338 1139 τοῦ
1377 1080 1611 1152 παντὸς,
1656 1078 1769 1153 ἥτις

156 1169 307 1224 ἐστὶν
337 1169 593 1241 αἰθέριον
623 1170 799 1240 σῶμα,
833 1163 893 1223 τὸ
925 1167 1172 1239 πέμπτον
1202 1164 1302 1223 ὑπ’
1349 1164 1522 1223 αὐτοῦ
1563 1164 1770 1223 καλοῦ-
1788 1186 1879 1227 (755)

152 1267 347 1324 μενον·
396 1253 735 1326 διῃρημένου
767 1251 829 1308 δὲ
859 1249 1059 1309 τούτου
1090 1248 1227 1308 κατὰ
1269 1257 1510 1324 σφαίρας
1561 1254 1629 1325 τῇ
1669 1251 1770 1323 μὲν

153 1334 320 1409 φύσει
352 1350 642 1410 συναφεις,
677 1340 752 1412 τῷ
783 1334 929 1413 λόγω
962 1337 1022 1392 δε
1053 1338 1490 1408 κεχωρισμένας,
1532 1334 1770 1408 ἑκάστην

90 1439 129 1471 15
153 1429 324 1478 οἴεται
354 1424 468 1478 τῶν
497 1439 755 1495 σφαιρων
785 1423 923 1497 ζωον
956 1421 1097 1477 εἶναι
1129 1418 1407 1478 σύνθετον
1439 1423 1498 1476 ἐκ
1522 1418 1770 1493 σώματος

154 1507 246 1562 καὶ
277 1507 485 1578 ψυχῆς,
530 1529 609 1562 ων
638 1502 698 1562 τὸ
729 1506 831 1577 μὲν
861 1503 1018 1578 σωμά
1067 1507 1216 1562 ἐστιν
1257 1506 1539 1578 αἰθέριον,
1580 1503 1771 1561 κινού-

153 1613 323 1662 μενον
353 1592 789 1663 κυκλοφορικως,
823 1585 855 1662 ἡ
886 1587 1036 1662 ψυχὴ
1070 1590 1131 1646 δὲ
1171 1588 1330 1661 λόγος
1371 1587 1648 1662 ἀκίνητος,
1681 1598 1771 1646 αἰ-

153 1697 267 1740 τιος
296 1677 393 1746 τῆς
425 1672 693 1746 κινήσεως
716 1672 835 1731 κατ’
874 1675 1173 1747 ἐνέργειαν.

281 1763 328 1814 9.
380 1762 455 1815 Οί
482 1760 723 1816 Στωϊκοὶ
763 1758 960 1832 νοερὸν
999 1756 1138 1816 θεὸν
1179 1755 1613 1829 ἆποφαίνονταιι,
1658 1759 1768 1831 πῦρ

91 1863 131 1895 20
153 1839 426 1915 τεχνικὸν,
458 1841 575 1920 ὁδῷ
602 1848 829 1915 βαδίζον
862 1844 951 1900 ε’πὶ
981 1845 1202 1916 γένεσιν
1232 1840 1459 1916 κόσμου,
1491 1849 1771 1914 περιειλη-

155 1925 322 1998 φότος
364 1925 574 1994 πάντας
622 1925 751 1994 τοῦς
792 1926 1194 2002 σπερματικοὺς
1225 1925 1451 1999 λόγους,
1493 1923 1627 1984 καθ’
1672 1922 1770 1992 οῦς

156 2013 358 2068 ἕκαστα
399 2010 531 2069 καθ’
580 2013 919 2086 εἱμαρμένην
962 2017 1188 2085 γίνεται.
1263 2013 1355 2068 καὶ
1408 2016 1626 2084 πνεῦμα
1667 2011 1770 2084 μὲν

158 2098 353 2166 διῆκον
386 2093 460 2152 δι’
495 2094 628 2153 ὅλου
658 2099 758 2152 τοῦ
787 2094 1017 2170 κόσμου,
1047 2094 1142 2162 τὰς
1177 2097 1237 2153 δὲ
1269 2101 1640 2169 προσηγορίας
1670 2117 1770 2167 με-

155 2177 511 2252 ταλαμβάνον
539 2178 611 2236 δι’
641 2177 770 2252 ὅλης
794 2184 890 2252 τῆς
913 2179 1068 2253 ὕλης,
1088 2177 1161 2237 δι’
1194 2172 1258 2253 ἧς
1289 2178 1582 2252 κεχώρηκε.
1630 2178 1769 2236 θεὸν
1795 2197 1818 2230 b

93 2285 134 2317 25
159 2264 222 2320 δὲ
265 2265 355 2320 καὶ
395 2263 492 2320 τὸν
534 2262 742 2336 κόσμον
782 2267 874 2320 καὶ
914 2262 1041 2331 τοῦς
1083 2261 1312 2336 ἀστέρας
1365 2266 1457 2320 καὶ
1496 2261 1598 2335 τὴν
1642 2266 1766 2336 γῆν,

155 2346 252 2404 τὸν
284 2344 341 2404 δ’
376 2346 639 2404 ἀνωτάτω
670 2347 896 2405 πάντων
926 2354 1066 2406 νοῦν
1099 2351 1159 2405 ἐν
1183 2350 1384 2422 αἰθέρι.

286 2436 364 2488 10.
406 2429 726 2506 Ἐπίκουρος
757 2429 1196 2506 ἀνθρωποειδεῖς
1225 2433 1327 2505 μὲν
1362 2430 1606 2507 [πάντας]
1639 2430 1768 2498 τούς

156 2513 324 2582 θεοὺς
342 2559 357 2588 ,
390 2514 534 2593 λόγῳ
569 2516 630 2572 δὲ
661 2515 869 2583 πάντας
899 2515 1219 2590 θεωρητούς
1253 2514 1344 2573 διὰ
1373 2515 1473 2590 τὴν
1504 2520 1769 2588 λεπτομέ-

158 2624 315 2674 ρειαν
357 2606 451 2673 τῆς
492 2604 605 2657 τῶν
646 2599 894 2659 εἰδώλων
931 2600 1168 2708 φύσεως.
1244 2597 1272 2659 6
1307 2600 1357 2658 δ’
1406 2600 1569 2667 αὐτὸς
1601 2598 1767 2667 άλλας

93 2705 135 2737 30
157 2686 428 2759 τέσσαρας
469 2683 666 2758 φύσεις
706 2709 844 2742 κατα
883 2687 1043 2757 γένος
1090 2683 1418 2760 αφθάρτους
1458 2683 1655 2756 τάσδε,
1701 2709 1766 2740 τα

159 2767 362 2842 ἄτομα,
394 2770 453 2826 τὸ
486 2768 676 2842 κενὸν,
709 2768 767 2826 τὸ
799 2792 1059 2844 απειρον,
1099 2794 1195 2836 τας
1225 2766 1572 2845 ὁμοιότητας,
1607 2759 1766 2825 αῦται

162 2853 223 2909 δε
254 2855 505 2925 λέγονται
535 2850 921 2928 ὁμοιομέρειαι,
954 2857 1044 2911 καὶ
1075 2879 1142 2911 τα
1171 2851 1448 2928 στοιχεῖα)
