2014 3146
626 148 836 190 PRAEP.
866 148 1086 191 EVANG.
1116 149 1195 189 XI.
1225 149 1294 189 23.
1706 144 1776 196 49

159 263 308 332 τινος
352 265 509 323 εἶναι.
540 298 614 304 -
648 262 714 321 τὰ
754 263 859 336 γὰρ
904 263 971 336 δὴ
1015 261 1183 335 νοητὰ
1226 267 1333 339 ζῷα
1374 260 1555 320 πάντα
1596 265 1775 320 έκεῖνο

161 349 462 424 περιλαβὸν
486 356 597 423 ἔχει
623 352 682 406 ἐν
706 351 903 425 ἑαυτῷ,
929 346 1183 422 καθάπερ
1206 344 1288 404 ὅδ’
1308 346 1336 404 ὁ
1362 345 1562 420 κόσμος
1585 343 1771 420 ἡμᾶς.”
1802 355 1823 386 b

287 439 336 494 2.
378 439 563 493 Ταῦτα
592 434 695 506 μὲν
723 431 752 489 ὁ
784 431 1024 490 Πλάτων
1057 436 1116 490 έν
1156 437 1382 508 Τιμαίῳ.
1440 429 1542 504 τὴν
1573 432 1634 488 δὲ
1663 435 1775 488 τῶν

164 522 471 592 εἰρημένων
514 516 768 575 διάνοιαν
810 520 870 574 ἐκ
908 521 1021 575 τῶν
1052 515 1289 593 Διδύμςο
1321 518 1464 589 Περὶ
1502 520 1614 573 τῶν
1644 514 1777 586 ἀρε-

117 624 139 656 5
163 602 411 662 σκόντων
450 601 711 661 Πλάτωνι
757 603 1214 674 συντεταγμένων
1257 599 1575 674 ἐκθήσομαι.
1637 599 1778 673 γρά-

161 712 254 761 φει
288 689 348 745 δὲ
378 685 550 754 οὕτως

288 777 336 829 3.
371 770 543 830 “Τῶν
573 770 711 827 κατὰ
741 768 917 842 φύσιν
957 775 1244 841 αἰσθητῶν
1282 768 1419 825 κατὰ
1457 771 1615 841 γένος
1650 767 1776 842 ὡρι-

161 858 335 928 σμένα
368 854 492 913 τινα
531 859 951 927 παραδείγματα
991 851 1237 927 φάμενος
1279 853 1425 910 εἶναι
1462 845 1558 918 τὰς
1603 855 1774 921 ἰδέας,

163 933 242 998 ὧν
292 939 389 1007 τὰς
434 938 732 1012 ἐπιστήμας
770 945 1031 1010 γίνεσθαι
1074 941 1166 995 καὶ
1208 936 1335 1004 τοὺς
1375 934 1567 1010 ὅρους·
1628 936 1776 1010 παρὰ

99 1044 139 1075 10
163 1023 372 1092 πάντας
421 1024 527 1098 γὰρ
577 1020 915 1094 ἀνθρώπους
968 1020 1274 1096 ἄνθρωπόν
1324 1046 1450 1079 τινα
1499 1031 1774 1093 νοεῖσθαι,

162 1113 254 1166 καὶ
285 1107 433 1183 παρὰ
463 1106 672 1174 πάντας
703 1113 909 1173 ἵππους
939 1113 1138 1179 ἵππον,
1178 1108 1270 1163 καὶ
1301 1112 1500 1172 κοινῶς
1531 1105 1681 1176 παρὰ
1710 1105 1776 1162 τὰ
1801 1131 1818 1152 e

162 1198 271 1271 ζῷα
302 1199 438 1270 ζῷον
468 1192 738 1265 ἀγένητον
768 1194 860 1248 καὶ
891 1189 1198 1264 ἄφθαρτον.
1274 1195 1320 1248 4.
1363 1188 1430 1249 ὃν
1468 1189 1675 1263 τρόπον
1716 1191 1777 1247 δὲ

163 1283 472 1386 σφραγῖδος
502 1280 628 1376 μιᾶς
661 1279 920 1348 ἐκμαγεῖα
949 1281 1210 1347 γίνεσθαι
1241 1275 1418 1332 πολλὰ
1448 1277 1541 1332 καὶ
1570 1273 1776 1348 συχνὰς

165 1361 383 1429 εἰκόνας
425 1359 548 1428 ἑνὸς
593 1358 823 1434 ανδρός,
866 1358 1039 1427 οὕτως
1082 1362 1140 1416 ἐκ
1179 1363 1306 1433 μιᾶς
1350 1358 1581 1432 ἑκάστης
1625 1361 1776 1425 ἰδέας

101 1466 141 1498 15
165 1448 452 1519 αἰσθητων
505 1443 776 1518 σωμάτων
827 1442 1024 1516 φύσεις
1076 1452 1461 1517 παμπληθεις,
1519 1446 1616 1516 τῆς
1673 1467 1776 1516 μεν

163 1527 485 1606 άνθρωπων
516 1527 854 1601 ἀνθρωπους
886 1526 1151 1601 ἅπαντας,
1188 1530 1281 1585 καὶ
1311 1551 1449 1585 κατα
1479 1526 1577 1586 τὸν
1606 1525 1777 1584 αὐτὸν

165 1613 331 1686 λόγον
364 1617 454 1672 ἐπὶ
482 1638 594 1671 των
623 1611 807 1671 ἄλλων
837 1637 950 1670 των
979 1637 1116 1670 κατα
1157 1611 1345 1685 φύσιν.
1436 1617 1484 1669 5.
1531 1612 1670 1669 εἶναι
1715 1613 1775 1668 δε

163 1698 264 1771 τὴν
305 1701 463 1756 ἰδέαν
502 1695 687 1756 ἀίδιον
717 1696 935 1805 οὐσίανξ
967 1703 1151 1754 αἰτίαν
1191 1699 1283 1754 καὶ
1313 1690 1490 1771 ἀρχὴν
1519 1700 1617 1754 τοῦ
1650 1699 1779 1753 ε’κα-

165 1802 296 1840 στον
329 1783 471 1841 εἶναι
500 1784 751 1840 τοιοῦτον
781 1806 871 1838 οια
905 1784 1055 1839 ἐστὶν
1086 1778 1239 1855 αὐτή
1306 1786 1354 1838 6.
1385 1779 1640 1854 καθάπερ
1675 1772 1778 1838 οὖν

101 1886 142 1919 20
165 1867 231 1925 τὰ
269 1867 406 1925 κατὰ
444 1870 608 1942 μέρος
649 1885 833 1939 ωσπερ
865 1865 1148 1941 ἀρχέτυπα
1177 1891 1289 1924 των
1320 1869 1608 1938 αἰσθητων
1638 1888 1776 1938 προ-

165 1962 427 2025 ηγεῖσθαι
458 1951 746 2025 σωμάτων,
777 1949 952 2018 οὕτως
981 1949 1083 2023 τὴν
1113 1949 1291 2018 πάσας
1324 1954 1385 2008 έν
1414 1953 1586 2025 ἑαυτῇ
1618 1973 1775 2023 περι-

166 2038 403 2110 έχουσαν
443 2043 743 2108 καλλίστην
781 2037 874 2092 καὶ
904 2033 1250 2108 τελειοτάτην
1277 2032 1477 2093 οὐσίαν
1504 2030 1777 2108 ὑπάρχειν
1800 2050 1823 2081 d

164 2123 331 2178 τοῦδε
375 2120 726 2195 παράδειγμα
769 2123 870 2176 τοῦ
914 2118 1150 2192 κόσμου’
1226 2118 1361 2191 πρὸς
1413 2117 1518 2191 γὰρ
1569 2117 1777 2189 ταύτην

165 2202 591 2279 άφομοιωθέντα
630 2201 740 2261 ὑπὸ
778 2207 879 2260 τοῦ
919 2201 1428 2276 δημιουργήσαντος
1471 2200 1640 2258 αὐτὸν
1670 2200 1777 2258 άπ-

103 2313 145 2346 25
169 2289 462 2364 ειργάσθαι
491 2293 633 2347 θεοῦ
663 2287 801 2344 κατὰ
832 2286 1100 2359 πρόνοιαν
1129 2289 1189 2343 ἐκ
1211 2290 1307 2358 τῆς
1331 2284 1510 2359 πάσης
1533 2282 1775 2351 οὐσίας.”

298 2378 342 2429 7.
376 2376 561 2430 Ταῦτα
583 2374 676 2428 καὶ
698 2367 806 2427 άπὸ
828 2375 927 2428 τοῦ
954 2373 1342 2444 δεδηλωμένον
1365 2369 1585 2445 ἀνδρός.
1629 2369 1777 2442 φθά-

168 2481 254 2515 νει
300 2479 363 2528 γε
404 2454 514 2528 μὴν
555 2457 647 2512 καὶ
686 2458 857 2511 ταῦτα
887 2461 1101 2526 Μωσῆς
1131 2450 1160 2511 ὁ
1192 2453 1503 2528 πάνσοφος,
1543 2454 1649 2529 πρὸ
1679 2457 1779 2512 τοῦ

168 2546 509 2614 φαινομένου
538 2535 700 2612 ἡλίου
732 2541 824 2596 καὶ
856 2536 1076 2612 ἄστρων
1106 2541 1198 2596 καὶ
1227 2537 1333 2614 πρὸ
1363 2544 1460 2597 τοῦ
1490 2537 1776 2613 ὁρωμένου

170 2624 436 2699 οὐρανοῦ,
467 2620 497 2681 ὃ
529 2623 596 2696 δὴ
628 2626 908 2697 στερέωμα
938 2632 1113 2696 καλεῖ,
1145 2621 1252 2699 πρό
1281 2648 1340 2681 τε
1369 2627 1464 2696 τῆς
1488 2621 1612 2681 καθ’
1638 2619 1777 2696 ἡμᾶς
1794 2643 1885 2687 [3211

109 2731 151 2763 3ο
174 2713 338 2782 ξηρᾶς
369 2713 468 2782 γῆς
499 2711 590 2765 καὶ
622 2706 727 2781 πρὸ
758 2712 853 2780 τῆς
883 2705 1016 2781 παρ’
1051 2707 1185 2781 ἡμῖν
1214 2707 1419 2782 ἡμέρας
1453 2710 1546 2765 καὶ
1578 2707 1776 2773 νυκτὸς

173 2798 291 2867 φῶς
335 2796 522 2867 ἕτερον
564 2792 712 2867 παρὰ
742 2790 802 2849 τὸ
831 2795 929 2850 τοῦ
959 2788 1121 2864 ἡλίου
1151 2791 1363 2866 ἡμέραν
1391 2817 1450 2850 τε
1481 2794 1572 2849 καὶ
1603 2790 1777 2848 νύκτα

172 2880 264 2934 καὶ
294 2875 553 2934 τάλοιπά
583 2875 718 2950 πρὸς
757 2879 856 2934 τοῦ
894 2875 1276 2950 πανηγεμόνος
1316 2879 1407 2933 καὶ
1447 2882 1627 2934 αἰτίου
1666 2877 1778 2931 τῶν

258 2985 488 3013 EUSEBms
520 2986 574 3012 11.
1467 2970 1502 3019 4
