2014 3146
279 123 380 176 150
955 123 1201 164 EUSEBII

274 243 374 297 τοῦ
397 237 591 310 ψόγον,
610 236 743 295 ὅταν
767 235 907 312 ἀνὴρ
934 236 1114 304 δεινὸς
1139 242 1218 312 φῇ
1241 241 1411 296 ταῦτα
1435 238 1508 312 μὴ
1532 236 1725 313 οὕτως,
1750 237 1872 297 ἀλλ’

274 322 517 389 ἀτάκτως
549 328 722 396 ἔχειν;

401 413 534 472 Πῶς
563 405 669 481 γὰρ
699 405 802 463 οὐκ
832 401 902 463 ἂν
933 411 1267 479 βουλοίμην;

383 488 496 548 ’Ίθι
532 490 619 563 δὴ,
650 488 747 548 τὸν
779 489 1002 548 ἐπιόντα
1033 491 1160 564 περὶ
1190 488 1402 548 τούτων
1426 489 1591 563 λόγον
1614 497 1721 550 νῦν
1746 487 1879 566 ἡμῖν

273 573 454 648 ἄθρει.
1923 599 1942 630 5

399 663 482 716 39.
531 661 674 731 Λέγε
705 657 889 732 μόνον.

405 743 485 801 Τὰ
515 745 640 818 περὶ
671 741 772 816 τὴν
802 745 915 799 τοῖν
957 740 1226 816 σωμάτων
1270 741 1445 815 φύσιν
1475 741 1739 802 ἁπάντων
1767 748 1879 802 τῶν

273 823 457 904 ζῴωνζ
494 830 607 902 πῦρ
648 830 741 884 καὶ
778 826 935 902 ὕδωρ
975 829 1068 884 καὶ
1100 830 1347 901 πνεῦμα,
1389 831 1720 902 καθορῶμέν
1749 850 1877 902 που,

272 913 363 968 καὶ
394 917 528 985 γῆν,
569 910 825 986 καθάπερ
857 917 915 969 οἱ
939 910 1320 986 χειμαζόμενοί
1345 930 1546 986 φασιν,
1592 911 1787 971 ἐνόντα
1819 917 1881 972 ἐν

271 998 340 1070 τῇ
369 995 660 1066 συστάσεις
1902 1025 1943 1056 10

404 1083 511 1138 Καὶ
539 1079 697 1154 μάλα.
774 1079 1138 1155 χειμαζόμεθα
1167 1078 1272 1154 γὰρ
1304 1077 1476 1147 ὅντως
1506 1078 1615 1138 ὑπὸ
1645 1077 1879 1155 ἀπορίας

275 1167 334 1220 ἐν
363 1178 477 1231 τοῖς
507 1169 614 1223 νῦν
645 1164 841 1238 λόγοις.

162 1275 251 1317 (629)
402 1252 544 1323 Φέρε
585 1249 654 1323 δὴ
693 1252 820 1323 περὶ
863 1249 1097 1308 ἑκάστου
1137 1251 1249 1306 τῶν
1289 1247 1417 1323 παρ’
1466 1247 1600 1322 ἡμῖν
1645 1247 1780 1322 λάβε
1820 1251 1879 1308 τὸ

271 1331 503 1393 τοιόνδε.

398 1422 481 1476 40.
529 1427 734 1488 Ποῖον;
1903 1444 1943 1476 15

385 1500 503 1560 Ὅτι
534 1501 765 1577 σμικρόν
794 1526 853 1560 τε
882 1501 1094 1560 τούτων
1117 1505 1350 1560 ἕκαστον
1375 1498 1507 1576 παρ’
1541 1499 1677 1575 ἡμῖν
1701 1508 1879 1560 ἔνεστι

271 1589 364 1644 καὶ
404 1591 622 1660 φαῦλον
661 1589 753 1644 καὶ
797 1584 1014 1661 οὐδαμῆ
1055 1585 1314 1661 οὐδαμῶς
1356 1587 1646 1662 εἰλικρινες
1690 1582 1756 1644 ὂν
1786 1590 1880 1644 καὶ

270 1671 374 1743 τὴν
406 1670 646 1745 δύναμιν
676 1668 780 1730 οὐκ
811 1668 972 1740 αξίαν
1001 1675 1095 1745 τῆς
1125 1671 1348 1744 φύσεως
1379 1678 1530 1745 ἔ.χον
1598 1673 1658 1728 ἐν
1700 1673 1784 1728 ἑνὶ
1817 1671 1880 1728 δε

271 1755 461 1827 λαβών
490 1758 616 1830 περὶ
647 1754 872 1814 πάντων
901 1755 1018 1814 νόει
1047 1753 1277 1813 ταύτόν·
1339 1762 1459 1813 οἱον
1488 1757 1600 1828 πῦρ
1632 1760 1745 1812 ἔστι
1775 1757 1878 1828 μέν

271 1859 381 1896 που
412 1838 543 1912 παρ’
580 1836 731 1913 ἡμῖν,
766 1846 880 1897 ἐστι
914 1837 967 1897 δ’
1003 1843 1064 1897 ἐν
1092 1844 1167 1916 τῷ
1200 1845 1378 1897 παντί,
1900 1867 1941 1898 20

398 1927 481 1980 41.
538 1929 609 1981 Τί
631 1922 768 1997 μήν;

402 2005 628 2065 Οὔκουν
667 2004 900 2082 σμικρὸν
939 2009 1041 2080 μέν
1081 2032 1132 2065 τι
1161 2005 1221 2064 τὸ
1252 2004 1383 2081 παρ’
1416 2003 1552 2080 ἡμιν
1587 2010 1678 2064 καὶ
1709 2004 1878 2066 ἀσθε-

269 2116 362 2158 νες
392 2093 483 2149 καὶ
515 2098 763 2165 φαῦλον,
809 2088 868 2148 τὸ
902 2090 955 2149 δ’
993 2095 1054 2149 ἐν
1091 2094 1169 2169 τῷ
1213 2093 1379 2149 παντὶ
1409 2091 1614 2165 πλήθει
1643 2115 1701 2149 τε
1730 2102 1879 2150 θαυ-

269 2174 478 2248 μαστὸν
508 2179 599 2234 καὶ
630 2175 816 2234 κάλλει
848 2179 941 2234 καὶ
970 2175 1118 2250 πάσῃ
1151 2174 1386 2250 δυναμει
1414 2180 1480 2250 τῇ
1512 2178 1638 2250 περὶ
1668 2168 1727 2233 τὸ
1763 2180 1876 2251 πῦρ

159 2258 426 2334 [3691οἷἷσῃ.
1899 2284 1939 2316 25

398 2346 510 2401 Καὶ
539 2343 683 2417 μάλα
715 2343 921 2418 ἀληθὲς
952 2341 981 2401 ὃ
1013 2345 1203 2416 λέγεις.

405 2432 477 2484 Τί
503 2430 568 2485 δέ
577 2456 590 2497 ;
635 2430 891 2502 τρέφεται
922 2430 1015 2485 καὶ
1044 2435 1257 2501 γίνεται
1289 2430 1348 2485 ἐκ
1376 2426 1573 2487 τούτου
1597 2430 1689 2485 καὶ
1718 2426 1876 2502 ἄρχε-

225 2534 247 2566 b
271 2533 360 2567 ται
389 2508 449 2567 τὸ
479 2517 577 2568 τοῦ
620 2511 823 2578 παντὸς
862 2518 973 2586 πῦρ
1013 2508 1121 2569 ὑπὸ
1159 2515 1257 2570 τοῦ
1288 2509 1421 2586 παρ’
1455 2510 1589 2585 ἡμῖν
1618 2512 1810 2586 πυρὸς,
1842 2507 1876 2585 ἢ

270 2591 598 2652 τούναντίον
625 2594 721 2652 ὑπ’
760 2598 975 2653 ἐκείνου
1004 2594 1065 2652 τό
1095 2619 1155 2653 τε
1186 2594 1318 2669 ἐμὸν
1347 2597 1439 2653 καὶ
1472 2595 1531 2652 τὸ
1564 2595 1664 2653 σὸν
1694 2597 1785 2652 καὶ
1816 2595 1875 2653 τὸ

270 2682 382 2736 τῶν
413 2676 597 2736 ἄλλων
627 2678 780 2756 ζςόων
810 2677 1007 2736 ἅπαντ’
1047 2688 1188 2753 ἴσχει
1218 2682 1417 2750 ταῦτα;
1898 2703 1938 2734 30

407 2769 578 2821 Τοῦτο
608 2764 711 2836 μὲν
741 2761 874 2821 οὐδὲ
903 2759 1244 2837 ἀποκρίσεως
1274 2761 1428 2831 ἄξιον
1459 2765 1676 2840 ἐρωτᾷς.

397 2851 481 2903 42.
524 2846 748 2922 Ὀρθῶς.
811 2849 982 2904 ταῦτα
1011 2846 1116 2922 γὰρ
1148 2851 1307 2922 ἐρεῖς,
1339 2846 1509 2921 οἶμαι,
1540 2854 1670 2922 περί
1698 2871 1756 2905 τε
1779 2849 1872 2920 τῆς
