2014 3146
248 86 356 139 440

250 199 550 242 Deucalionis
572 199 794 240 diluvium
814 199 897 238 486
910 212 951 239 c.

251 258 380 299 Deus
417 256 603 308 peccati
631 261 791 296 auctor
820 267 911 295 non
948 259 1019 296 est

312 313 602 353 2500.251b.
629 324 668 352 c.
692 311 734 355 d.

279 391 332 396 —
374 368 671 420 praescientia
720 380 805 408 sua
845 366 1020 407 nullam

308 424 442 464 affert
463 424 791 464 necessitatem
812 425 894 464 287
907 437 945 467 c.
975 426 1020 464 et

311 493 407 533 seq.

277 559 330 564 —
354 536 567 576 mundum
584 537 915 589 obsequentem
935 536 1018 576 ha-

307 593 389 633 bet
411 595 491 634 315
505 606 544 632 a.

281 671 333 677 —
367 652 533 701 quanto
573 650 749 701 aequius
790 649 1018 690 hominem

280 782 334 790 -—·
355 760 569 801 mundum
593 762 771 803 creavit
802 762 900 802 sine
923 774 1018 802 ma-

307 819 428 858 teria
450 820 532 858 333
545 817 585 859 d.
609 817 668 857 ad
688 820 784 859 337.

280 896 332 902 ——
364 873 515 926 qualis
550 874 763 914 Hebraeis
799 875 880 915 365
891 874 935 914 b.
975 877 1020 914 et

311 942 406 982 seq.

278 1008 334 1014 —
357 989 581 1038 perpetuo
602 986 842 1026 habendus
860 986 907 1026 in
927 999 1017 1026 me-

308 1043 454 1082 moria
477 1044 558 1083 373
571 1042 612 1082 d.
638 1044 721 1083 374
733 1042 774 1083 d.

279 1120 333 1126 —
358 1111 445 1150 quo
469 1111 605 1138 sensu
625 1099 828 1139 membra
852 1101 898 1137 et
921 1111 1017 1138 cor—

308 1167 392 1207 pus
415 1156 598 1207 proprie
634 1155 804 1195 habere
837 1154 1020 1194 dicatur

308 1213 390 1252 376
405 1224 444 1250 a.
471 1215 516 1251 et
538 1223 636 1262 seq.

280 1290 332 1295 —
358 1271 498 1318 stare,
522 1266 826 1319 descendere,
852 1268 931 1319 qui
952 1266 1017 1306 di-

310 1326 442 1364 catur
465 1326 546 1364 377
558 1336 598 1363 a.
624 1322 663 1363 d.

279 1401 334 1408 -—
374 1379 528 1419 mundi
571 1382 751 1420 creator
791 1379 928 1421 384d.
974 1383 1020 1420 et

309 1449 402 1489 seq.

281 1492 601 1533 ——hominibus
622 1495 673 1532 ut
693 1492 854 1533 liberis
875 1492 1020 1532 utitur

308 1549 390 1590 386
404 1562 441 1589 c.

279 1627 333 1634 -—
356 1619 435 1646 rex
456 1608 525 1645 est
545 1607 627 1646 386
641 1618 678 1645 c.

277 1683 334 1690 -—-
356 1662 587 1714 improbos
619 1665 665 1701 et
695 1664 916 1715 tyrannos
940 1673 1019 1701 cur

307 1718 474 1758 toleret
495 1720 590 1759 391.
614 1719 712 1768 392,
737 1720 834 1758 393.
857 1718 956 1759 394.

280 1796 334 1802 -
352 1786 494 1826 opera
509 1777 688 1814 tantum
703 1774 923 1826 primaria
941 1785 1018 1813 cu-

309 1842 412 1870 rare
435 1830 617 1870 videtur
637 1829 820 1869 Philoni
841 1831 923 1870 395
936 1841 977 1869 a.

279 1907 337 1914 -
359 1898 438 1925 cur
459 1886 672 1926 Hebraeis
692 1885 843 1926 Eloim
864 1886 998 1928 5170.

282 1963 329 1972 -
374 1955 537 1982 nomen
591 1945 1018 1995 tetragrammaton,

311 2011 366 2038 ex
398 2000 421 2038 7
449 1998 690 2038 vocalibus
719 1998 1019 2051 compositum

310 2054 475 2094 habuit
496 2055 577 2095 51¹9
591 2055 629 2094 d.
654 2055 735 2095 520
748 2068 787 2094 a.

281 2132 335 2139 —
377 2110 500 2150 solus
541 2114 720 2150 tantum
762 2114 832 2150 est
881 2111 964 2151 524
976 2110 1016 2150 d.

310 2168 392 2208 525
405 2180 442 2206 c.
465 2167 562 2208 526.
585 2167 717 2207 52711.
742 2169 875 2207 52911.

281 2245 329 2251 —-
347 2222 486 2276 longa
499 2236 599 2263 cum
616 2236 668 2263 eo
687 2223 1018 2264 consuetudine

313 2279 608 2332 cognoscitur
631 2293 686 2319 ex
707 2283 840 2331 parte
863 2282 946 2320 530
958 2293 999 2322 a.

250 2335 378 2375 Deus
400 2347 518 2374 unus
542 2336 681 2376 etiam
693 2335 878 2376 Platoni
898 2337 1019 2376 serio

310 2391 530 2431 scribenti
551 2393 634 2433 530
647 2392 688 2436 d,

279 2468 336 2475 —-
357 2447 597 2499 superbum
621 2448 840 2500 relinquit
863 2450 941 2489 531
956 2461 998 2492 a.

283 2523 338 2534 —
377 2502 488 2543 deus
532 2503 725 2555 primus,
772 2504 1016 2556 secundus,

309 2559 488 2611 tertius,
513 2560 595 2599 536
609 2559 649 2598 d.
672 2562 753 2601 537
767 2574 808 2600 a.

280 2637 334 2643 —
357 2616 530 2668 primus
566 2616 772 2667 agricola
813 2620 908 2668 est,
946 2629 1016 2658 se-

311 2671 482 2711 cundus
503 2670 737 2723 plantator
758 2674 840 2713 538
850 2673 893 2713 b.

279 2748 335 2755 -
355 2728 500 2767 trinus
512 2727 698 2768 Platoni
721 2728 1018 2769 adumbratus

309 2785 389 2824 541
405 2797 444 2824 c,

279 2860 334 2870 —
354 2840 501 2881 bonus
526 2841 665 2881 etiam
675 2840 862 2882 Platoni
880 2842 960 2882 542
972 2841 1015 2883 b.

837 86 1040 129 INDEX
1067 85 1283 150 RERUM

1103 199 1230 240 Deus
1250 197 1398 239 bonus
1419 198 1641 240 Numenio
1663 200 1760 240 544.

1134 277 1186 284 -
1199 254 1376 295 animus
1399 255 1712 306 est,mundum
1731 255 1871 296 etiam

1161 324 1350 363 regens,
1399 311 1646 365 quotuplex
1683 311 1871 353 Platoni

1163 369 1245 408 625
1258 367 1299 407 d.
1323 371 1368 407 et
1389 379 1485 420 seq.

1135 446 1186 452 —
1208 424 1428 464 bonorum
1450 426 1633 476 auctor,
1664 437 1755 464 non
1775 437 1871 465 ma·

1161 479 1308 520 lorum
1332 480 1467 520 644b.

1133 536 1480 588 —multiplices
1499 536 1669 577 formas
1689 548 1778 576 non
1799 537 1871 577 in-

1163 592 1261 633 duit
1281 594 1418 634 6441).

1133 670 1186 678 ·—
1214 661 1330 689 unus
1362 649 1418 689 ab
1452 648 1635 702 Orpheo
1663 648 1871 690 celebra-

1163 709 1236 746 tus
1258 707 1340 745 664
1353 705 1397 744 d.

1133 783 1189 790 —
1211 762 1269 801 ab
1292 761 1433 802 Arato
1454 762 1536 802 666
1548 762 1589 801 b.

1133 840 1190 846 —
1217 830 1332 857 unus
1364 831 1391 858 a
1425 817 1635 870 pluribus
1663 817 1875 871 profanis

1165 874 1347 927 agnitus
1369 875 1451 915 678
1463 873 1504 916 d.
1529 877 1575 915 et
1597 886 1693 926 seq.

1137 952 1190 959 —
1210 930 1336 972 videt
1357 931 1509 971 omnia
1531 932 1613 971 683
1625 943 1662 970 c.
1685 930 1729 971 d.

1133 1007 1188 1017 —
1211 999 1266 1027 ex
1295 986 1512 1039 Diphilo,
1545 986 1698 1027 omnia
1728 986 1870 1036 novit⁷

1164 1056 1219 1083 ae
1242 1043 1297 1082 de
1319 1042 1574 1083 sceleribus
1595 1054 1756 1095 poenas
1779 1042 1871 1082 exi·
1904 1063 1911 1070 ·

1164 1102 1242 1152 get
1264 1099 1344 1139 683
1356 1098 1397 1138 d.
1420 1101 1503 1140 684
1515 1112 1554 1138 a.

1134 1176 1189 1183 —
1234 1155 1389 1194 omnia
1424 1154 1609 1196 molitur
1655 1167 1710 1195 ac
1749 1155 1872 1208 regit

1163 1213 1244 1252 686
1255 1212 1295 1252 b.

1137 1288 1183 1295 --
1211 1266 1364 1308 omnia
1385 1270 1538 1321 potest
1563 1269 1645 1308 686
1657 1267 1698 1307 d.

1132 1345 1189 1353 —
1209 1324 1339 1364 nulla
1361 1328 1488 1364 certa
1511 1324 1658 1364 forma
1679 1325 1760 1364 689
1773 1323 1814 1365 b.

1133 1402 1189 1410 —
1213 1393 1240 1420 a
1264 1381 1487 1420 creaturis
1511 1380 1718 1420 omnibus
1739 1380 1872 1420 time-

1162 1441 1236 1477 tur
1257 1437 1391 1480 689b.
1417 1450 1455 1479 c.

1134 1514 1190 1520 —
1212 1493 1360 1545 qualis
1372 1492 1539 1533 Stoicis
1556 1493 1637 1534 817
1650 1491 1696 1532 b.
1719 1494 1870 1544 etseq.

1106 1547 1404 1600 Δευτερωταὶ
1421 1549 1721 1590 Hebraeorum
1738 1549 1819 1589 513
1831 1560 1871 1588 c.

1162 1607 1244 1646 574
1258 1619 1298 1646 a.

1103 1662 1335 1714 Diagoras
1355 1661 1522 1702 Melius
1546 1663 1626 1702 753
1638 1661 1680 1702 b.

1104 1718 1369 1758 Dialectica
1390 1718 1688 1759 Hebraeorum
1717 1716 1871 1769 qualis

1162 1776 1244 1815 513
1257 1787 1297 1814 a.

1103 1830 1359 1870 Dialectici
1380 1831 1461 1870 510
1474 1830 1514 1870 d.

1103 1887 1259 1926 Diana
1282 1888 1361 1926 113
1374 1899 1414 1926 a.

1103 1943 1257 1983 Diana
1297 1942 1495 1982 Taurica
1543 1932 1871 1992 ἀνθρωποθυ-

1162 1997 1241 2051 σίᾳ
1266 1998 1390 2038 culta
1413 2000 1492 2039 157
1507 2011 1545 2039 c.
1570 1997 1612 2040 d.

1103 2056 1268 2096 Dianae
1296 2058 1471 2107 septem
1500 2055 1710 2095 Astartes
1747 2052 1872 2106 filiae,

1161 2110 1404 2165 Titanides
1427 2113 1479 2152 37
1493 2110 1533 2150 d.

1104 2167 1376 2208 Dianathan
1397 2169 1479 2208 447
1495 2180 1532 2210 c.

1104 2224 1408 2265 Dicaearchus
1425 2223 1478 2263 de
1503 2223 1656 2263 anima
1677 2223 1759 2263 810
1771 2235 1814 2264 a.

1106 2280 1384 2321 Dichordum
1431 2279 1610 2330 Assyrii
1658 2290 1871 2331 reperere

1161 2337 1244 2377 476
1258 2349 1298 2376 a.

1103 2393 1358 2444 Didymeus
1378 2390 1544 2444 Apollo
1566 2391 1616 2431 61
1631 2390 1673 2434 d.

1104 2450 1187 2489 Dii
1208 2445 1344 2500 θεοὶ,
1379 2461 1406 2488 a
1427 2448 1566 2489 verbo
1590 2443 1751 2498 θέειν,
1775 2459 1874 2486 cur-

1162 2518 1261 2546 rere
1281 2506 1334 2545 29
1348 2517 1384 2544 c.

1135 2583 1190 2589 --
1229 2574 1283 2601 ex
1320 2561 1483 2601 bestiis
1521 2559 1638 2600 facti
1672 2560 1726 2599 49
1746 2572 1786 2600 a.
1825 2560 1874 2598 et

1136 2629 1276 2713 -ῗθὲἑς
1307 2673 1531 2713 creaturis
1555 2682 1710 2712 omnes
1734 2669 1870 2710 121b.

1166 2732 1211 2769 et
1233 2741 1328 2780 seq.

1132 2808 1187 2814 -
1217 2787 1454 2838 poetarum
1484 2783 1667 2824 fabulas
1709 2793 1874 2835 appro-

1161 2842 1275 2882 bant
1298 2843 1379 2882 123
1393 2854 1429 2883 c.
1456 2843 1502 2881 et
1523 2851 1618 2891 seq.
