2014 3146
610 148 818 191 PRAEP.
850 146 1070 192 EVANG.
1102 149 1205 189 xn.
1239 149 1304 189 50.
1681 145 1779 199 139

169 259 332 337 ὡρῶν
362 266 559 321 πασῶν
592 265 649 319 ἐκ
679 262 891 321 τούτων
919 265 1254 336 γενομένων,
1279 258 1346 319 οὐ
1373 260 1463 319 δια
1486 266 1644 335 νοῦν,
1670 287 1779 336 φα-
1806 286 1829 317 d

169 350 282 420 σὶν,
314 345 444 405 οὐδὲ
478 345 568 404 διοὲ
598 371 720 404 τινα
751 346 890 405 θεὸν
920 345 1053 404 οὐδὲ
1087 347 1177 404 διὰ
1206 348 1423 421 τέχνην,
1471 344 1592 403 ἀλλ’
1628 345 1658 404 ὃ
1689 349 1782 404 λέ-

167 455 357 505 γομεν,
397 429 564 504 φύσει
604 433 696 488 καὶ
747 430 901 505 τύχῃ.
986 435 1035 489 4.
1097 434 1296 505 τέχνην
1342 433 1401 488 δὲ
1441 430 1678 506 ὕστερον
1722 434 1780 488 ἐκ

166 515 379 575 τούτων
419 511 660 589 ὑστέραν
699 519 1032 589 γενομένην,
1074 513 1249 588 αὐτὴν
1287 515 1506 589 θνητὴν
1547 518 1605 572 ἐκ
1634 526 1781 589 θνη-

126 603 310 673 ετῶν,
351 599 556 674 ὕστερα
595 602 990 673 γεγεννηκέναι
1029 599 1254 666 παιδιάς
1303 625 1456 666 τινας
1510 598 1779 672 ἀληθείας

168 683 233 742 οῦ
276 684 494 759 σφόδρα
533 683 882 758 μετεχούσας,
935 681 1060 741 αλλ’
1116 683 1302 742 εἶ”δωλ
1358 682 1490 741 ἅττα
1542 688 1778 757 ξυγγενῆ

168 772 401 842 ἑαυτῶν,
433 777 523 826 οἱα
547 768 790 842 γραφικὴ
815 775 985 844 γεννᾷ
1009 771 1101 825 καὶ
1123 761 1359 841 μουσικὴ
1383 771 1475 825 καὶ
1498 787 1620 824 οσαι
1645 767 1780 825 ταύ-

166 876 285 920 ταις
325 856 432 911 είσὶ
476 855 766 926 συνέριθοι
807 854 1008 927 τέχναι.
1084 862 1151 909 αἴ
1186 850 1235 908 δ’
1289 862 1344 910 εἴ
1379 876 1430 909 τι
1471 854 1563 909 καὶ
1604 870 1779 909 σπου*

170 942 330 996 δαῖον
359 935 467 1010 ἄρα
497 942 735 1010 γεννῶσι
764 941 876 995 τῶν
905 943 1134 1011 τεχνῶν,
1171 937 1315 993 εἶναι
1347 935 1549 1003 ταύτας
1581 932 1778 994 ὁπόσαι

104 1050 144 1082 ιο
166 1025 235 1098 τῇ
283 1020 453 1094 φύσει
507 1026 814 1079 ἐκοίνωσαν
864 1021 966 1094 τὴν
1007 1020 1192 1078 αὐτῶν
1234 1019 1502 1094 δύναμιν,
1549 1018 1669 1079 οἷον
1709 1012 1780 1077 αὖ

169 1104 384 1181 ἰατρικὴ
424 1108 516 1163 καὶ
559 1106 833 1179 γεωργικὴ
874 1108 965 1163 καὶ
1008 1104 1366 1179 γυμναστική.
1443 1108 1534 1163 καὶ
1577 1104 1645 1178 δὴ
1688 1107 1779 1162 καὶ

164 1189 267 1263 τὴν
305 1189 593 1263 πολιτικὴν
633 1189 866 1263 σμικρόν
907 1215 959 1247 τι
999 1193 1162 1265 μέρος
1215 1190 1363 1248 εἷναί
1402 1209 1540 1263 φασι
1580 1213 1779 1248 κοινω-

167 1278 306 1333 νοῦν
327 1274 513 1348 φύσει,
546 1277 709 1348 τέχνῃ
744 1275 805 1331 δὲ
834 1275 895 1332 τὸ
926 1273 1082 1332 πολύ.
1159 1273 1304 1332 οῦτω
1337 1275 1397 1332 δὲ
1429 1277 1521 1332 καὶ
1551 1273 1652 1348 τὴν
1684 1299 1777 1333 νο-
1799 1296 1888 1337 (622)

165 1365 440 1432 μοθεσίαν
469 1363 654 1417 πᾶσαν
684 1355 749 1416 οὗ
782 1358 977 1432 φύσει,
1019 1362 1182 1433 τέχνῃ
1217 1360 1297 1432 δὲ,
1328 1351 1392 1432 ἧς
1416 1355 1519 1416 οῦκ
1549 1356 1779 1431 ἀληθεῖς

102 1469 143 1502 15
167 1444 309 1501 εἶναι
338 1468 433 1510 τας
463 1445 666 1510 θέσεις.

293 1531 341 1585 5.
387 1531 519 1594 Πως
550 1529 754 1600 λεγεις;

296 1611 487 1684 Θεοῦς,
541 1636 584 1668 ω
636 1634 888 1686 μακαριε,
941 1633 1163 1686 πρωτον
1216 1610 1365 1670 εἶναί
1411 1629 1585 1684 φασιν
1628 1603 1778 1668 οὗτοι

165 1698 358 1771 τέχνῃ,
402 1693 469 1752 οὐ
511 1695 698 1769 φύσει,
730 1691 869 1752 ἄλλα
899 1714 1008 1753 τισι
1048 1694 1263 1769 νόμοις,
1297 1697 1390 1752 καὶ
1419 1694 1649 1762 τούτους
1680 1692 1779 1752 αλ-

166 1787 296 1847 λους
326 1778 493 1855 ἄλλῃ,
533 1778 640 1853 ὅπη
682 1783 900 1837 ἕκαστοι
931 1782 1148 1847 ἑαυτοῖς
1179 1778 1654 1853 συνωμολόγησαν
1684 1804 1778 1837 νο-

102 1891 144 1925 20
164 1864 581 1938 μοθετούμενοι.
658 1866 749 1921 καὶ
794 1862 862 1936 δὴ
901 1866 994 1921 καὶ
1034 1865 1101 1922 τὰ
1139 1862 1279 1922 καλοὶ
1310 1863 1479 1938 φύσει
1508 1864 1611 1937 μὲν
1641 1861 1778 1921 ἄλλα

169 1948 330 2022 εἶναι,
371 1947 522 2026 νόμω
566 1950 625 2006 δὲ
670 1952 854 2022 ἕτερα·
921 1949 988 2005 τὰ
1030 1950 1092 2006 δὲ
1126 1947 1195 2021 δὴ
1237 1955 1424 2006 δίκαια
1465 1945 1593 2006 οὐδ’
1637 1949 1779 2006 εἶναι

166 2031 226 2090 τὸ
265 2031 529 2107 παράπαν
567 2031 763 2107 φύσει,
807 2031 929 2090 ἀλλ’
975 2031 1460 2107 ἀμφισβητοῦντας
1502 2038 1780 2090 διατελεῖν

165 2115 420 2190 ἀλλήλοις
479 2120 573 2175 καὶ
618 2118 1084 2191 μετατιθεμένους
1137 2114 1222 2174 ἀεὶ
1273 2121 1472 2174 ταῦτα·
1542 2141 1577 2172 α
1610 2114 1664 2172 δ’
1709 2113 1780 2173 ἂν

166 2201 519 2274 μεταθωνται
552 2204 644 2258 καὶ
667 2225 820 2273 οταν,
846 2199 968 2258 τότε
992 2199 1157 2274 κύρια
1181 2204 1383 2257 ε’καστα
1408 2201 1569 2272 εἶναι,
1593 2198 1777 2272 γιγνό-
1803 2223 1824 2254 b

103 2308 145 2340 25
168 2309 307 2357 μενα
347 2288 511 2359 τέχνῃ
551 2287 644 2342 καὶ
683 2284 891 2358 νόμοις,
934 2281 1056 2341 ἀλλ’
1103 2282 1169 2341 οὐ
1213 2283 1285 2355 δή
1314 2308 1423 2341 τινι
1453 2283 1634 2357 φύσει.
1687 2304 1691 2307 ·
1726 2289 1773 2340 6.

166 2364 323 2425 ταῦτ’
366 2371 534 2441 ἐστὶν,
578 2361 619 2424 ὠ
661 2374 842 2441 φίλοι,
883 2391 1101 2426 απαντα
1140 2366 1367 2441 ἀνδρων
1407 2374 1599 2441 σοφῶν
1629 2390 1778 2440 παρα

167 2454 311 2519 νέοις
352 2450 699 2526 ἀνθρώποις,
747 2456 984 2511 ἰδιωτων
1023 2477 1081 2510 τε
1111 2454 1203 2510 καὶ
1234 2475 1496 2525 ποιητων,
1530 2451 1779 2525 φασκόν-

166 2560 279 2593 των
309 2535 454 2594 εἷναι
483 2534 543 2593 τὸ
586 2535 956 2609 δικαιότατον,
1000 2534 1029 2594 ὅ
1068 2561 1119 2594 τι
1158 2561 1238 2604 τις
1268 2533 1339 2594 ἂν
1367 2540 1497 2612 νικᾷ
1525 2535 1778 2609 βιαζόμε-

110 2663 116 2668 -
167 2644 277 2687 νος.
339 2617 478 2678 ὅθεν
508 2619 763 2692 ἀσέβειαί
786 2644 845 2677 τε
876 2619 1198 2696 ἀνθρώποις
1223 2624 1590 2695 ἐμπίπτουσιν
1611 2623 1775 2693 νέοις,

105 2727 147 2760 30
172 2702 244 2771 ὥς
285 2702 388 2762 οὐκ
427 2703 605 2763 ὄντων
645 2709 798 2762 θεῶν
834 2710 985 2772 οἴους
1024 2704 1052 2763 ὁ
1093 2704 1257 2778 νόμος
1296 2703 1619 2779 προστάττει
1662 2710 1777 2761 δια-

171 2798 424 2846 νοεῖσθαι
467 2794 615 2860 δεῖν,
655 2788 874 2858 στάσεις
902 2813 962 2846 τε
995 2789 1085 2847 διὰ
1114 2794 1306 2863 ταῦτα,
1339 2787 1613 2847 ἑλκόντων
1643 2788 1779 2860 πρὸς

168 2871 266 2930 τὸν
294 2870 430 2930 κατὰ
460 2871 633 2945 φύσιν
662 2871 842 2947 ὀρθὸν
871 2879 1016 2946 βίον,
1047 2871 1106 2940 ὅς
1140 2876 1251 2930 ἐστι
1280 2878 1346 2948 τῇ
1378 2870 1617 2948 ἀληθείᾳ
1647 2896 1776 2944 κρα-
1794 2893 1889 2937 [365]
