2014 3146
586 114 800 159 PRAEP.
831 113 1052 156 EVANG.
1085 115 1184 157 xv.
1215 114 1397 159 47—50.
1689 113 1790 165 407

181 242 386 292 XLVlII.
501 227 532 251 “
550 230 745 289 Πόθεν
776 238 1103 304 φωτίζονται
1134 237 1192 289 οἱ
1223 229 1464 305 ἀστέρες.

311 342 690 418 Μητρόδωρος
721 343 967 410 ἅπαντας
990 342 1118 410 τοὺς
1143 342 1405 411 ἀπλανεῖς
1429 343 1660 416 ἀστέρας
1684 339 1794 400 ὑπὸ

182 432 283 486 τοῦ
311 425 474 501 ἡλίου
507 427 982 501 καταλαμπεσθαι.

309 518 356 569 2.
399 511 750 586 Ηράκλειτος
791 515 883 569 καὶ
925 518 982 570 oc
1018 515 1259 570 Στωϊκοὶ
1311 514 1616 587 τρέφεσθαι
1665 536 1794 578 τους

139 620 160 652 5
184 595 415 670 ἀστέρας
449 601 507 653 ἐκ
537 601 633 669 τῆς
666 601 912 669 ἐπιγείου
943 595 1388 670 ἄναθυμιασεως.

308 686 355 738 3.
400 680 775 756 Ἀριστοτέλης
820 679 893 754 μὴ
938 686 1164 738 δεῖσθαι
1193 677 1528 754 τάοὐροὲνια
1557 684 1791 755 τροφῆς“

181 762 248 823 οὐ
277 763 382 839 γαρ
413 763 658 839 φθαρτοὶ,
691 762 812 821 ἀλλ’
849 762 1014 822 ἀΐδια.

1823 250 1841 281 b

306 853 355 904 4.
403 848 642 907 Πλάτων
672 853 868 914 κοινῶς
899 849 997 906 τὸν
1027 847 1234 922 κόσμον
1256 846 1387 906 ὅλον
1412 851 1502 905 καὶ
1526 848 1592 905 τὰ
1618 847 1792 921 ἄστρα
1815 879 1832 901 c

183 937 235 1001 ε”ξ
268 931 444 990 αὐτοῦ
471 929 832 1008 τρέφεσθαι.”

116 1109 158 1142 10
180 1099 343 1148 XLIX.
430 1083 612 1162 “Περὶ
643 1090 756 1144 τῶν
785 1089 1145 1160 καλουμένων
1176 1085 1553 1162 Διοσκούρων.

307 1198 629 1272 Ξενοφάνης
672 1197 799 1266 τούς
850 1201 937 1256 ἐπὶ
989 1202 1102 1256 τῶν
1156 1207 1368 1256 πλοίων
1419 1201 1792 1272 φαινομένους

178 1281 298 1341 οἷον
337 1281 567 1358 ἀστέρας
607 1285 837 1356 νεφέλια
881 1284 1022 1341 εἶναι
1064 1282 1201 1340 κατὰ
1231 1282 1333 1356 τὴν
1363 1283 1530 1341 ποιὰν
1570 1290 1791 1357 κίνησιν

180 1367 632 1441 παραλάμποντα.

305 1457 353 1510 2.
398 1451 780 1526 ιΜητρόδωρος
819 1457 933 1509 τῶν
981 1450 1246 1526 ὁρώντων
1296 1450 1608 1524 ὀφθαλμῶν
1657 1451 1791 1526 μετὰ

116 1556 158 1589 15
184 1538 342 1602 δέους
373 1538 464 1593 καὶ
496 1535 880 1608 καταπλήξεως
915 1536 1057 1594 εἶναι
1090 1534 1511 1610 στιλβηδόνας.”

180 1703 233 1751 L.
624 1688 808 1766 “Περὶ
834 1693 1127 1759 ἐκλείψεως
1159 1687 1335 1763 ἡλίου.

305 1806 488 1876 Θαλῆς
519 1808 733 1878 πρῶτος
759 1809 864 1876 ἔφη
894 1806 1172 1861 ἐκλείπειν
1201 1803 1298 1860 τὸν
1329 1801 1486 1876 ἥλιον
1507 1809 1602 1876 τῆς
1634 1803 1791 1875 σελή-

174 1911 275 1960 νης
306 1884 477 1945 αυτὸν
515 1883 893 1961 υπερχομένης
934 1911 1071 1945 κατα
1102 1886 1371 1960 καθετον,
1414 1885 1581 1960 οὔσης
1625 1887 1791 1960 φύσει

178 1971 449 2043 γεώδους·
507 1974 814 2044 βλέπεσθαι
858 1973 919 2029 δε
967 1975 1129 2030 τοῦτο
1173 1995 1549 2046 κατοπτρικως
1591 1994 1786 2029 υποτι-

116 2083 161 2115 20
182 2059 431 2128 θεμένην
460 2061 536 2132 τῷ
570 2061 759 2132 δίσκῳ.

304 2145 353 2197 2.
381 2139 811 2212 Ἀναξίμανδρος
849 2142 949 2196 τοῦ
979 2147 1207 2212 στομίου
1237 2144 1332 2212 τῆς
1362 2143 1464 2219 τοᾷ
1498 2138 1671 2213 πυρὸς
1705 2145 1791 2196 δι-

180 2226 413 2294 εκπνοῆς
443 2220 890 2296 ἀποκλειομένου.

303 2312 351 2364 3.
388 2305 737 2380 εΗροὲκλειτος
777 2305 914 2364 κατὰ
953 2305 1054 2380 τὴν
1095 2311 1192 2364 τοῦ
1234 2312 1601 2380 σκαφοειδοῦς
1633 2326 1899 2380 προ-[494]

178 2390 310 2464 φὴν,
345 2390 483 2448 ὥστε
512 2391 572 2447 τὸ
594 2392 695 2464 μὲν
727 2399 915 2449 κοῖλον
944 2389 1059 2448 ἄνω
1092 2397 1368 2465 γίνεσθαι,
1399 2390 1458 2449 τὸ
1493 2392 1553 2448 δὲ
1584 2391 1790 2467 κυρτὸν

114 2503 159 2535 25
183 2474 328 2532 κάτω
360 2475 495 2547 πρὸς
526 2473 628 2546 τὴν
656 2473 921 2549 ἡμετέραν
957 2474 1102 2545 ὄψιν.

306 2564 354 2616 4.
388 2557 711 2631 Ξενοφάνης
737 2557 873 2616 κατὰ
897 2562 1111 2632 σβέσιν·
1161 2563 1349 2634 ἕτερον
1378 2561 1439 2617 δὲ
1462 2559 1630 2619 πάλιν
1653 2560 1788 2631 πρὸς

179 2657 297 2715 ταῖς
328 2642 622 2709 ἀνατολαῖς
652 2649 961 2716 γίγνεσθαι.
1015 2644 1384 2719 παριστόρηκε
1412 2646 1472 2702 δὲ
1497 2647 1588 2702 καὶ
1613 2651 1786 2702 ἔκλει-
1811 2667 1898 2707 (843)

297 2867 346 2906 16
380 2863 499 2918 Περὶ
523 2860 779 2917 ἐκλείψεως
800 2858 955 2918 ἡλίου]
989 2865 1224 2908 Plutarch.
1249 2880 1291 2918 p.
1314 2868 1396 2908 890
1417 2866 1446 2905 f.
