2014 3146
612 126 823 169 PRAEP.
854 127 1074 168 EVANG.
1107 127 1236 168 XIII.
1268 130 1308 170 3.
1671 126 1770 177 173

163 241 265 300 ὅσα
291 245 533 315 ἐποίησε,
559 243 650 299 καὶ
678 241 802 299 ἰδοὺ
827 242 966 299 καλὰ
986 239 1173 299 λιάν.”
1219 240 1394 316 δόγμα
1417 240 1469 298 δ’
1497 240 1770 316 Ἑβραίων

166 329 278 384 ἐστὶ
309 329 400 383 καὶ
430 325 491 383 τὸ
521 325 594 399 μὴ
629 326 770 383 εἶναι
799 326 896 384 τὸν
925 324 1065 385 θεὸν
1095 330 1280 384 κακῶν
1321 335 1524 398 αἴτιον,
1560 333 1611 384 ει’
1640 327 1709 399 δὴ
1741 322 1768 383 ὁ

163 409 296 477 θεὸς
326 410 577 468 θάνατον
607 408 709 468 οὐκ
741 415 1017 483 ἐποίησεν,
1049 408 1182 468 οὐδὲ
1206 413 1461 483 τέρπεται
1494 410 1576 467 ἐπ’
1615 409 1788 474 ‹J’cntcso-⁴

165 503 286 571 λεία
317 494 536 564 ζώντων
557 510 567 519 “
602 502 780 552 ἔκτισε
810 494 915 568 γὰρ
948 503 1025 561 είς
1055 494 1114 552 τὸ
1147 496 1290 552 εἶναι
1321 496 1385 551 τὰ
1428 494 1635 566 πάντα,
1679 497 1770 552 καὶ

119 603 143 636 5
167 578 426 653 σωτήριοι
457 584 517 636 αἱ
543 583 786 652 γενέσεις
815 584 913 636 τοῦ
945 579 1178 652 κόσμου·
1214 576 1451 655 “φθόνω
1487 580 1546 636 δὲ
1581 578 1771 651 διαβό-
1797 600 1819 632 «1

166 673 266 721 λου
304 663 547 731 θάνατος
590 669 852 736 εἰσῆλθεν
885 670 960 731 είς
991 663 1087 721 τὸν
1117 662 1380 735 κόσμον.”
1442 668 1526 720 39.
1562 662 1647 720 διὸ
1680 666 1771 720 καὶ

165 747 314 822 παρὰ
354 752 430 825 τῷ
474 747 728 822 προφήτῃ
777 753 1022 820 εἰσῆκται
1067 750 1245 819 λέγων
1288 746 1478 813 ὁθεός
1510 748 1644 819 πρὸς
1675 747 1772 805 τὸν

168 837 220 900 ἐξ
251 839 458 898 οἰκείας
489 835 858 906 προαιρέσεως
890 831 1060 890 κακὸν
1089 835 1476 904 γεγενημένον.
1531 829 1677 903 “ἐγώ
1711 833 1772 888 δὲ

168 915 443 990 ἐφύτευσα
473 934 535 973 σε
565 915 810 990 ἄμπελον
852 916 1209 990 καρποφόρον
1248 921 1433 974 πᾶσαν
1465 913 1771 988 ἀληθινήν·

103 1026 143 1056 10
167 1007 281 1067 πῶς
314 1000 589 1074 ἐστραφης
621 1008 698 1067 εἰς
728 1000 792 1058 τὰ
821 999 999 1059 ὀπίσω
1040 999 1070 1073 ἡ
1102 999 1342 1074 ἄμπελος
1371 998 1405 1074 ἡ
1447 997 1770 1075 ἀλλοτρία;”

168 1091 217 1143 εἰ
249 1088 314 1142 δέ
352 1109 460 1143 που
501 1089 712 1158 λέγοιτο
754 1084 894 1143 κακοὶ
935 1101 1048 1152 τοῖς
1093 1084 1326 1157 φαύλοις
1360 1089 1418 1142 ἐκ
1463 1089 1602 1143 θεοῦ
1633 1104 1774 1158 συμ-

166 1176 411 1243 βαίνειν,
467 1169 771 1243 ὁμωνύμως
815 1169 1144 1242 ἆκουστέον,
1208 1169 1281 1236 ὡς
1336 1175 1448 1228 τῶν
1492 1174 1774 1243 τιμωριῶν

166 1252 310 1312 οῦτω
343 1262 715 1328 κεκλημένων,
747 1253 810 1321 ἃς
840 1252 1050 1328 ἀγαθὸς
1073 1251 1151 1311 ὢν
1182 1253 1208 1311 ὁ
1233 1254 1364 1320 θεὸς
1388 1253 1491 1312 οὐκ
1518 1258 1606 1312 ἐπὶ
1637 1253 1776 1327 βλα-

167 1346 239 1414 βῃ
270 1343 382 1396 τῶν
413 1330 870 1413 τιμωρουμένων,
917 1337 1005 1396 ἐπ’
1053 1338 1294 1414 ὠφελείᾳ
1334 1340 1396 1396 δὲ
1436 1341 1527 1396 καὶ
1559 1341 1772 1412 συμφέ-

103 1449 143 1480 15
168 1448 320 1495 ροντι
350 1426 564 1495 λέγεται
597 1424 846 1496 ἐπάγειν·
897 1423 1082 1496 ὥσπερ
1112 1421 1182 1480 ἂν
1212 1425 1300 1480 καὶ
1330 1423 1512 1497 ἰατρὸς
1545 1425 1631 1479 ἐπὶ
1665 1443 1775 1481 σω-
1801 1441 1886 1484 (648)

165 1515 328 1584 τηρίᾳ
359 1511 470 1566 τῶν
501 1508 823 1582 καμνόντων
853 1508 994 1565 κακὰ
1016 1515 1287 1582 νομίζοιτο
1312 1510 1650 1581 προσφέρειν
1680 1507 1776 1574 τὰς

167 1590 424 1665 ἀλγεινὰς
455 1595 546 1650 καὶ
580 1593 777 1665 πικρὰς
807 1599 1126 1667 θεραπείας.
1196 1598 1279 1649 40.
1316 1590 1401 1649 διὸ
1435 1594 1526 1649 καὶ
1560 1595 1649 1649 ἐπὶ
1680 1598 1774 1664 τῆς

167 1683 327 1743 θείας
358 1682 573 1751 γραφῆς
614 1684 754 1736 ἔνθα
785 1688 994 1752 εἴρηται
1038 1676 1178 1734 κακὰ
1222 1675 1544 1751 ἀνθρώποις
1579 1676 1776 1749 ἐπάγε-

170 1772 303 1819 σθαι
343 1761 451 1818 ὑπὸ
491 1766 587 1820 τοῦ
629 1769 796 1834 θεοῦ,
840 1762 906 1819 τα
948 1761 1096 1837 παρα
1136 1766 1212 1838 τῷ
1243 1760 1504 1819 Πλάτωνι
1536 1764 1775 1833 λεκτέον,

106 1871 147 1902 20
172 1843 242 1912 ὡς
274 1845 301 1902 ὁ
333 1847 434 1918 μὲν
478 1847 608 1912 θεὸς
655 1846 840 1904 δίκαιά
886 1870 945 1903 τε
988 1849 1078 1903 καὶ
1110 1843 1297 1918 ἀγαθὰ
1338 1844 1638 1919 εἰργάζετο,
1687 1848 1778 1902 καὶ

169 1953 259 1987 οτε
298 1930 363 1987 τὰ
402 1929 713 2003 σκυθρωπα
752 1934 843 1988 καὶ
874 1929 1195 2005 ανθρώποις
1227 1955 1367 1990 κακα
1408 1933 1777 2003 νενομισμένα

168 2029 282 2080 τοῖς
313 2013 526 2073 τούτων
556 2013 777 2084 ἄξίοις’
752 2021 982 2090 επῆγεν,
1014 2019 1069 2072 οἱ
1092 2013 1199 2073 δε’
1169 2014 1382 2072 ω’ναντο
1407 2013 1774 2086 κολαζόμενοι,

171 2098 237 2156 οὐ
283 2098 454 2172 μόνον
499 2098 635 2157 κατὰ
678 2098 775 2158 τὸν
818 2099 1157 2173 φιλόσοφον,
1204 2097 1341 2155 αλλα
1388 2100 1478 2154 καὶ
1510 2096 1646 2154 κατὰ
1675 2096 1778 2169 τὴν

162 2181 436 2255 Ἑβραίων
483 2182 704 2257 γραφὴν
753 2187 1027 2255 λέγουσαν
1061 2180 1173 2240 “ὂν
1216 2182 1319 2254 γὰρ
1362 2179 1548 2255 αγαπᾷ
1589 2205 1776 2253 κυριος

112 2290 153 2323 25
175 2266 452 2323 παιδεύει
500 2281 757 2339 μαστιγοι
787 2268 844 2324 δε
877 2291 1056 2324 παντα
1099 2265 1223 2323 υιὸν
1263 2291 1328 2322 ον
1353 2268 1733 2338 παραδέχεται
1742 2263 1773 2284 ”
1806 2292 1825 2321 ι»

174 2355 258 2408 41.
294 2342 366 2416 ὦς
399 2350 449 2407 6'
486 2348 672 2408 αθλιοι
696 2375 798 2423 μεν
821 2356 878 2408 οἵ
899 2357 1061 2423 δίκην
1087 2349 1352 2422 διδόντες,
1385 2352 1454 2421 ἠν
1488 2348 1537 2406 δ’
1567 2349 1595 2406 ὃ
1631 2354 1780 2419 δρών

175 2438 344 2491 ταῦτα
374 2432 402 2491 ὁ
434 2434 595 2506 θεὸς,
640 2432 742 2492 οῦκ
775 2438 963 2492 ἐατέον
1004 2439 1186 2507 λέγειν
1226 2434 1322 2492 τὸν
1360 2432 1619 2507 ποιητὴν,
1653 2432 1772 2505 ἀλλ’

178 2525 228 2576 εἰ
265 2520 367 2592 μὲν
405 2516 486 2576 ὅτι
532 2518 846 2592 ἐδεήθησαν
888 2518 1164 2586 κολάσεως
1218 2523 1434 2591 λέγοιεν
1475 2518 1548 2586 ὡς
1593 2517 1780 2576 ἄθλιοι

176 2606 362 2676 κακοὶ,
405 2603 654 2669 διδόντες
695 2605 755 2660 δὲ
802 2609 964 2677 δίκην
995 2601 1312 2677 ὠφελοῦντο
1342 2601 1451 2661 ὑπὸ
1492 2607 1589 2660 τοῦ
1619 2607 1778 2675 θεοῦ,

113 2711 155 2743 30
181 2691 388 2746 ἐατέον·
437 2689 623 2745 κακῶν
669 2689 729 2744 δὲ
774 2697 951 2746 αι”τιον
994 2687 1166 2762 φάναι
1196 2687 1334 2746 θεόν
1363 2713 1472 2745 τινι
1504 2694 1780 2760 γίνεσθαι,

179 2770 396 2844 ἀγαθὸν
433 2770 596 2846 ὄντα,
639 2775 1002 2845 διαμαχητέον
1043 2774 1207 2830 παντὶ
1247 2771 1445 2848 τρόπῳ.
1515 2775 1598 2828 42.
1644 2768 1780 2826 ἄλλα

180 2859 272 2912 καὶ
302 2858 428 2930 περὶ
457 2860 556 2914 τοῦ
584 2857 657 2930 μὴ
689 2854 1051 2915 ἀλλοιοῦσθαι
1072 2856 1166 2914 τὸν
1179 2853 1372 2927 θεὸνὴ
1405 2853 1536 2928 παρ’
1563 2851 1778 2927 Ἑβραί-
